  <div class='ocr_page' id='page_1' title='image "/cluster/home/n/w/nwhite01/storage/ocr_20150623/99-100/uc1.31175006946845/784.png"; bbox 0 0 4400 6410; ppageno 0'>
   <div class='ocr_carea' id='block_1_1' title="bbox 303 478 2066 541">
    <p class='ocr_par' dir='ltr' id='par_1_1' title="bbox 303 478 2066 541">
     <span class='ocr_line' id='line_1_1' title="bbox 303 478 2066 541; baseline 0.001 -4"><span class='ocrx_word' id='word_1_1' title='bbox 303 484 371 538; x_wconf 72' lang='lat'><strong>73</strong></span> <span class='ocrx_word' id='word_1_2' title='bbox 1692 478 2066 541; x_wconf 64' lang='lat' dir='ltr'><strong>EPlSTOLE.</strong></span> 
     </span>
    </p>
   </div>
   <div class='ocr_carea' id='block_1_2' title="bbox 3375 483 3482 539">
    <p class='ocr_par' dir='ltr' id='par_1_2' title="bbox 3375 483 3482 539">
     <span class='ocr_line' id='line_1_2' title="bbox 3375 483 3482 539; baseline 0.028 -3"><span class='ocrx_word' id='word_1_3' title='bbox 3375 483 3482 539; x_wconf 69' lang='grc' dir='ltr'><strong>ΞΠ</strong></span> 
     </span>
    </p>
   </div>
   <div class='ocr_carea' id='block_1_3' title="bbox 264 578 3483 667">
    <p class='ocr_par' dir='ltr' id='par_1_3' title="bbox 264 578 3483 667">
     <span class='ocr_line' id='line_1_3' title="bbox 264 578 3483 667; baseline -0.001 -14"><span class='ocrx_word' id='word_1_4' title='bbox 264 600 412 653; x_wconf 89' lang='lat' dir='ltr'><strong>ciunt</strong></span> <span class='ocrx_word' id='word_1_5' title='bbox 452 595 641 665; x_wconf 84' lang='lat' dir='ltr'><strong>viginti</strong></span> <span class='ocrx_word' id='word_1_6' title='bbox 691 601 951 664; x_wconf 87' lang='lat' dir='ltr'><strong>quatuor,</strong></span> <span class='ocrx_word' id='word_1_7' title='bbox 1005 592 1136 665; x_wconf 78' lang='lat' dir='ltr'><strong>quot</strong></span> <span class='ocrx_word' id='word_1_8' title='bbox 1167 602 1291 651; x_wconf 88' lang='lat' dir='ltr'><strong>sunt</strong></span> <span class='ocrx_word' id='word_1_9' title='bbox 1340 599 1486 652; x_wconf 79' lang='lat' dir='ltr'><strong>hora:</strong></span> <span class='ocrx_word' id='word_1_10' title='bbox 1533 598 1691 651; x_wconf 86' lang='lat' dir='ltr'><strong>unius</strong></span> <span class='ocrx_word' id='word_1_11' title='bbox 1729 583 1834 648; x_wconf 81' lang='lat' dir='ltr'><strong>diei</strong></span> <span class='ocrx_word' id='word_1_12' title='bbox 1863 598 1912 654; x_wconf 77' lang='grc' dir='ltr'><strong>Δ</strong></span> <span class='ocrx_word' id='word_1_13' title='bbox 1937 603 2073 658; x_wconf 87' lang='lat' dir='ltr'><strong>ctus,</strong></span> <span class='ocrx_word' id='word_1_14' title='bbox 2102 597 2280 662; x_wconf 79' lang='lat' dir='ltr'><strong>cujus,</strong></span> <span class='ocrx_word' id='word_1_15' title='bbox 2327 606 2542 667; x_wconf 77' lang='lat' dir='ltr'><strong>propter</strong></span> <span class='ocrx_word' id='word_1_16' title='bbox 2570 597 2947 658; x_wconf 84' lang='lat' dir='ltr'><strong>curiositatem,</strong></span> <span class='ocrx_word' id='word_1_17' title='bbox 2979 611 3097 649; x_wconf 91' lang='lat' dir='ltr'><strong>cum</strong></span> <span class='ocrx_word' id='word_1_18' title='bbox 3124 578 3322 664; x_wconf 74' lang='lat' dir='ltr'><strong>paucas</strong></span> <span class='ocrx_word' id='word_1_19' title='bbox 3341 598 3483 666; x_wconf 85' lang='lat' dir='ltr'><strong>pagi-</strong></span> 
     </span>
    </p>
   </div>
   <div class='ocr_carea' id='block_1_4' title="bbox 266 681 1828 756">
    <p class='ocr_par' dir='ltr' id='par_1_4' title="bbox 266 681 1828 756">
     <span class='ocr_line' id='line_1_4' title="bbox 266 681 1828 756; baseline -0.001 -18"><span class='ocrx_word' id='word_1_20' title='bbox 266 682 483 754; x_wconf 56' lang='lat' dir='ltr'><strong>[Sappls</strong></span> <span class='ocrx_word' id='word_1_21' title='bbox 507 681 641 756; x_wconf 86' lang='lat' dir='ltr'><strong>qui].</strong></span> <span class='ocrx_word' id='word_1_22' title='bbox 670 683 773 737; x_wconf 84' lang='lat' dir='ltr'><strong>Per</strong></span> <span class='ocrx_word' id='word_1_23' title='bbox 797 684 1206 755; x_wconf 83' lang='lat' dir='ltr'><strong>quadriennium</strong></span> <span class='ocrx_word' id='word_1_24' title='bbox 1233 686 1508 748; x_wconf 78' lang='lat' dir='ltr'><strong>accrescit,</strong></span> <span class='ocrx_word' id='word_1_25' title='bbox 1536 694 1596 741; x_wconf 85' lang='lat' dir='ltr'><strong>ut</strong></span> <span class='ocrx_word' id='word_1_26' title='bbox 1623 686 1828 740; x_wconf 74' lang='lat' dir='ltr'><strong>bissex-</strong></span> 
     </span>
    </p>
   </div>
   <div class='ocr_carea' id='block_1_5' title="bbox 266 770 1823 844">
    <p class='ocr_par' dir='ltr' id='par_1_5' title="bbox 266 770 1823 844">
     <span class='ocr_line' id='line_1_5' title="bbox 266 770 1823 844; baseline 0.001 -19"><span class='ocrx_word' id='word_1_27' title='bbox 266 781 349 826; x_wconf 88' lang='lat' dir='ltr'><strong>tus</strong></span> <span class='ocrx_word' id='word_1_28' title='bbox 384 770 498 826; x_wconf 84' lang='lat' dir='ltr'><strong>fieri</strong></span> <span class='ocrx_word' id='word_1_29' title='bbox 538 773 725 842; x_wconf 87' lang='lat' dir='ltr'><strong>possit.</strong></span> <span class='ocrx_word' id='word_1_30' title='bbox 777 772 844 827; x_wconf 80' lang='lat' dir='ltr'><strong>Et</strong></span> <span class='ocrx_word' id='word_1_31' title='bbox 879 772 1012 827; x_wconf 79' lang='lat' dir='ltr'><strong>fiunt</strong></span> <span class='ocrx_word' id='word_1_32' title='bbox 1041 774 1095 827; x_wconf 92' lang='lat' dir='ltr'><strong>in</strong></span> <span class='ocrx_word' id='word_1_33' title='bbox 1135 782 1328 844; x_wconf 89' lang='lat' dir='ltr'><strong>quarto</strong></span> <span class='ocrx_word' id='word_1_34' title='bbox 1372 781 1513 830; x_wconf 72' lang='lat' dir='ltr'><strong>anno&quot;</strong></span> <span class='ocrx_word' id='word_1_35' title='bbox 1553 774 1656 831; x_wconf 75' lang='lat'><strong>366</strong></span> <span class='ocrx_word' id='word_1_36' title='bbox 1692 776 1823 830; x_wconf 78' lang='lat' dir='ltr'><strong>dics.</strong></span> 
     </span>
    </p>
   </div>
   <div class='ocr_carea' id='block_1_6' title="bbox 263 861 1824 929">
    <p class='ocr_par' dir='ltr' id='par_1_6' title="bbox 263 861 1824 929">
     <span class='ocr_line' id='line_1_6' title="bbox 263 861 1824 929; baseline 0.001 -14"><span class='ocrx_word' id='word_1_37' title='bbox 263 861 364 929; x_wconf 84' lang='lat' dir='ltr'><strong>Qui</strong></span> <span class='ocrx_word' id='word_1_38' title='bbox 394 862 638 917; x_wconf 83' lang='lat' dir='ltr'><strong>senarius</strong></span> <span class='ocrx_word' id='word_1_39' title='bbox 668 863 1173 916; x_wconf 63' lang='lat' dir='ltr'><strong>numerus&#39;multum</strong></span> <span class='ocrx_word' id='word_1_40' title='bbox 1198 865 1341 917; x_wconf 88' lang='lat' dir='ltr'><strong>valet</strong></span> <span class='ocrx_word' id='word_1_41' title='bbox 1376 865 1428 918; x_wconf 90' lang='lat' dir='ltr'><strong>in</strong></span> <span class='ocrx_word' id='word_1_42' title='bbox 1458 865 1657 919; x_wconf 85' lang='lat' dir='ltr'><strong>circulo</strong></span> <span class='ocrx_word' id='word_1_43' title='bbox 1680 865 1824 918; x_wconf 91' lang='lat' dir='ltr'><strong>anni.</strong></span> 
     </span>
    </p>
   </div>
   <div class='ocr_carea' id='block_1_7' title="bbox 263 951 1826 1024">
    <p class='ocr_par' dir='ltr' id='par_1_7' title="bbox 263 951 1826 1024">
     <span class='ocr_line' id='line_1_7' title="bbox 263 951 1826 1024; baseline 0.001 -18"><span class='ocrx_word' id='word_1_44' title='bbox 263 951 395 1006; x_wconf 74' lang='lat' dir='ltr'><strong>Nam</strong></span> <span class='ocrx_word' id='word_1_45' title='bbox 413 952 518 1007; x_wconf 80' lang='lat'><strong>560</strong></span> <span class='ocrx_word' id='word_1_46' title='bbox 545 951 679 1007; x_wconf 84' lang='lat' dir='ltr'><strong>ﬂunt</strong></span> <span class='ocrx_word' id='word_1_47' title='bbox 721 952 843 1023; x_wconf 66' lang='grc' dir='ltr'><strong>[Ρη</strong></span> <span class='ocrx_word' id='word_1_48' title='bbox 878 953 1010 1007; x_wconf 84' lang='lat' dir='ltr'><strong>fiunt</strong></span> <span class='ocrx_word' id='word_1_49' title='bbox 1037 952 1128 1024; x_wconf 75' lang='lat' dir='ltr'><strong>ex]</strong></span> <span class='ocrx_word' id='word_1_50' title='bbox 1161 955 1337 1008; x_wconf 79' lang='lat' dir='ltr'><strong>sexies</strong></span> <span class='ocrx_word' id='word_1_51' title='bbox 1381 955 1679 1024; x_wconf 75' lang='lat' dir='ltr'><strong>sexaginta.</strong></span> <span class='ocrx_word' id='word_1_52' title='bbox 1725 954 1826 1019; x_wconf 84' lang='lat' dir='ltr'><strong>Qui</strong></span> 
     </span>
    </p>
   </div>
   <div class='ocr_carea' id='block_1_8' title="bbox 262 1041 1827 1113">
    <p class='ocr_par' dir='ltr' id='par_1_8' title="bbox 262 1041 1827 1113">
     <span class='ocr_line' id='line_1_8' title="bbox 262 1041 1827 1113; baseline 0.002 -17"><span class='ocrx_word' id='word_1_53' title='bbox 262 1041 662 1111; x_wconf 75' lang='lat' dir='ltr'><strong>sexagenarius,</strong></span> <span class='ocrx_word' id='word_1_54' title='bbox 692 1043 734 1096; x_wconf 87' lang='lat' dir='ltr'><strong>si</strong></span> <span class='ocrx_word' id='word_1_55' title='bbox 755 1057 852 1110; x_wconf 91' lang='lat' dir='ltr'><strong>per</strong></span> <span class='ocrx_word' id='word_1_56' title='bbox 877 1043 1151 1096; x_wconf 83' lang='lat' dir='ltr'><strong>denarium</strong></span> <span class='ocrx_word' id='word_1_57' title='bbox 1173 1044 1425 1113; x_wconf 74' lang='lat' dir='ltr'><strong>partitur,</strong></span> <span class='ocrx_word' id='word_1_58' title='bbox 1450 1045 1689 1099; x_wconf 81' lang='lat' dir='ltr'><strong>invenies</strong></span> <span class='ocrx_word' id='word_1_59' title='bbox 1710 1060 1827 1099; x_wconf 79' lang='lat' dir='ltr'><strong>sex-</strong></span> 
     </span>
    </p>
   </div>
   <div class='ocr_carea' id='block_1_9' title="bbox 261 1131 1821 1204">
    <p class='ocr_par' dir='ltr' id='par_1_9' title="bbox 261 1131 1821 1204">
     <span class='ocr_line' id='line_1_9' title="bbox 261 1131 1821 1204; baseline 0.004 -20"><span class='ocrx_word' id='word_1_60' title='bbox 261 1131 569 1200; x_wconf 83' lang='lat' dir='ltr'><strong>agenarium</strong></span> <span class='ocrx_word' id='word_1_61' title='bbox 614 1147 892 1186; x_wconf 84' lang='lat' dir='ltr'><strong>numerum</strong></span> <span class='ocrx_word' id='word_1_62' title='bbox 918 1148 1017 1202; x_wconf 88' lang='lat' dir='ltr'><strong>per</strong></span> <span class='ocrx_word' id='word_1_63' title='bbox 1044 1133 1325 1188; x_wconf 79' lang='lat' dir='ltr'><strong>denarium</strong></span> <span class='ocrx_word' id='word_1_64' title='bbox 1355 1150 1474 1189; x_wconf 88' lang='lat' dir='ltr'><strong>esse</strong></span> <span class='ocrx_word' id='word_1_65' title='bbox 1509 1134 1821 1204; x_wconf 86' lang='lat' dir='ltr'><strong>perfectum,</strong></span> 
     </span>
    </p>
   </div>
   <div class='ocr_carea' id='block_1_10' title="bbox 261 1221 1822 1290">
    <p class='ocr_par' dir='ltr' id='par_1_10' title="bbox 261 1221 1822 1290">
     <span class='ocr_line' id='line_1_10' title="bbox 261 1221 1822 1290; baseline 0.003 -15"><span class='ocrx_word' id='word_1_66' title='bbox 261 1221 398 1275; x_wconf 86' lang='lat' dir='ltr'><strong>sicut</strong></span> <span class='ocrx_word' id='word_1_67' title='bbox 424 1221 669 1275; x_wconf 86' lang='lat' dir='ltr'><strong>senarius</strong></span> <span class='ocrx_word' id='word_1_68' title='bbox 693 1237 788 1290; x_wconf 92' lang='lat' dir='ltr'><strong>per</strong></span> <span class='ocrx_word' id='word_1_69' title='bbox 811 1223 1093 1276; x_wconf 89' lang='lat' dir='ltr'><strong>unitatem.</strong></span> <span class='ocrx_word' id='word_1_70' title='bbox 1122 1224 1257 1278; x_wconf 83' lang='lat' dir='ltr'><strong>Nam</strong></span> <span class='ocrx_word' id='word_1_71' title='bbox 1283 1240 1466 1290; x_wconf 88' lang='lat' dir='ltr'><strong>unum,</strong></span> <span class='ocrx_word' id='word_1_72' title='bbox 1492 1225 1596 1280; x_wconf 92' lang='lat' dir='ltr'><strong>duo</strong></span> <span class='ocrx_word' id='word_1_73' title='bbox 1618 1234 1672 1279; x_wconf 89' lang='lat' dir='ltr'><strong>et</strong></span> <span class='ocrx_word' id='word_1_74' title='bbox 1697 1234 1822 1290; x_wconf 86' lang='lat' dir='ltr'><strong>tres,</strong></span> 
     </span>
    </p>
   </div>
   <div class='ocr_carea' id='block_1_11' title="bbox 260 1306 1827 1382">
    <p class='ocr_par' dir='ltr' id='par_1_11' title="bbox 260 1306 1827 1382">
     <span class='ocr_line' id='line_1_11' title="bbox 260 1306 1827 1382; baseline 0.004 -19"><span class='ocrx_word' id='word_1_75' title='bbox 260 1323 355 1363; x_wconf 73' lang='lat' dir='ltr'><strong>sex</strong></span> <span class='ocrx_word' id='word_1_76' title='bbox 402 1306 623 1362; x_wconf 89' lang='lat' dir='ltr'><strong>faciunt.</strong></span> <span class='ocrx_word' id='word_1_77' title='bbox 664 1309 730 1363; x_wconf 84' lang='lat' dir='ltr'><strong>Et</strong></span> <span class='ocrx_word' id='word_1_78' title='bbox 772 1317 856 1363; x_wconf 89' lang='lat' dir='ltr'><strong>est</strong></span> <span class='ocrx_word' id='word_1_79' title='bbox 894 1310 1165 1378; x_wconf 84' lang='lat' dir='ltr'><strong>perfectus</strong></span> <span class='ocrx_word' id='word_1_80' title='bbox 1207 1328 1463 1368; x_wconf 87' lang='lat' dir='ltr'><strong>numerus</strong></span> <span class='ocrx_word' id='word_1_81' title='bbox 1496 1315 1547 1367; x_wconf 92' lang='lat' dir='ltr'><strong>in</strong></span> <span class='ocrx_word' id='word_1_82' title='bbox 1583 1315 1827 1382; x_wconf 90' lang='lat' dir='ltr'><strong>partibus</strong></span> 
     </span>
    </p>
   </div>
   <div class='ocr_carea' id='block_1_12' title="bbox 258 1397 1822 1474">
    <p class='ocr_par' dir='ltr' id='par_1_12' title="bbox 258 1397 1822 1474">
     <span class='ocr_line' id='line_1_12' title="bbox 258 1397 1822 1474; baseline 0.006 -24"><span class='ocrx_word' id='word_1_83' title='bbox 258 1398 390 1451; x_wconf 86' lang='lat' dir='ltr'><strong>suis.</strong></span> <span class='ocrx_word' id='word_1_84' title='bbox 426 1397 504 1474; x_wconf 88' lang='lat' dir='ltr'><strong>lta</strong></span> <span class='ocrx_word' id='word_1_85' title='bbox 529 1401 908 1467; x_wconf 77' lang='lat' dir='ltr'><strong>sexagenarius</strong></span> <span class='ocrx_word' id='word_1_86' title='bbox 930 1403 1217 1470; x_wconf 89' lang='lat' dir='ltr'><strong>quamdam</strong></span> <span class='ocrx_word' id='word_1_87' title='bbox 1240 1402 1620 1471; x_wconf 80' lang='lat' dir='ltr'><strong>perfectionem</strong></span> <span class='ocrx_word' id='word_1_88' title='bbox 1645 1405 1822 1470; x_wconf 86' lang='lat' dir='ltr'><strong>habet,</strong></span> 
     </span>
    </p>
   </div>
   <div class='ocr_carea' id='block_1_13' title="bbox 257 1488 1826 1559">
    <p class='ocr_par' dir='ltr' id='par_1_13' title="bbox 257 1488 1826 1559">
     <span class='ocr_line' id='line_1_13' title="bbox 257 1488 1826 1559; baseline 0.004 -18"><span class='ocrx_word' id='word_1_89' title='bbox 257 1488 302 1541; x_wconf 79' lang='lat' dir='ltr'><strong>ei</strong></span> <span class='ocrx_word' id='word_1_90' title='bbox 332 1488 563 1559; x_wconf 85' lang='lat' dir='ltr'><strong>partitur</strong></span> <span class='ocrx_word' id='word_1_91' title='bbox 585 1504 682 1558; x_wconf 91' lang='lat' dir='ltr'><strong>per</strong></span> <span class='ocrx_word' id='word_1_92' title='bbox 711 1489 998 1550; x_wconf 46' lang='lat' dir='ltr'><strong>denarium.</strong></span> <span class='ocrx_word' id='word_1_93' title='bbox 1023 1497 1325 1545; x_wconf 86' lang='lat' dir='ltr'><strong>numerum.</strong></span> <span class='ocrx_word' id='word_1_94' title='bbox 1370 1492 1503 1547; x_wconf 85' lang='lat' dir='ltr'><strong>Nam</strong></span> <span class='ocrx_word' id='word_1_95' title='bbox 1535 1493 1698 1548; x_wconf 82' lang='lat' dir='ltr'><strong>semel</strong></span> <span class='ocrx_word' id='word_1_96' title='bbox 1736 1495 1826 1548; x_wconf 89' lang='lat' dir='ltr'><strong>de-</strong></span> 
     </span>
    </p>
   </div>
   <div class='ocr_carea' id='block_1_14' title="bbox 256 1577 1822 1651">
    <p class='ocr_par' dir='ltr' id='par_1_14' title="bbox 256 1577 1822 1651">
     <span class='ocr_line' id='line_1_14' title="bbox 256 1577 1822 1651; baseline 0.003 -20"><span class='ocrx_word' id='word_1_97' title='bbox 256 1587 466 1641; x_wconf 87' lang='lat' dir='ltr'><strong>cem,ct</strong></span> <span class='ocrx_word' id='word_1_98' title='bbox 492 1577 576 1633; x_wconf 88' lang='lat' dir='ltr'><strong>bis</strong></span> <span class='ocrx_word' id='word_1_99' title='bbox 603 1579 809 1644; x_wconf 87' lang='lat' dir='ltr'><strong>decem,</strong></span> <span class='ocrx_word' id='word_1_100' title='bbox 823 1587 877 1633; x_wconf 90' lang='lat' dir='ltr'><strong>et</strong></span> <span class='ocrx_word' id='word_1_101' title='bbox 900 1589 982 1634; x_wconf 86' lang='lat' dir='ltr'><strong>ter</strong></span> <span class='ocrx_word' id='word_1_102' title='bbox 1005 1579 1211 1645; x_wconf 87' lang='lat' dir='ltr'><strong>decem,</strong></span> <span class='ocrx_word' id='word_1_103' title='bbox 1227 1582 1498 1651; x_wconf 77' lang='lat' dir='ltr'><strong>sexaginta</strong></span> <span class='ocrx_word' id='word_1_104' title='bbox 1526 1590 1666 1636; x_wconf 90' lang='lat' dir='ltr'><strong>sunt.</strong></span> <span class='ocrx_word' id='word_1_105' title='bbox 1692 1582 1822 1636; x_wconf 78' lang='lat' dir='ltr'><strong>Nam</strong></span> 
     </span>
    </p>
   </div>
   <div class='ocr_carea' id='block_1_15' title="bbox 255 1666 1823 1742">
    <p class='ocr_par' dir='ltr' id='par_1_15' title="bbox 255 1666 1823 1742">
     <span class='ocr_line' id='line_1_15' title="bbox 255 1666 1823 1742; baseline 0.006 -25"><span class='ocrx_word' id='word_1_106' title='bbox 255 1675 518 1741; x_wconf 79' lang='lat' dir='ltr'><strong>quantum</strong></span> <span class='ocrx_word' id='word_1_107' title='bbox 542 1669 684 1722; x_wconf 88' lang='lat' dir='ltr'><strong>valet</strong></span> <span class='ocrx_word' id='word_1_108' title='bbox 713 1669 765 1722; x_wconf 91' lang='lat' dir='ltr'><strong>in</strong></span> <span class='ocrx_word' id='word_1_109' title='bbox 791 1669 966 1742; x_wconf 86' lang='lat' dir='ltr'><strong>primo</strong></span> <span class='ocrx_word' id='word_1_110' title='bbox 992 1685 1150 1723; x_wconf 87' lang='lat' dir='ltr'><strong>versu</strong></span> <span class='ocrx_word' id='word_1_111' title='bbox 1180 1666 1525 1725; x_wconf 87' lang='lat' dir='ltr'><strong>numerorum</strong></span> <span class='ocrx_word' id='word_1_112' title='bbox 1561 1673 1823 1736; x_wconf 86' lang='lat' dir='ltr'><strong>senarius,</strong></span> 
     </span>
    </p>
   </div>
   <div class='ocr_carea' id='block_1_16' title="bbox 254 1753 1826 1826">
    <p class='ocr_par' dir='ltr' id='par_1_16' title="bbox 254 1753 1826 1826">
     <span class='ocr_line' id='line_1_16' title="bbox 254 1753 1826 1826; baseline 0.004 -16"><span class='ocrx_word' id='word_1_113' title='bbox 254 1767 314 1810; x_wconf 82' lang='lat' dir='ltr'><strong>ut</strong></span> <span class='ocrx_word' id='word_1_114' title='bbox 344 1753 686 1826; x_wconf 76' lang='lat' dir='ltr'><strong>perveniatur</strong></span> <span class='ocrx_word' id='word_1_115' title='bbox 720 1760 786 1814; x_wconf 89' lang='lat' dir='ltr'><strong>ad</strong></span> <span class='ocrx_word' id='word_1_116' title='bbox 817 1759 1032 1824; x_wconf 89' lang='lat' dir='ltr'><strong>decem,</strong></span> <span class='ocrx_word' id='word_1_117' title='bbox 1073 1768 1282 1814; x_wconf 90' lang='lat' dir='ltr'><strong>tantum</strong></span> <span class='ocrx_word' id='word_1_118' title='bbox 1316 1761 1457 1815; x_wconf 88' lang='lat' dir='ltr'><strong>valet</strong></span> <span class='ocrx_word' id='word_1_119' title='bbox 1495 1762 1549 1815; x_wconf 91' lang='lat' dir='ltr'><strong>in</strong></span> <span class='ocrx_word' id='word_1_120' title='bbox 1594 1762 1826 1816; x_wconf 90' lang='lat' dir='ltr'><strong>secundo</strong></span> 
     </span>
    </p>
   </div>
   <div class='ocr_carea' id='block_1_17' title="bbox 255 1851 1822 1919">
    <p class='ocr_par' dir='ltr' id='par_1_17' title="bbox 255 1851 1822 1919">
     <span class='ocr_line' id='line_1_17' title="bbox 255 1851 1822 1919; baseline 0.004 -20"><span class='ocrx_word' id='word_1_121' title='bbox 255 1862 422 1903; x_wconf 71' lang='lat' dir='ltr'><strong>versu,</strong></span> <span class='ocrx_word' id='word_1_122' title='bbox 439 1862 786 1902; x_wconf 89' lang='lat' dir='ltr'><strong>numerorum</strong></span> <span class='ocrx_word' id='word_1_123' title='bbox 814 1851 1224 1919; x_wconf 75' lang='lat' dir='ltr'><strong>sexagenarius,</strong></span> <span class='ocrx_word' id='word_1_124' title='bbox 1271 1858 1329 1903; x_wconf 91' lang='lat' dir='ltr'><strong>ut</strong></span> <span class='ocrx_word' id='word_1_125' title='bbox 1369 1851 1713 1918; x_wconf 84' lang='lat' dir='ltr'><strong>perveniatur</strong></span> <span class='ocrx_word' id='word_1_126' title='bbox 1757 1852 1822 1905; x_wconf 89' lang='lat' dir='ltr'><strong>ad</strong></span> 
     </span>
    </p>
   </div>
   <div class='ocr_carea' id='block_1_18' title="bbox 1927 682 3481 754">
    <p class='ocr_par' dir='ltr' id='par_1_18' title="bbox 1927 682 3481 754">
     <span class='ocr_line' id='line_1_18' title="bbox 1927 682 3481 754; baseline 0.002 -18"><span class='ocrx_word' id='word_1_127' title='bbox 1927 683 2078 738; x_wconf 88' lang='lat' dir='ltr'><strong>nolas</strong></span> <span class='ocrx_word' id='word_1_128' title='bbox 2122 684 2343 752; x_wconf 88' lang='lat' dir='ltr'><strong>legendo</strong></span> <span class='ocrx_word' id='word_1_129' title='bbox 2387 687 2731 754; x_wconf 89' lang='lat' dir='ltr'><strong>percucurri,</strong></span> <span class='ocrx_word' id='word_1_130' title='bbox 2771 685 2947 749; x_wconf 81' lang='lat' dir='ltr'><strong>inveni</strong></span> <span class='ocrx_word' id='word_1_131' title='bbox 2986 682 3194 753; x_wconf 82' lang='lat' dir='ltr'><strong>pejores</strong></span> <span class='ocrx_word' id='word_1_132' title='bbox 3233 683 3481 748; x_wconf 69' lang='lat' dir='ltr'><strong>haereses,</strong></span> 
     </span>
    </p>
   </div>
   <div class='ocr_carea' id='block_1_19' title="bbox 1927 771 3488 844">
    <p class='ocr_par' dir='ltr' id='par_1_19' title="bbox 1927 771 3488 844">
     <span class='ocr_line' id='line_1_19' title="bbox 1927 771 3488 844; baseline 0.002 -18"><span class='ocrx_word' id='word_1_133' title='bbox 1927 773 2010 826; x_wconf 90' lang='lat' dir='ltr'><strong>vel</strong></span> <span class='ocrx_word' id='word_1_134' title='bbox 2036 771 2207 844; x_wconf 86' lang='lat' dir='ltr'><strong>magis</strong></span> <span class='ocrx_word' id='word_1_135' title='bbox 2241 775 2618 844; x_wconf 88' lang='lat' dir='ltr'><strong>blasphemias,</strong></span> <span class='ocrx_word' id='word_1_136' title='bbox 2662 790 2824 844; x_wconf 89' lang='lat' dir='ltr'><strong>quam</strong></span> <span class='ocrx_word' id='word_1_137' title='bbox 2866 782 2990 828; x_wconf 88' lang='lat' dir='ltr'><strong>ante</strong></span> <span class='ocrx_word' id='word_1_138' title='bbox 3036 774 3087 827; x_wconf 92' lang='lat' dir='ltr'><strong>in</strong></span> <span class='ocrx_word' id='word_1_139' title='bbox 3116 774 3234 842; x_wconf 86' lang='lat' dir='ltr'><strong>ejus</strong></span> <span class='ocrx_word' id='word_1_140' title='bbox 3274 776 3488 844; x_wconf 85' lang='lat' dir='ltr'><strong>scriptis</strong></span> 
     </span>
    </p>
   </div>
   <div class='ocr_carea' id='block_1_20' title="bbox 1925 861 3488 931">
    <p class='ocr_par' dir='ltr' id='par_1_20' title="bbox 1925 861 3488 931">
     <span class='ocr_line' id='line_1_20' title="bbox 1925 861 3488 931; baseline 0.004 -18"><span class='ocrx_word' id='word_1_141' title='bbox 1925 861 2176 931; x_wconf 78' lang='lat' dir='ltr'><strong>legerem.</strong></span> <span class='ocrx_word' id='word_1_142' title='bbox 2216 864 2476 920; x_wconf 79' lang='lat' dir='ltr'><strong>Assereus</strong></span> <span class='ocrx_word' id='word_1_143' title='bbox 2512 864 2783 919; x_wconf 87' lang='lat' dir='ltr'><strong>Christum</strong></span> <span class='ocrx_word' id='word_1_144' title='bbox 2826 862 3010 918; x_wconf 82' lang='lat' dir='ltr'><strong>Jesum</strong></span> <span class='ocrx_word' id='word_1_145' title='bbox 3051 878 3150 918; x_wconf 90' lang='lat' dir='ltr'><strong>nec</strong></span> <span class='ocrx_word' id='word_1_146' title='bbox 3190 863 3354 917; x_wconf 87' lang='lat' dir='ltr'><strong>filium</strong></span> <span class='ocrx_word' id='word_1_147' title='bbox 3391 863 3488 919; x_wconf 88' lang='lat' dir='ltr'><strong>Dei</strong></span> 
     </span>
    </p>
   </div>
   <div class='ocr_carea' id='block_1_21' title="bbox 1926 956 3488 1021">
    <p class='ocr_par' dir='ltr' id='par_1_21' title="bbox 1926 956 3488 1021">
     <span class='ocr_line' id='line_1_21' title="bbox 1926 956 3488 1021; baseline 0.003 -15"><span class='ocrx_word' id='word_1_148' title='bbox 1926 967 2044 1007; x_wconf 89' lang='lat' dir='ltr'><strong>esse</strong></span> <span class='ocrx_word' id='word_1_149' title='bbox 2069 969 2273 1018; x_wconf 91' lang='lat' dir='ltr'><strong>verum,</strong></span> <span class='ocrx_word' id='word_1_150' title='bbox 2310 972 2410 1010; x_wconf 91' lang='lat' dir='ltr'><strong>nec</strong></span> <span class='ocrx_word' id='word_1_151' title='bbox 2450 957 2609 1010; x_wconf 89' lang='lat' dir='ltr'><strong>etiam</strong></span> <span class='ocrx_word' id='word_1_152' title='bbox 2646 971 2832 1009; x_wconf 91' lang='lat' dir='ltr'><strong>verum</strong></span> <span class='ocrx_word' id='word_1_153' title='bbox 2862 956 3030 1009; x_wconf 90' lang='lat' dir='ltr'><strong>Deum</strong></span> <span class='ocrx_word' id='word_1_154' title='bbox 3059 971 3196 1021; x_wconf 87' lang='lat' dir='ltr'><strong>esse,</strong></span> <span class='ocrx_word' id='word_1_155' title='bbox 3225 956 3318 1010; x_wconf 88' lang='lat' dir='ltr'><strong>sed</strong></span> <span class='ocrx_word' id='word_1_156' title='bbox 3352 972 3488 1011; x_wconf 90' lang='lat' dir='ltr'><strong>nun-</strong></span> 
     </span>
    </p>
   </div>
   <div class='ocr_carea' id='block_1_22' title="bbox 1925 1041 3487 1114">
    <p class='ocr_par' dir='ltr' id='par_1_22' title="bbox 1925 1041 3487 1114">
     <span class='ocr_line' id='line_1_22' title="bbox 1925 1041 3487 1114; baseline 0.004 -22"><span class='ocrx_word' id='word_1_157' title='bbox 1925 1041 2246 1109; x_wconf 89' lang='lat' dir='ltr'><strong>cupativum.</strong></span> <span class='ocrx_word' id='word_1_158' title='bbox 2285 1042 2398 1098; x_wconf 85' lang='lat' dir='ltr'><strong>Non</strong></span> <span class='ocrx_word' id='word_1_159' title='bbox 2427 1043 2706 1097; x_wconf 87' lang='lat' dir='ltr'><strong>intendens</strong></span> <span class='ocrx_word' id='word_1_160' title='bbox 2742 1043 2868 1111; x_wconf 90' lang='lat' dir='ltr'><strong>quid</strong></span> <span class='ocrx_word' id='word_1_161' title='bbox 2895 1043 3211 1112; x_wconf 56' lang='lat' dir='ltr'><strong>praedicator</strong></span> <span class='ocrx_word' id='word_1_162' title='bbox 3243 1044 3487 1114; x_wconf 87' lang='lat' dir='ltr'><strong>egregius</strong></span> 
     </span>
    </p>
   </div>
   <div class='ocr_carea' id='block_1_23' title="bbox 1927 1128 3486 1202">
    <p class='ocr_par' dir='ltr' id='par_1_23' title="bbox 1927 1128 3486 1202">
     <span class='ocr_line' id='line_1_23' title="bbox 1927 1128 3486 1202; baseline 0.002 -20"><span class='ocrx_word' id='word_1_163' title='bbox 1927 1128 1992 1182; x_wconf 89' lang='lat' dir='ltr'><strong>de</strong></span> <span class='ocrx_word' id='word_1_164' title='bbox 2006 1129 2400 1200; x_wconf 71' lang='lat' dir='ltr'><strong>divinitatese</strong></span> <span class='ocrx_word' id='word_1_165' title='bbox 2411 1130 2608 1185; x_wconf 79' lang='lat' dir='ltr'><strong>Christi</strong></span> <span class='ocrx_word' id='word_1_166' title='bbox 2626 1133 2729 1186; x_wconf 88' lang='lat' dir='ltr'><strong>ait:</strong></span> <span class='ocrx_word' id='word_1_167' title='bbox 2751 1131 2988 1197; x_wconf 81' lang='lat' dir='ltr'><strong>Quorum</strong></span> <span class='ocrx_word' id='word_1_168' title='bbox 3006 1141 3202 1202; x_wconf 79' lang='lat' dir='ltr'><strong>patres,</strong></span> <span class='ocrx_word' id='word_1_169' title='bbox 3219 1149 3284 1186; x_wconf 78' lang='lat' dir='ltr'><strong>ea:</strong></span> <span class='ocrx_word' id='word_1_170' title='bbox 3302 1133 3486 1202; x_wconf 83' lang='lat' dir='ltr'><strong>quibus</strong></span> 
     </span>
    </p>
   </div>
   <div class='ocr_carea' id='block_1_24' title="bbox 1927 1214 3490 1287">
    <p class='ocr_par' dir='ltr' id='par_1_24' title="bbox 1927 1214 3490 1287">
     <span class='ocr_line' id='line_1_24' title="bbox 1927 1214 3490 1287; baseline 0.004 -19"><span class='ocrx_word' id='word_1_171' title='bbox 1927 1214 2180 1282; x_wconf 77' lang='lat' dir='ltr'><strong>Christus,</strong></span> <span class='ocrx_word' id='word_1_172' title='bbox 2216 1218 2302 1287; x_wconf 79' lang='lat' dir='ltr'><strong>qui</strong></span> <span class='ocrx_word' id='word_1_173' title='bbox 2327 1228 2401 1271; x_wconf 82' lang='lat' dir='ltr'><strong>est</strong></span> <span class='ocrx_word' id='word_1_174' title='bbox 2429 1235 2584 1287; x_wconf 80' lang='lat' dir='ltr'><strong>super</strong></span> <span class='ocrx_word' id='word_1_175' title='bbox 2622 1222 2800 1273; x_wconf 80' lang='lat' dir='ltr'><strong>omnia</strong></span> <span class='ocrx_word' id='word_1_176' title='bbox 2824 1220 2964 1273; x_wconf 83' lang='lat' dir='ltr'><strong>Deus</strong></span> <span class='ocrx_word' id='word_1_177' title='bbox 2986 1221 3282 1275; x_wconf 79' lang='lat' dir='ltr'><strong>benedictus</strong></span> <span class='ocrx_word' id='word_1_178' title='bbox 3317 1222 3372 1274; x_wconf 89' lang='lat' dir='ltr'><strong>in</strong></span> <span class='ocrx_word' id='word_1_179' title='bbox 3395 1238 3490 1275; x_wconf 74' lang='lat' dir='ltr'><strong>sat-</strong></span> 
     </span>
    </p>
   </div>
   <div class='ocr_carea' id='block_1_25' title="bbox 1926 1306 3485 1380">
    <p class='ocr_par' dir='ltr' id='par_1_25' title="bbox 1926 1306 3485 1380">
     <span class='ocr_line' id='line_1_25' title="bbox 1926 1306 3485 1380; baseline 0.004 -21"><span class='ocrx_word' id='word_1_180' title='bbox 1926 1306 2044 1360; x_wconf 81' lang='lat' dir='ltr'><strong>cula</strong></span> <span class='ocrx_word' id='word_1_181' title='bbox 2070 1307 2247 1376; x_wconf 79' lang='lat' dir='ltr'><strong>(Rom.</strong></span> <span class='ocrx_word' id='word_1_182' title='bbox 2275 1325 2350 1372; x_wconf 81' lang='lat' dir='ltr'><strong>Ix,</strong></span> <span class='ocrx_word' id='word_1_183' title='bbox 2382 1309 2456 1379; x_wconf 76' lang='grc' dir='ltr'><strong>ὅ).</strong></span> <span class='ocrx_word' id='word_1_184' title='bbox 2487 1309 2553 1362; x_wconf 89' lang='lat' dir='ltr'><strong>Et</strong></span> <span class='ocrx_word' id='word_1_185' title='bbox 2573 1323 2731 1377; x_wconf 85' lang='lat' dir='ltr'><strong>spero</strong></span> <span class='ocrx_word' id='word_1_186' title='bbox 2755 1309 2907 1378; x_wconf 89' lang='lat' dir='ltr'><strong>plura</strong></span> <span class='ocrx_word' id='word_1_187' title='bbox 2948 1310 3022 1364; x_wconf 90' lang='lat' dir='ltr'><strong>ibi</strong></span> <span class='ocrx_word' id='word_1_188' title='bbox 3061 1309 3287 1365; x_wconf 84' lang='lat' dir='ltr'><strong>inveniri</strong></span> <span class='ocrx_word' id='word_1_189' title='bbox 3312 1325 3485 1380; x_wconf 85' lang='lat' dir='ltr'><strong>posse,</strong></span> 
     </span>
    </p>
   </div>
   <div class='ocr_carea' id='block_1_26' title="bbox 1925 1397 3488 1464">
    <p class='ocr_par' dir='ltr' id='par_1_26' title="bbox 1925 1397 3488 1464">
     <span class='ocr_line' id='line_1_26' title="bbox 1925 1397 3488 1464; baseline 0.001 -16"><span class='ocrx_word' id='word_1_190' title='bbox 1925 1412 2044 1464; x_wconf 73' lang='lat' dir='ltr'><strong>qua:</strong></span> <span class='ocrx_word' id='word_1_191' title='bbox 2097 1397 2217 1452; x_wconf 87' lang='lat' dir='ltr'><strong>fidei</strong></span> <span class='ocrx_word' id='word_1_192' title='bbox 2271 1397 2546 1452; x_wconf 67' lang='lat' dir='ltr'><strong>catholicae</strong></span> <span class='ocrx_word' id='word_1_193' title='bbox 2591 1398 2859 1452; x_wconf 85' lang='lat' dir='ltr'><strong>adversari</strong></span> <span class='ocrx_word' id='word_1_194' title='bbox 2907 1398 3208 1452; x_wconf 88' lang='lat' dir='ltr'><strong>videantur.</strong></span> <span class='ocrx_word' id='word_1_195' title='bbox 3260 1398 3314 1453; x_wconf 77' lang='lat' dir='ltr'><strong>Si</strong></span> <span class='ocrx_word' id='word_1_196' title='bbox 3359 1398 3488 1453; x_wconf 86' lang='lat' dir='ltr'><strong>nihil</strong></span> 
     </span>
    </p>
   </div>
   <div class='ocr_carea' id='block_1_27' title="bbox 1927 1487 3487 1550">
    <p class='ocr_par' dir='ltr' id='par_1_27' title="bbox 1927 1487 3487 1550">
     <span class='ocr_line' id='line_1_27' title="bbox 1927 1487 3487 1550; baseline 0.002 -12"><span class='ocrx_word' id='word_1_197' title='bbox 1927 1487 2068 1540; x_wconf 88' lang='lat' dir='ltr'><strong>aliud</strong></span> <span class='ocrx_word' id='word_1_198' title='bbox 2099 1488 2399 1542; x_wconf 81' lang='lat' dir='ltr'><strong>inveniatur</strong></span> <span class='ocrx_word' id='word_1_199' title='bbox 2423 1497 2606 1543; x_wconf 88' lang='lat' dir='ltr'><strong>contra</strong></span> <span class='ocrx_word' id='word_1_200' title='bbox 2633 1487 2788 1542; x_wconf 82' lang='lat' dir='ltr'><strong>ﬁdem</strong></span> <span class='ocrx_word' id='word_1_201' title='bbox 2820 1487 3153 1550; x_wconf 87' lang='lat' dir='ltr'><strong>catholicam,</strong></span> <span class='ocrx_word' id='word_1_202' title='bbox 3193 1489 3294 1543; x_wconf 89' lang='lat' dir='ltr'><strong>hoc</strong></span> <span class='ocrx_word' id='word_1_203' title='bbox 3316 1488 3487 1543; x_wconf 89' lang='lat' dir='ltr'><strong>solum</strong></span> 
     </span>
    </p>
   </div>
   <div class='ocr_carea' id='block_1_28' title="bbox 1926 1576 3488 1646">
    <p class='ocr_par' dir='ltr' id='par_1_28' title="bbox 1926 1576 3488 1646">
     <span class='ocr_line' id='line_1_28' title="bbox 1926 1576 3488 1646; baseline 0.003 -16"><span class='ocrx_word' id='word_1_204' title='bbox 1926 1576 2118 1630; x_wconf 82' lang='lat' dir='ltr'><strong>suﬂicit</strong></span> <span class='ocrx_word' id='word_1_205' title='bbox 2143 1579 2244 1633; x_wconf 89' lang='lat' dir='ltr'><strong>sibi</strong></span> <span class='ocrx_word' id='word_1_206' title='bbox 2274 1579 2339 1632; x_wconf 92' lang='lat' dir='ltr'><strong>ad</strong></span> <span class='ocrx_word' id='word_1_207' title='bbox 2365 1578 2717 1646; x_wconf 86' lang='lat' dir='ltr'><strong>perditionem</strong></span> <span class='ocrx_word' id='word_1_208' title='bbox 2754 1580 2856 1633; x_wconf 90' lang='lat' dir='ltr'><strong>sui.</strong></span> <span class='ocrx_word' id='word_1_209' title='bbox 2899 1581 2989 1635; x_wconf 64' lang='lat' dir='ltr'><strong>Vae</strong></span> <span class='ocrx_word' id='word_1_210' title='bbox 3013 1579 3211 1634; x_wconf 90' lang='lat' dir='ltr'><strong>mundo</strong></span> <span class='ocrx_word' id='word_1_211' title='bbox 3239 1581 3304 1634; x_wconf 92' lang='lat' dir='ltr'><strong>ab</strong></span> <span class='ocrx_word' id='word_1_212' title='bbox 3336 1595 3488 1634; x_wconf 90' lang='lat' dir='ltr'><strong>scan-</strong></span> 
     </span>
    </p>
   </div>
   <div class='ocr_carea' id='block_1_29' title="bbox 1927 1666 3487 1738">
    <p class='ocr_par' dir='ltr' id='par_1_29' title="bbox 1927 1666 3487 1738">
     <span class='ocr_line' id='line_1_29' title="bbox 1927 1666 3487 1738; baseline 0 -17"><span class='ocrx_word' id='word_1_213' title='bbox 1927 1667 2059 1721; x_wconf 87' lang='lat' dir='ltr'><strong>dalis</strong></span> <span class='ocrx_word' id='word_1_214' title='bbox 2086 1667 2296 1738; x_wconf 76' lang='lat' dir='ltr'><strong>(Matth.</strong></span> <span class='ocrx_word' id='word_1_215' title='bbox 2334 1683 2486 1730; x_wconf 82' lang='lat' dir='ltr'><strong>xvnr,</strong></span> <span class='ocrx_word' id='word_1_216' title='bbox 2521 1666 2614 1737; x_wconf 83' lang='lat'><strong>7)!</strong></span> <span class='ocrx_word' id='word_1_217' title='bbox 2655 1668 2831 1722; x_wconf 85' lang='lat' dir='ltr'><strong>Ecce!</strong></span> <span class='ocrx_word' id='word_1_218' title='bbox 2873 1669 2964 1736; x_wconf 85' lang='lat' dir='ltr'><strong>qui</strong></span> <span class='ocrx_word' id='word_1_219' title='bbox 2993 1669 3244 1724; x_wconf 88' lang='lat' dir='ltr'><strong>adoratur</strong></span> <span class='ocrx_word' id='word_1_220' title='bbox 3282 1671 3351 1724; x_wconf 95' lang='lat' dir='ltr'><strong>ab</strong></span> <span class='ocrx_word' id='word_1_221' title='bbox 3393 1685 3487 1722; x_wconf 90' lang='lat' dir='ltr'><strong>an-</strong></span> 
     </span>
    </p>
   </div>
   <div class='ocr_carea' id='block_1_30' title="bbox 1927 1758 3490 1828">
    <p class='ocr_par' dir='ltr' id='par_1_30' title="bbox 1927 1758 3490 1828">
     <span class='ocr_line' id='line_1_30' title="bbox 1927 1758 3490 1828; baseline 0.003 -16"><span class='ocrx_word' id='word_1_222' title='bbox 1927 1758 2058 1826; x_wconf 82' lang='lat' dir='ltr'><strong>gelis</strong></span> <span class='ocrx_word' id='word_1_223' title='bbox 2085 1758 2139 1812; x_wconf 92' lang='lat' dir='ltr'><strong>in</strong></span> <span class='ocrx_word' id='word_1_224' title='bbox 2169 1758 2347 1824; x_wconf 71' lang='lat' dir='ltr'><strong>costis,</strong></span> <span class='ocrx_word' id='word_1_225' title='bbox 2393 1767 2617 1828; x_wconf 78' lang='lat' dir='ltr'><strong>negatur</strong></span> <span class='ocrx_word' id='word_1_226' title='bbox 2637 1759 2691 1812; x_wconf 91' lang='lat' dir='ltr'><strong>in</strong></span> <span class='ocrx_word' id='word_1_227' title='bbox 2717 1759 2875 1813; x_wconf 89' lang='lat' dir='ltr'><strong>terris</strong></span> <span class='ocrx_word' id='word_1_228' title='bbox 2904 1761 2970 1814; x_wconf 88' lang='lat' dir='ltr'><strong>ab</strong></span> <span class='ocrx_word' id='word_1_229' title='bbox 3005 1761 3310 1816; x_wconf 87' lang='lat' dir='ltr'><strong>hominibus</strong></span> <span class='ocrx_word' id='word_1_230' title='bbox 3332 1776 3490 1816; x_wconf 80' lang='lat' dir='ltr'><strong>verus</strong></span> 
     </span>
    </p>
   </div>
   <div class='ocr_carea' id='block_1_31' title="bbox 1928 1846 3489 1919">
    <p class='ocr_par' dir='ltr' id='par_1_31' title="bbox 1928 1846 3489 1919">
     <span class='ocr_line' id='line_1_31' title="bbox 1928 1846 3489 1919; baseline 0.003 -19"><span class='ocrx_word' id='word_1_231' title='bbox 1928 1862 2046 1901; x_wconf 90' lang='lat' dir='ltr'><strong>esse</strong></span> <span class='ocrx_word' id='word_1_232' title='bbox 2066 1847 2225 1902; x_wconf 91' lang='lat' dir='ltr'><strong>Deus.</strong></span> <span class='ocrx_word' id='word_1_233' title='bbox 2251 1846 2418 1916; x_wconf 83' lang='lat' dir='ltr'><strong>Hujus</strong></span> <span class='ocrx_word' id='word_1_234' title='bbox 2437 1862 2565 1902; x_wconf 87' lang='lat' dir='ltr'><strong>vero</strong></span> <span class='ocrx_word' id='word_1_235' title='bbox 2591 1847 2736 1904; x_wconf 85' lang='lat' dir='ltr'><strong>libri.</strong></span> <span class='ocrx_word' id='word_1_236' title='bbox 2758 1848 2840 1902; x_wconf 93' lang='lat' dir='ltr'><strong>vel</strong></span> <span class='ocrx_word' id='word_1_237' title='bbox 2861 1849 3027 1917; x_wconf 82' lang='lat' dir='ltr'><strong>magis</strong></span> <span class='ocrx_word' id='word_1_238' title='bbox 3054 1850 3252 1903; x_wconf 81' lang='lat' dir='ltr'><strong>erroris</strong></span> <span class='ocrx_word' id='word_1_239' title='bbox 3273 1865 3489 1919; x_wconf 90' lang='lat' dir='ltr'><strong>respon-</strong></span> 
     </span>
    </p>
   </div>
   <div class='ocr_carea' id='block_1_32' title="bbox 253 1927 3487 2010">
    <p class='ocr_par' dir='ltr' id='par_1_32' title="bbox 253 1927 3487 2010">
     <span class='ocr_line' id='line_1_32' title="bbox 253 1927 3487 2010; baseline 0 -20"><span class='ocrx_word' id='word_1_240' title='bbox 253 1944 492 1991; x_wconf 80' lang='lat' dir='ltr'><strong>eeutum.</strong></span> <span class='ocrx_word' id='word_1_241' title='bbox 545 1935 792 2007; x_wconf 85' lang='lat' dir='ltr'><strong>Quinque</strong></span> <span class='ocrx_word' id='word_1_242' title='bbox 840 1955 968 1994; x_wconf 89' lang='lat' dir='ltr'><strong>vero</strong></span> <span class='ocrx_word' id='word_1_243' title='bbox 1025 1941 1139 2001; x_wconf 83' lang='lat' dir='ltr'><strong>dies</strong></span> <span class='ocrx_word' id='word_1_244' title='bbox 1168 1982 1182 2004; x_wconf 92' lang='lat'><strong>,</strong></span> <span class='ocrx_word' id='word_1_245' title='bbox 1243 1941 1345 2009; x_wconf 85' lang='lat' dir='ltr'><strong>qui</strong></span> <span class='ocrx_word' id='word_1_246' title='bbox 1387 1950 1675 2010; x_wconf 88' lang='lat' dir='ltr'><strong>supersunt</strong></span> <span class='ocrx_word' id='word_1_247' title='bbox 1727 1943 1822 1995; x_wconf 89' lang='lat' dir='ltr'><strong>tri-</strong></span> <span class='ocrx_word' id='word_1_248' title='bbox 1858 1927 1906 1995; x_wconf 76' lang='grc' dir='ltr'><strong>Β</strong></span> <span class='ocrx_word' id='word_1_249' title='bbox 1931 1938 2010 1992; x_wconf 87' lang='lat' dir='ltr'><strong>sio</strong></span> <span class='ocrx_word' id='word_1_250' title='bbox 2035 1939 2198 1992; x_wconf 92' lang='lat' dir='ltr'><strong>multa</strong></span> <span class='ocrx_word' id='word_1_251' title='bbox 2224 1937 2495 2007; x_wconf 76' lang='lat' dir='ltr'><strong>diligentia</strong></span> <span class='ocrx_word' id='word_1_252' title='bbox 2523 1944 2578 1992; x_wconf 87' lang='lat' dir='ltr'><strong>et</strong></span> <span class='ocrx_word' id='word_1_253' title='bbox 2601 1938 2840 2006; x_wconf 84' lang='lat' dir='ltr'><strong>pluribus</strong></span> <span class='ocrx_word' id='word_1_254' title='bbox 2865 1937 3194 2007; x_wconf 70' lang='lat' dir='ltr'><strong>adiutoribus</strong></span> <span class='ocrx_word' id='word_1_255' title='bbox 3213 1946 3294 1991; x_wconf 89' lang='lat' dir='ltr'><strong>est</strong></span> <span class='ocrx_word' id='word_1_256' title='bbox 3313 1939 3487 1992; x_wconf 89' lang='lat' dir='ltr'><strong>consi-</strong></span> 
     </span>
    </p>
   </div>
   <div class='ocr_carea' id='block_1_33' title="bbox 254 2027 1826 2100">
    <p class='ocr_par' dir='ltr' id='par_1_33' title="bbox 254 2027 1826 2100">
     <span class='ocr_line' id='line_1_33' title="bbox 254 2027 1826 2100; baseline 0.003 -19"><span class='ocrx_word' id='word_1_257' title='bbox 254 2027 497 2081; x_wconf 87' lang='lat' dir='ltr'><strong>centenis</strong></span> <span class='ocrx_word' id='word_1_258' title='bbox 522 2028 800 2099; x_wconf 80' lang='lat' dir='ltr'><strong>sexagenis</strong></span> <span class='ocrx_word' id='word_1_259' title='bbox 835 2027 1025 2083; x_wconf 80' lang='lat' dir='ltr'><strong>diebus</strong></span> <span class='ocrx_word' id='word_1_260' title='bbox 1067 2030 1120 2083; x_wconf 91' lang='lat' dir='ltr'><strong>in</strong></span> <span class='ocrx_word' id='word_1_261' title='bbox 1168 2029 1386 2100; x_wconf 84' lang='lat' dir='ltr'><strong>singulis</strong></span> <span class='ocrx_word' id='word_1_262' title='bbox 1423 2032 1711 2095; x_wconf 91' lang='lat' dir='ltr'><strong>mensibus,</strong></span> <span class='ocrx_word' id='word_1_263' title='bbox 1744 2041 1826 2086; x_wconf 91' lang='lat' dir='ltr'><strong>est</strong></span> 
     </span>
    </p>
   </div>
   <div class='ocr_carea' id='block_1_34' title="bbox 253 2116 1822 2190">
    <p class='ocr_par' dir='ltr' id='par_1_34' title="bbox 253 2116 1822 2190">
     <span class='ocr_line' id='line_1_34' title="bbox 253 2116 1822 2190; baseline 0.003 -20"><span class='ocrx_word' id='word_1_264' title='bbox 253 2125 409 2172; x_wconf 84' lang='lat' dir='ltr'><strong>sexta</strong></span> <span class='ocrx_word' id='word_1_265' title='bbox 436 2131 563 2189; x_wconf 90' lang='lat' dir='ltr'><strong>pars</strong></span> <span class='ocrx_word' id='word_1_266' title='bbox 587 2116 787 2173; x_wconf 87' lang='lat' dir='ltr'><strong>mensis</strong></span> <span class='ocrx_word' id='word_1_267' title='bbox 812 2117 1248 2190; x_wconf 87' lang='lat' dir='ltr'><strong>uniuscujusque.</strong></span> <span class='ocrx_word' id='word_1_268' title='bbox 1279 2120 1384 2175; x_wconf 83' lang='lat' dir='ltr'><strong>Sex</strong></span> <span class='ocrx_word' id='word_1_269' title='bbox 1408 2137 1541 2176; x_wconf 88' lang='lat' dir='ltr'><strong>vero</strong></span> <span class='ocrx_word' id='word_1_270' title='bbox 1562 2123 1822 2186; x_wconf 72' lang='lat' dir='ltr'><strong>lrorae,_ex</strong></span> 
     </span>
    </p>
   </div>
   <div class='ocr_carea' id='block_1_35' title="bbox 254 2207 1826 2283">
    <p class='ocr_par' dir='ltr' id='par_1_35' title="bbox 254 2207 1826 2283">
     <span class='ocr_line' id='line_1_35' title="bbox 254 2207 1826 2283; baseline 0.004 -23"><span class='ocrx_word' id='word_1_271' title='bbox 254 2207 452 2283; x_wconf 85' lang='lat' dir='ltr'><strong>quibus</strong></span> <span class='ocrx_word' id='word_1_272' title='bbox 474 2215 666 2277; x_wconf 87' lang='lat' dir='ltr'><strong>quarto</strong></span> <span class='ocrx_word' id='word_1_273' title='bbox 695 2223 836 2262; x_wconf 88' lang='lat' dir='ltr'><strong>anno</strong></span> <span class='ocrx_word' id='word_1_274' title='bbox 866 2217 1017 2263; x_wconf 83' lang='lat' dir='ltr'><strong>sexta</strong></span> <span class='ocrx_word' id='word_1_275' title='bbox 1050 2209 1164 2263; x_wconf 90' lang='lat' dir='ltr'><strong>dies</strong></span> <span class='ocrx_word' id='word_1_276' title='bbox 1184 2212 1460 2276; x_wconf 87' lang='lat' dir='ltr'><strong>accrescit,</strong></span> <span class='ocrx_word' id='word_1_277' title='bbox 1487 2212 1683 2266; x_wconf 87' lang='lat' dir='ltr'><strong>habent</strong></span> <span class='ocrx_word' id='word_1_278' title='bbox 1706 2227 1826 2281; x_wconf 89' lang='lat' dir='ltr'><strong>per-</strong></span> 
     </span>
    </p>
   </div>
   <div class='ocr_carea' id='block_1_36' title="bbox 255 2294 1827 2366">
    <p class='ocr_par' dir='ltr' id='par_1_36' title="bbox 255 2294 1827 2366">
     <span class='ocr_line' id='line_1_36' title="bbox 255 2294 1827 2366; baseline 0.005 -18"><span class='ocrx_word' id='word_1_279' title='bbox 255 2294 545 2352; x_wconf 88' lang='lat' dir='ltr'><strong>fectionem</strong></span> <span class='ocrx_word' id='word_1_280' title='bbox 571 2311 722 2352; x_wconf 89' lang='lat' dir='ltr'><strong>suam</strong></span> <span class='ocrx_word' id='word_1_281' title='bbox 764 2297 817 2350; x_wconf 90' lang='lat' dir='ltr'><strong>in</strong></span> <span class='ocrx_word' id='word_1_282' title='bbox 849 2297 1135 2366; x_wconf 87' lang='lat' dir='ltr'><strong>partitione</strong></span> <span class='ocrx_word' id='word_1_283' title='bbox 1161 2300 1361 2354; x_wconf 77' lang='lat' dir='ltr'><strong>senarii</strong></span> <span class='ocrx_word' id='word_1_284' title='bbox 1402 2301 1641 2365; x_wconf 89' lang='lat' dir='ltr'><strong>numeri,</strong></span> <span class='ocrx_word' id='word_1_285' title='bbox 1689 2303 1827 2356; x_wconf 90' lang='lat' dir='ltr'><strong>sicut</strong></span> 
     </span>
    </p>
   </div>
   <div class='ocr_carea' id='block_1_37' title="bbox 253 2384 1826 2461">
    <p class='ocr_par' dir='ltr' id='par_1_37' title="bbox 253 2384 1826 2461">
     <span class='ocr_line' id='line_1_37' title="bbox 253 2384 1826 2461; baseline 0.005 -25"><span class='ocrx_word' id='word_1_286' title='bbox 253 2384 415 2453; x_wconf 80' lang='lat' dir='ltr'><strong>paulo</strong></span> <span class='ocrx_word' id='word_1_287' title='bbox 438 2393 564 2440; x_wconf 89' lang='lat' dir='ltr'><strong>ante</strong></span> <span class='ocrx_word' id='word_1_288' title='bbox 587 2386 796 2461; x_wconf 68' lang='lat' dir='ltr'><strong>praafati</strong></span> <span class='ocrx_word' id='word_1_289' title='bbox 821 2403 1026 2443; x_wconf 90' lang='lat' dir='ltr'><strong>sumus.</strong></span> <span class='ocrx_word' id='word_1_290' title='bbox 1061 2388 1128 2442; x_wconf 87' lang='lat' dir='ltr'><strong>Et</strong></span> <span class='ocrx_word' id='word_1_291' title='bbox 1163 2389 1301 2445; x_wconf 91' lang='lat' dir='ltr'><strong>sicut</strong></span> <span class='ocrx_word' id='word_1_292' title='bbox 1328 2389 1554 2445; x_wconf 88' lang='lat' dir='ltr'><strong>Creator</strong></span> <span class='ocrx_word' id='word_1_293' title='bbox 1585 2392 1826 2461; x_wconf 67' lang='lat' dir='ltr'><strong>aequissi-</strong></span> 
     </span>
    </p>
   </div>
   <div class='ocr_carea' id='block_1_38' title="bbox 254 2472 1827 2548">
    <p class='ocr_par' dir='ltr' id='par_1_38' title="bbox 254 2472 1827 2548">
     <span class='ocr_line' id='line_1_38' title="bbox 254 2472 1827 2548; baseline 0.007 -25"><span class='ocrx_word' id='word_1_294' title='bbox 254 2485 378 2524; x_wconf 91' lang='lat' dir='ltr'><strong>mus</strong></span> <span class='ocrx_word' id='word_1_295' title='bbox 419 2472 475 2525; x_wconf 91' lang='lat' dir='ltr'><strong>in</strong></span> <span class='ocrx_word' id='word_1_296' title='bbox 516 2487 610 2527; x_wconf 81' lang='lat' dir='ltr'><strong>sex</strong></span> <span class='ocrx_word' id='word_1_297' title='bbox 659 2473 848 2530; x_wconf 89' lang='lat' dir='ltr'><strong>diebus</strong></span> <span class='ocrx_word' id='word_1_298' title='bbox 877 2474 1004 2530; x_wconf 90' lang='lat' dir='ltr'><strong>fecit</strong></span> <span class='ocrx_word' id='word_1_299' title='bbox 1045 2478 1222 2531; x_wconf 89' lang='lat' dir='ltr'><strong>omnia</strong></span> <span class='ocrx_word' id='word_1_300' title='bbox 1263 2493 1424 2548; x_wconf 88' lang='lat' dir='ltr'><strong>opera</strong></span> <span class='ocrx_word' id='word_1_301' title='bbox 1469 2480 1827 2548; x_wconf 90' lang='lat' dir='ltr'><strong>primordialis</strong></span> 
     </span>
    </p>
   </div>
   <div class='ocr_carea' id='block_1_39' title="bbox 255 2562 1828 2636">
    <p class='ocr_par' dir='ltr' id='par_1_39' title="bbox 255 2562 1828 2636">
     <span class='ocr_line' id='line_1_39' title="bbox 255 2562 1828 2636; baseline 0.005 -19"><span class='ocrx_word' id='word_1_302' title='bbox 255 2562 460 2625; x_wconf 83' lang='lat' dir='ltr'><strong>mundi,</strong></span> <span class='ocrx_word' id='word_1_303' title='bbox 498 2570 558 2635; x_wconf 86' lang='lat' dir='ltr'><strong>ut</strong></span> <span class='ocrx_word' id='word_1_304' title='bbox 582 2564 977 2633; x_wconf 83' lang='lat' dir='ltr'><strong>signiﬁcaretur</strong></span> <span class='ocrx_word' id='word_1_305' title='bbox 1004 2567 1059 2621; x_wconf 92' lang='lat' dir='ltr'><strong>in</strong></span> <span class='ocrx_word' id='word_1_306' title='bbox 1085 2565 1413 2636; x_wconf 83' lang='lat' dir='ltr'><strong>perfectione</strong></span> <span class='ocrx_word' id='word_1_307' title='bbox 1435 2569 1642 2623; x_wconf 89' lang='lat' dir='ltr'><strong>numeri</strong></span> <span class='ocrx_word' id='word_1_308' title='bbox 1672 2585 1828 2625; x_wconf 86' lang='lat' dir='ltr'><strong>sena-</strong></span> 
     </span>
    </p>
   </div>
   <div class='ocr_carea' id='block_1_40' title="bbox 255 2651 1828 2727">
    <p class='ocr_par' dir='ltr' id='par_1_40' title="bbox 255 2651 1828 2727">
     <span class='ocr_line' id='line_1_40' title="bbox 255 2651 1828 2727; baseline 0.005 -23"><span class='ocrx_word' id='word_1_309' title='bbox 255 2652 345 2715; x_wconf 90' lang='lat' dir='ltr'><strong>rii,</strong></span> <span class='ocrx_word' id='word_1_310' title='bbox 385 2651 562 2705; x_wconf 82' lang='lat' dir='ltr'><strong>omnia</strong></span> <span class='ocrx_word' id='word_1_311' title='bbox 606 2652 660 2705; x_wconf 93' lang='lat' dir='ltr'><strong>in</strong></span> <span class='ocrx_word' id='word_1_312' title='bbox 705 2654 911 2707; x_wconf 90' lang='lat' dir='ltr'><strong>naturis</strong></span> <span class='ocrx_word' id='word_1_313' title='bbox 939 2655 1051 2708; x_wconf 91' lang='lat' dir='ltr'><strong>suis</strong></span> <span class='ocrx_word' id='word_1_314' title='bbox 1095 2655 1286 2711; x_wconf 80' lang='lat' dir='ltr'><strong>fecisse</strong></span> <span class='ocrx_word' id='word_1_315' title='bbox 1314 2673 1434 2711; x_wconf 91' lang='lat' dir='ltr'><strong>eum</strong></span> <span class='ocrx_word' id='word_1_316' title='bbox 1464 2656 1718 2727; x_wconf 88' lang='lat' dir='ltr'><strong>perfecta.</strong></span> <span class='ocrx_word' id='word_1_317' title='bbox 1761 2659 1828 2712; x_wconf 87' lang='lat' dir='ltr'><strong>Et</strong></span> 
     </span>
    </p>
   </div>
   <div class='ocr_carea' id='block_1_41' title="bbox 256 2742 1829 2817">
    <p class='ocr_par' dir='ltr' id='par_1_41' title="bbox 256 2742 1829 2817">
     <span class='ocr_line' id='line_1_41' title="bbox 256 2742 1829 2817; baseline 0.004 -21"><span class='ocrx_word' id='word_1_318' title='bbox 256 2743 344 2797; x_wconf 92' lang='lat' dir='ltr'><strong>ille</strong></span> <span class='ocrx_word' id='word_1_319' title='bbox 371 2743 484 2812; x_wconf 89' lang='lat' dir='ltr'><strong>ipse</strong></span> <span class='ocrx_word' id='word_1_320' title='bbox 521 2742 745 2798; x_wconf 89' lang='lat' dir='ltr'><strong>Creator</strong></span> <span class='ocrx_word' id='word_1_321' title='bbox 787 2759 1028 2813; x_wconf 87' lang='lat' dir='ltr'><strong>magnus,</strong></span> <span class='ocrx_word' id='word_1_322' title='bbox 1059 2747 1411 2812; x_wconf 88' lang='lat' dir='ltr'><strong>admirabilis,</strong></span> <span class='ocrx_word' id='word_1_323' title='bbox 1439 2747 1709 2817; x_wconf 88' lang='lat' dir='ltr'><strong>perfectus</strong></span> <span class='ocrx_word' id='word_1_324' title='bbox 1745 2756 1829 2802; x_wconf 86' lang='lat' dir='ltr'><strong>est</strong></span> 
     </span>
    </p>
   </div>
   <div class='ocr_carea' id='block_1_42' title="bbox 254 2833 1822 2908">
    <p class='ocr_par' dir='ltr' id='par_1_42' title="bbox 254 2833 1822 2908">
     <span class='ocr_line' id='line_1_42' title="bbox 254 2833 1822 2908; baseline 0.002 -22"><span class='ocrx_word' id='word_1_325' title='bbox 254 2836 310 2886; x_wconf 93' lang='lat' dir='ltr'><strong>in</strong></span> <span class='ocrx_word' id='word_1_326' title='bbox 356 2843 549 2887; x_wconf 90' lang='lat' dir='ltr'><strong>natura</strong></span> <span class='ocrx_word' id='word_1_327' title='bbox 593 2848 728 2888; x_wconf 91' lang='lat' dir='ltr'><strong>sua:</strong></span> <span class='ocrx_word' id='word_1_328' title='bbox 769 2833 854 2887; x_wconf 90' lang='lat' dir='ltr'><strong>cui</strong></span> <span class='ocrx_word' id='word_1_329' title='bbox 896 2833 1215 2902; x_wconf 89' lang='lat' dir='ltr'><strong>complacuit</strong></span> <span class='ocrx_word' id='word_1_330' title='bbox 1245 2834 1399 2906; x_wconf 82' lang='lat' dir='ltr'><strong>[Cod;</strong></span> <span class='ocrx_word' id='word_1_331' title='bbox 1437 2835 1574 2899; x_wconf 82' lang='lat' dir='ltr'><strong>Vat.,</strong></span> <span class='ocrx_word' id='word_1_332' title='bbox 1604 2837 1822 2908; x_wconf 90' lang='lat' dir='ltr'><strong>placuit]</strong></span> 
     </span>
    </p>
   </div>
   <div class='ocr_carea' id='block_1_43' title="bbox 251 2920 1824 3007">
    <p class='ocr_par' dir='ltr' id='par_1_43' title="bbox 251 2920 1824 3007">
     <span class='ocr_line' id='line_1_43' title="bbox 251 2920 1824 3007; baseline 0.003 -33"><span class='ocrx_word' id='word_1_333' title='bbox 251 2921 435 3007; x_wconf 80' lang='lat' dir='ltr'><strong>omnia</strong></span> <span class='ocrx_word' id='word_1_334' title='bbox 463 2922 517 2976; x_wconf 91' lang='lat' dir='ltr'><strong>in</strong></span> <span class='ocrx_word' id='word_1_335' title='bbox 545 2923 743 2976; x_wconf 85' lang='lat' dir='ltr'><strong>senarii</strong></span> <span class='ocrx_word' id='word_1_336' title='bbox 768 2924 978 2978; x_wconf 91' lang='lat' dir='ltr'><strong>numeri</strong></span> <span class='ocrx_word' id='word_1_337' title='bbox 1003 2922 1331 2992; x_wconf 79' lang='lat' dir='ltr'><strong>perfectione</strong></span> <span class='ocrx_word' id='word_1_338' title='bbox 1369 2923 1644 2994; x_wconf 86' lang='lat' dir='ltr'><strong>perficere.</strong></span> <span class='ocrx_word' id='word_1_339' title='bbox 1676 2920 1824 2979; x_wconf 89' lang='lat' dir='ltr'><strong>Unde</strong></span> 
     </span>
    </p>
   </div>
   <div class='ocr_carea' id='block_1_44' title="bbox 252 3014 1825 3091">
    <p class='ocr_par' dir='ltr' id='par_1_44' title="bbox 252 3014 1825 3091">
     <span class='ocr_line' id='line_1_44' title="bbox 252 3014 1825 3091; baseline 0.001 -25"><span class='ocrx_word' id='word_1_340' title='bbox 252 3023 309 3066; x_wconf 90' lang='lat' dir='ltr'><strong>et</strong></span> <span class='ocrx_word' id='word_1_341' title='bbox 333 3020 486 3067; x_wconf 81' lang='lat' dir='ltr'><strong>sexta</strong></span> <span class='ocrx_word' id='word_1_342' title='bbox 525 3014 609 3068; x_wconf 92' lang='lat' dir='ltr'><strong>die</strong></span> <span class='ocrx_word' id='word_1_343' title='bbox 641 3024 856 3069; x_wconf 90' lang='lat' dir='ltr'><strong>creatus</strong></span> <span class='ocrx_word' id='word_1_344' title='bbox 897 3024 983 3069; x_wconf 91' lang='lat' dir='ltr'><strong>est</strong></span> <span class='ocrx_word' id='word_1_345' title='bbox 1024 3015 1212 3080; x_wconf 92' lang='lat' dir='ltr'><strong>homo,</strong></span> <span class='ocrx_word' id='word_1_346' title='bbox 1239 3015 1727 3091; x_wconf 80' lang='lat' dir='ltr'><strong>perfectus-anima</strong></span> <span class='ocrx_word' id='word_1_347' title='bbox 1771 3023 1825 3070; x_wconf 89' lang='lat' dir='ltr'><strong>et</strong></span> 
     </span>
    </p>
   </div>
   <div class='ocr_carea' id='block_1_45' title="bbox 251 3106 1824 3174">
    <p class='ocr_par' dir='ltr' id='par_1_45' title="bbox 251 3106 1824 3174">
     <span class='ocr_line' id='line_1_45' title="bbox 251 3106 1824 3174; baseline 0.001 -15"><span class='ocrx_word' id='word_1_348' title='bbox 251 3119 481 3173; x_wconf 91' lang='lat' dir='ltr'><strong>corpore</strong></span> <span class='ocrx_word' id='word_1_349' title='bbox 509 3121 522 3156; x_wconf 90' lang='lat'><strong>:</strong></span> <span class='ocrx_word' id='word_1_350' title='bbox 551 3111 771 3174; x_wconf 82' lang='lat' dir='ltr'><strong>propter</strong></span> <span class='ocrx_word' id='word_1_351' title='bbox 809 3119 971 3174; x_wconf 90' lang='lat' dir='ltr'><strong>quem</strong></span> <span class='ocrx_word' id='word_1_352' title='bbox 1003 3106 1181 3159; x_wconf 88' lang='lat' dir='ltr'><strong>omnia</strong></span> <span class='ocrx_word' id='word_1_353' title='bbox 1208 3114 1388 3159; x_wconf 90' lang='lat' dir='ltr'><strong>creata</strong></span> <span class='ocrx_word' id='word_1_354' title='bbox 1418 3115 1560 3171; x_wconf 90' lang='lat' dir='ltr'><strong>sunt,</strong></span> <span class='ocrx_word' id='word_1_355' title='bbox 1589 3122 1708 3174; x_wconf 79' lang='lat' dir='ltr'><strong>qua:</strong></span> <span class='ocrx_word' id='word_1_356' title='bbox 1730 3121 1824 3160; x_wconf 80' lang='lat' dir='ltr'><strong>sex</strong></span> 
     </span>
    </p>
   </div>
   <div class='ocr_carea' id='block_1_46' title="bbox 251 3189 1824 3261">
    <p class='ocr_par' dir='ltr' id='par_1_46' title="bbox 251 3189 1824 3261">
     <span class='ocr_line' id='line_1_46' title="bbox 251 3189 1824 3261; baseline 0.002 -18"><span class='ocrx_word' id='word_1_357' title='bbox 251 3191 445 3248; x_wconf 85' lang='lat' dir='ltr'><strong>diebus</strong></span> <span class='ocrx_word' id='word_1_358' title='bbox 469 3189 679 3246; x_wconf 84' lang='lat' dir='ltr'><strong>condita</strong></span> <span class='ocrx_word' id='word_1_359' title='bbox 703 3206 821 3246; x_wconf 90' lang='lat' dir='ltr'><strong>esse</strong></span> <span class='ocrx_word' id='word_1_360' title='bbox 855 3191 1122 3261; x_wconf 87' lang='lat' dir='ltr'><strong>leguntur.</strong></span> <span class='ocrx_word' id='word_1_361' title='bbox 1151 3191 1302 3245; x_wconf 87' lang='lat' dir='ltr'><strong>Unde</strong></span> <span class='ocrx_word' id='word_1_362' title='bbox 1326 3200 1381 3246; x_wconf 90' lang='lat' dir='ltr'><strong>et</strong></span> <span class='ocrx_word' id='word_1_363' title='bbox 1409 3193 1521 3260; x_wconf 90' lang='lat' dir='ltr'><strong>ipse</strong></span> <span class='ocrx_word' id='word_1_364' title='bbox 1544 3193 1704 3256; x_wconf 84' lang='lat' dir='ltr'><strong>Dens,</strong></span> <span class='ocrx_word' id='word_1_365' title='bbox 1731 3193 1824 3246; x_wconf 88' lang='lat' dir='ltr'><strong>Dei</strong></span> 
     </span>
    </p>
   </div>
   <div class='ocr_carea' id='block_1_47' title="bbox 253 3255 1899 3357">
    <p class='ocr_par' dir='ltr' id='par_1_47' title="bbox 253 3255 1899 3357">
     <span class='ocr_line' id='line_1_47' title="bbox 253 3255 1899 3357; baseline -0.001 -19"><span class='ocrx_word' id='word_1_366' title='bbox 253 3283 443 3348; x_wconf 84' lang='lat' dir='ltr'><strong>Filius,</strong></span> <span class='ocrx_word' id='word_1_367' title='bbox 472 3284 565 3357; x_wconf 90' lang='lat' dir='ltr'><strong>qui</strong></span> <span class='ocrx_word' id='word_1_368' title='bbox 588 3293 672 3340; x_wconf 89' lang='lat' dir='ltr'><strong>est</strong></span> <span class='ocrx_word' id='word_1_369' title='bbox 689 3283 863 3338; x_wconf 78' lang='lat' dir='ltr'><strong>virtus</strong></span> <span class='ocrx_word' id='word_1_370' title='bbox 892 3255 947 3338; x_wconf 45' lang='lat' dir='ltr'><strong>e&#39;t</strong></span> <span class='ocrx_word' id='word_1_371' title='bbox 981 3283 1239 3352; x_wconf 81' lang='lat' dir='ltr'><strong>sapientia</strong></span> <span class='ocrx_word' id='word_1_372' title='bbox 1266 3282 1358 3336; x_wconf 89' lang='lat' dir='ltr'><strong>Dei</strong></span> <span class='ocrx_word' id='word_1_373' title='bbox 1392 3255 1458 3352; x_wconf 68' lang='lat' dir='ltr'><strong>(f</strong></span> <span class='ocrx_word' id='word_1_374' title='bbox 1482 3281 1601 3336; x_wconf 89' lang='lat' dir='ltr'><strong>Cor.</strong></span> <span class='ocrx_word' id='word_1_375' title='bbox 1628 3299 1666 3346; x_wconf 82' lang='grc' dir='ltr'><strong>ι,</strong></span> <span class='ocrx_word' id='word_1_376' title='bbox 1696 3283 1818 3354; x_wconf 71' lang='grc'><strong>24),</strong></span> <span class='ocrx_word' id='word_1_377' title='bbox 1851 3255 1899 3320; x_wconf 79' lang='lat' dir='ltr'>c</span> 
     </span>
    </p>
   </div>
   <div class='ocr_carea' id='block_1_48' title="bbox 250 3373 1823 3430">
    <p class='ocr_par' dir='ltr' id='par_1_48' title="bbox 250 3373 1823 3430">
     <span class='ocr_line' id='line_1_48' title="bbox 250 3373 1823 3430; baseline 0.001 -2"><span class='ocrx_word' id='word_1_378' title='bbox 250 3382 407 3428; x_wconf 78' lang='lat' dir='ltr'><strong>sexta</strong></span> <span class='ocrx_word' id='word_1_379' title='bbox 437 3383 592 3430; x_wconf 69' lang='lat' dir='ltr'><strong>aetate</strong></span> <span class='ocrx_word' id='word_1_380' title='bbox 617 3375 804 3430; x_wconf 90' lang='lat' dir='ltr'><strong>mundi</strong></span> <span class='ocrx_word' id='word_1_381' title='bbox 831 3376 978 3430; x_wconf 83' lang='lat' dir='ltr'><strong>venit</strong></span> <span class='ocrx_word' id='word_1_382' title='bbox 1009 3375 1062 3428; x_wconf 92' lang='lat' dir='ltr'><strong>in</strong></span> <span class='ocrx_word' id='word_1_383' title='bbox 1110 3375 1365 3429; x_wconf 92' lang='lat' dir='ltr'><strong>mundum</strong></span> <span class='ocrx_word' id='word_1_384' title='bbox 1395 3373 1605 3428; x_wconf 87' lang='lat' dir='ltr'><strong>salvare</strong></span> <span class='ocrx_word' id='word_1_385' title='bbox 1644 3375 1823 3430; x_wconf 88' lang='lat' dir='ltr'><strong>homi-</strong></span> 
     </span>
    </p>
   </div>
   <div class='ocr_carea' id='block_1_49' title="bbox 251 3465 1823 3532">
    <p class='ocr_par' dir='ltr' id='par_1_49' title="bbox 251 3465 1823 3532">
     <span class='ocr_line' id='line_1_49' title="bbox 251 3465 1823 3532; baseline 0.002 -14"><span class='ocrx_word' id='word_1_386' title='bbox 251 3477 401 3531; x_wconf 85' lang='lat' dir='ltr'><strong>nem,</strong></span> <span class='ocrx_word' id='word_1_387' title='bbox 428 3479 587 3532; x_wconf 90' lang='lat' dir='ltr'><strong>quem</strong></span> <span class='ocrx_word' id='word_1_388' title='bbox 613 3475 764 3520; x_wconf 83' lang='lat' dir='ltr'><strong>sexta</strong></span> <span class='ocrx_word' id='word_1_389' title='bbox 794 3466 879 3520; x_wconf 88' lang='lat' dir='ltr'><strong>die</strong></span> <span class='ocrx_word' id='word_1_390' title='bbox 907 3466 1127 3520; x_wconf 90' lang='lat' dir='ltr'><strong>creavit.</strong></span> <span class='ocrx_word' id='word_1_391' title='bbox 1168 3466 1244 3519; x_wconf 90' lang='lat' dir='ltr'><strong>Ita</strong></span> <span class='ocrx_word' id='word_1_392' title='bbox 1272 3465 1518 3520; x_wconf 88' lang='lat' dir='ltr'><strong>senarius</strong></span> <span class='ocrx_word' id='word_1_393' title='bbox 1549 3480 1823 3531; x_wconf 89' lang='lat' dir='ltr'><strong>numerus,</strong></span> 
     </span>
    </p>
   </div>
   <div class='ocr_carea' id='block_1_50' title="bbox 249 3553 1824 3624">
    <p class='ocr_par' dir='ltr' id='par_1_50' title="bbox 249 3553 1824 3624">
     <span class='ocr_line' id='line_1_50' title="bbox 249 3553 1824 3624; baseline -0.001 -14"><span class='ocrx_word' id='word_1_394' title='bbox 249 3562 308 3610; x_wconf 85' lang='lat' dir='ltr'><strong>ct</strong></span> <span class='ocrx_word' id='word_1_395' title='bbox 354 3554 409 3607; x_wconf 90' lang='lat' dir='ltr'><strong>in</strong></span> <span class='ocrx_word' id='word_1_396' title='bbox 457 3553 764 3610; x_wconf 84' lang='lat' dir='ltr'><strong>conditione</strong></span> <span class='ocrx_word' id='word_1_397' title='bbox 807 3555 1230 3624; x_wconf 90' lang='lat' dir='ltr'><strong>primordialium</strong></span> <span class='ocrx_word' id='word_1_398' title='bbox 1279 3563 1643 3609; x_wconf 88' lang='lat' dir='ltr'><strong>creaturarum</strong></span> <span class='ocrx_word' id='word_1_399' title='bbox 1685 3565 1738 3610; x_wconf 92' lang='lat' dir='ltr'><strong>et</strong></span> <span class='ocrx_word' id='word_1_400' title='bbox 1771 3556 1824 3609; x_wconf 89' lang='lat' dir='ltr'><strong>in</strong></span> 
     </span>
    </p>
   </div>
   <div class='ocr_carea' id='block_1_51' title="bbox 249 3643 1823 3712">
    <p class='ocr_par' dir='ltr' id='par_1_51' title="bbox 249 3643 1823 3712">
     <span class='ocr_line' id='line_1_51' title="bbox 249 3643 1823 3712; baseline 0 -13"><span class='ocrx_word' id='word_1_401' title='bbox 249 3643 594 3700; x_wconf 82' lang='lat' dir='ltr'><strong>successione</strong></span> <span class='ocrx_word' id='word_1_402' title='bbox 638 3643 987 3709; x_wconf 71' lang='lat' dir='ltr'><strong>sazculorum,</strong></span> <span class='ocrx_word' id='word_1_403' title='bbox 1018 3659 1136 3712; x_wconf 77' lang='lat' dir='ltr'><strong>qua:</strong></span> <span class='ocrx_word' id='word_1_404' title='bbox 1165 3659 1259 3698; x_wconf 86' lang='lat' dir='ltr'><strong>sex</strong></span> <span class='ocrx_word' id='word_1_405' title='bbox 1299 3645 1546 3698; x_wconf 65' lang='lat' dir='ltr'><strong>aetatibus</strong></span> <span class='ocrx_word' id='word_1_406' title='bbox 1573 3661 1823 3700; x_wconf 88' lang='lat' dir='ltr'><strong>cucurre-</strong></span> 
     </span>
    </p>
   </div>
   <div class='ocr_carea' id='block_1_52' title="bbox 251 3733 1822 3803">
    <p class='ocr_par' dir='ltr' id='par_1_52' title="bbox 251 3733 1822 3803">
     <span class='ocr_line' id='line_1_52' title="bbox 251 3733 1822 3803; baseline 0.001 -15"><span class='ocrx_word' id='word_1_407' title='bbox 251 3742 403 3800; x_wconf 81' lang='lat' dir='ltr'><strong>runt,</strong></span> <span class='ocrx_word' id='word_1_408' title='bbox 431 3743 486 3788; x_wconf 89' lang='lat' dir='ltr'><strong>et</strong></span> <span class='ocrx_word' id='word_1_409' title='bbox 511 3735 650 3803; x_wconf 84' lang='lat' dir='ltr'><strong>quod</strong></span> <span class='ocrx_word' id='word_1_410' title='bbox 679 3744 830 3789; x_wconf 82' lang='lat' dir='ltr'><strong>sexta</strong></span> <span class='ocrx_word' id='word_1_411' title='bbox 856 3742 1014 3790; x_wconf 70' lang='lat' dir='ltr'><strong>aetate</strong></span> <span class='ocrx_word' id='word_1_412' title='bbox 1041 3735 1184 3788; x_wconf 86' lang='lat' dir='ltr'><strong>venit</strong></span> <span class='ocrx_word' id='word_1_413' title='bbox 1212 3733 1381 3788; x_wconf 83' lang='lat' dir='ltr'><strong>Filius</strong></span> <span class='ocrx_word' id='word_1_414' title='bbox 1408 3735 1501 3787; x_wconf 90' lang='lat' dir='ltr'><strong>Dei</strong></span> <span class='ocrx_word' id='word_1_415' title='bbox 1530 3736 1822 3790; x_wconf 87' lang='lat' dir='ltr'><strong>humanum</strong></span> 
     </span>
    </p>
   </div>
   <div class='ocr_carea' id='block_1_53' title="bbox 251 3824 1823 3898">
    <p class='ocr_par' dir='ltr' id='par_1_53' title="bbox 251 3824 1823 3898">
     <span class='ocr_line' id='line_1_53' title="bbox 251 3824 1823 3898; baseline 0 -18"><span class='ocrx_word' id='word_1_416' title='bbox 251 3840 425 3898; x_wconf 86' lang='lat' dir='ltr'><strong>genus</strong></span> <span class='ocrx_word' id='word_1_417' title='bbox 468 3840 719 3896; x_wconf 88' lang='lat' dir='ltr'><strong>reparare</strong></span> <span class='ocrx_word' id='word_1_418' title='bbox 754 3827 820 3881; x_wconf 89' lang='lat' dir='ltr'><strong>ad</strong></span> <span class='ocrx_word' id='word_1_419' title='bbox 852 3826 1131 3896; x_wconf 89' lang='lat' dir='ltr'><strong>pristinam</strong></span> <span class='ocrx_word' id='word_1_420' title='bbox 1160 3824 1467 3894; x_wconf 86' lang='lat' dir='ltr'><strong>dignitatem</strong></span> <span class='ocrx_word' id='word_1_421' title='bbox 1505 3825 1823 3880; x_wconf 89' lang='lat' dir='ltr'><strong>conditionis</strong></span> 
     </span>
    </p>
   </div>
   <div class='ocr_carea' id='block_1_54' title="bbox 249 3915 824 3980">
    <p class='ocr_par' dir='ltr' id='par_1_54' title="bbox 249 3915 824 3980">
     <span class='ocr_line' id='line_1_54' title="bbox 249 3915 824 3980; baseline 0 -11"><span class='ocrx_word' id='word_1_422' title='bbox 249 3931 383 3980; x_wconf 65' lang='lat' dir='ltr'><strong>suae,</strong></span> <span class='ocrx_word' id='word_1_423' title='bbox 412 3916 638 3970; x_wconf 89' lang='lat' dir='ltr'><strong>multum</strong></span> <span class='ocrx_word' id='word_1_424' title='bbox 667 3915 824 3969; x_wconf 85' lang='lat' dir='ltr'><strong>valet.</strong></span> 
     </span>
    </p>
   </div>
   <div class='ocr_carea' id='block_1_55' title="bbox 323 4004 1822 4080">
    <p class='ocr_par' dir='ltr' id='par_1_55' title="bbox 323 4004 1822 4080">
     <span class='ocr_line' id='line_1_55' title="bbox 323 4004 1822 4080; baseline 0.004 -24"><span class='ocrx_word' id='word_1_425' title='bbox 323 4004 483 4058; x_wconf 83' lang='lat' dir='ltr'><strong>Tales</strong></span> <span class='ocrx_word' id='word_1_426' title='bbox 510 4006 774 4070; x_wconf 89' lang='lat' dir='ltr'><strong>rationes,</strong></span> <span class='ocrx_word' id='word_1_427' title='bbox 823 4021 856 4060; x_wconf 92' lang='grc' dir='ltr'>ο</span> <span class='ocrx_word' id='word_1_428' title='bbox 885 4007 1230 4062; x_wconf 90' lang='lat' dir='ltr'><strong>dilectissime</strong></span> <span class='ocrx_word' id='word_1_429' title='bbox 1261 4007 1335 4080; x_wconf 90' lang='lat' dir='ltr'><strong>[et</strong></span> <span class='ocrx_word' id='word_1_430' title='bbox 1363 4007 1688 4080; x_wconf 88' lang='lat' dir='ltr'><strong>dulcissime]</strong></span> <span class='ocrx_word' id='word_1_431' title='bbox 1717 4009 1822 4062; x_wconf 88' lang='lat' dir='ltr'><strong>Da—</strong></span> 
     </span>
    </p>
   </div>
   <div class='ocr_carea' id='block_1_56' title="bbox 249 4093 1826 4165">
    <p class='ocr_par' dir='ltr' id='par_1_56' title="bbox 249 4093 1826 4165">
     <span class='ocr_line' id='line_1_56' title="bbox 249 4093 1826 4165; baseline 0.004 -20"><span class='ocrx_word' id='word_1_432' title='bbox 249 4094 362 4157; x_wconf 82' lang='lat' dir='ltr'><strong>vid,</strong></span> <span class='ocrx_word' id='word_1_433' title='bbox 394 4093 548 4147; x_wconf 86' lang='lat' dir='ltr'><strong>vobis</strong></span> <span class='ocrx_word' id='word_1_434' title='bbox 577 4095 707 4148; x_wconf 88' lang='lat' dir='ltr'><strong>mihi</strong></span> <span class='ocrx_word' id='word_1_435' title='bbox 736 4095 1032 4149; x_wconf 69' lang='lat' dir='ltr'><strong>scribenda:</strong></span> <span class='ocrx_word' id='word_1_436' title='bbox 1059 4104 1201 4161; x_wconf 88' lang='lat' dir='ltr'><strong>sunt,</strong></span> <span class='ocrx_word' id='word_1_437' title='bbox 1234 4113 1339 4150; x_wconf 91' lang='lat' dir='ltr'><strong>non</strong></span> <span class='ocrx_word' id='word_1_438' title='bbox 1372 4099 1586 4152; x_wconf 86' lang='lat' dir='ltr'><strong>rusticis</strong></span> <span class='ocrx_word' id='word_1_439' title='bbox 1607 4099 1826 4165; x_wconf 86' lang='lat' dir='ltr'><strong>quibus-</strong></span> 
     </span>
    </p>
   </div>
   <div class='ocr_carea' id='block_1_57' title="bbox 249 4183 1819 4253">
    <p class='ocr_par' dir='ltr' id='par_1_57' title="bbox 249 4183 1819 4253">
     <span class='ocr_line' id='line_1_57' title="bbox 249 4183 1819 4253; baseline 0.001 -17"><span class='ocrx_word' id='word_1_440' title='bbox 249 4186 404 4253; x_wconf 83' lang='lat' dir='ltr'><strong>libet,</strong></span> <span class='ocrx_word' id='word_1_441' title='bbox 430 4183 482 4237; x_wconf 93' lang='lat' dir='ltr'><strong>in</strong></span> <span class='ocrx_word' id='word_1_442' title='bbox 509 4183 702 4251; x_wconf 88' lang='lat' dir='ltr'><strong>quibus</strong></span> <span class='ocrx_word' id='word_1_443' title='bbox 731 4184 1046 4252; x_wconf 82' lang='lat' dir='ltr'><strong>sapientiam</strong></span> <span class='ocrx_word' id='word_1_444' title='bbox 1082 4195 1226 4238; x_wconf 89' lang='lat' dir='ltr'><strong>tuam</strong></span> <span class='ocrx_word' id='word_1_445' title='bbox 1251 4186 1514 4239; x_wconf 86' lang='lat' dir='ltr'><strong>eruditam</strong></span> <span class='ocrx_word' id='word_1_446' title='bbox 1548 4200 1667 4239; x_wconf 87' lang='lat' dir='ltr'><strong>esse</strong></span> <span class='ocrx_word' id='word_1_447' title='bbox 1690 4186 1819 4246; x_wconf 90' lang='lat' dir='ltr'><strong>scio,</strong></span> 
     </span>
    </p>
   </div>
   <div class='ocr_carea' id='block_1_58' title="bbox 247 4273 1824 4348">
    <p class='ocr_par' dir='ltr' id='par_1_58' title="bbox 247 4273 1824 4348">
     <span class='ocr_line' id='line_1_58' title="bbox 247 4273 1824 4348; baseline -0.001 -20"><span class='ocrx_word' id='word_1_448' title='bbox 247 4283 303 4328; x_wconf 89' lang='lat' dir='ltr'><strong>ct</strong></span> <span class='ocrx_word' id='word_1_449' title='bbox 355 4289 476 4343; x_wconf 69' lang='lat' dir='ltr'><strong>qua:</strong></span> <span class='ocrx_word' id='word_1_450' title='bbox 512 4273 605 4327; x_wconf 90' lang='lat' dir='ltr'><strong>tibi</strong></span> <span class='ocrx_word' id='word_1_451' title='bbox 650 4273 865 4348; x_wconf 87' lang='lat' dir='ltr'><strong>placere</strong></span> <span class='ocrx_word' id='word_1_452' title='bbox 910 4274 1128 4328; x_wconf 89' lang='lat' dir='ltr'><strong>omnino</strong></span> <span class='ocrx_word' id='word_1_453' title='bbox 1175 4289 1444 4344; x_wconf 86' lang='lat' dir='ltr'><strong>agnosco:</strong></span> <span class='ocrx_word' id='word_1_454' title='bbox 1496 4282 1557 4327; x_wconf 92' lang='lat' dir='ltr'><strong>ut</strong></span> <span class='ocrx_word' id='word_1_455' title='bbox 1597 4274 1824 4342; x_wconf 88' lang='lat' dir='ltr'><strong>gaudeat</strong></span> 
     </span>
    </p>
   </div>
   <div class='ocr_carea' id='block_1_59' title="bbox 247 4363 1822 4429">
    <p class='ocr_par' dir='ltr' id='par_1_59' title="bbox 247 4363 1822 4429">
     <span class='ocr_line' id='line_1_59' title="bbox 247 4363 1822 4429; baseline -0.002 -11"><span class='ocrx_word' id='word_1_456' title='bbox 247 4379 406 4418; x_wconf 89' lang='lat' dir='ltr'><strong>mens</strong></span> <span class='ocrx_word' id='word_1_457' title='bbox 441 4371 532 4419; x_wconf 87' lang='lat' dir='ltr'><strong>tua</strong></span> <span class='ocrx_word' id='word_1_458' title='bbox 577 4363 629 4417; x_wconf 87' lang='lat' dir='ltr'><strong>in</strong></span> <span class='ocrx_word' id='word_1_459' title='bbox 675 4364 974 4418; x_wconf 87' lang='lat' dir='ltr'><strong>rationibus</strong></span> <span class='ocrx_word' id='word_1_460' title='bbox 1003 4377 1218 4429; x_wconf 89' lang='lat' dir='ltr'><strong>rerum,</strong></span> <span class='ocrx_word' id='word_1_461' title='bbox 1260 4366 1399 4419; x_wconf 89' lang='lat' dir='ltr'><strong>sicut</strong></span> <span class='ocrx_word' id='word_1_462' title='bbox 1442 4380 1558 4419; x_wconf 90' lang='lat' dir='ltr'><strong>mea</strong></span> <span class='ocrx_word' id='word_1_463' title='bbox 1601 4363 1822 4418; x_wconf 89' lang='lat' dir='ltr'><strong>multum</strong></span> 
     </span>
    </p>
   </div>
   <div class='ocr_carea' id='block_1_60' title="bbox 246 4453 1825 4523">
    <p class='ocr_par' dir='ltr' id='par_1_60' title="bbox 246 4453 1825 4523">
     <span class='ocr_line' id='line_1_60' title="bbox 246 4453 1825 4523; baseline 0.001 -19"><span class='ocrx_word' id='word_1_464' title='bbox 246 4453 448 4520; x_wconf 83' lang='lat' dir='ltr'><strong>gaudet</strong></span> <span class='ocrx_word' id='word_1_465' title='bbox 469 4453 574 4506; x_wconf 76' lang='lat' dir='ltr'><strong>tibi</strong></span> <span class='ocrx_word' id='word_1_466' title='bbox 590 4453 784 4521; x_wconf 62' lang='lat' dir='ltr'><strong>sapius</strong></span> <span class='ocrx_word' id='word_1_467' title='bbox 803 4455 930 4507; x_wconf 86' lang='lat' dir='ltr'><strong>talia</strong></span> <span class='ocrx_word' id='word_1_468' title='bbox 954 4453 1204 4523; x_wconf 88' lang='lat' dir='ltr'><strong>dirigere.</strong></span> <span class='ocrx_word' id='word_1_469' title='bbox 1231 4453 1548 4509; x_wconf 86' lang='lat' dir='ltr'><strong>Benedictus</strong></span> <span class='ocrx_word' id='word_1_470' title='bbox 1569 4453 1825 4509; x_wconf 87' lang='lat' dir='ltr'><strong>Dominus</strong></span> 
     </span>
    </p>
   </div>
   <div class='ocr_carea' id='block_1_61' title="bbox 245 4529 1820 4612">
    <p class='ocr_par' dir='ltr' id='par_1_61' title="bbox 245 4529 1820 4612">
     <span class='ocr_line' id='line_1_61' title="bbox 245 4529 1820 4612; baseline -0.001 -16"><span class='ocrx_word' id='word_1_471' title='bbox 245 4543 395 4596; x_wconf 89' lang='lat' dir='ltr'><strong>Deus</strong></span> <span class='ocrx_word' id='word_1_472' title='bbox 419 4529 480 4592; x_wconf 73' lang='lat' dir='ltr'><strong>ili“</strong></span> <span class='ocrx_word' id='word_1_473' title='bbox 494 4540 647 4594; x_wconf 89' lang='lat' dir='ltr'><strong>donis</strong></span> <span class='ocrx_word' id='word_1_474' title='bbox 670 4542 799 4604; x_wconf 89' lang='lat' dir='ltr'><strong>suis,</strong></span> <span class='ocrx_word' id='word_1_475' title='bbox 835 4543 924 4610; x_wconf 90' lang='lat' dir='ltr'><strong>qui</strong></span> <span class='ocrx_word' id='word_1_476' title='bbox 962 4543 1069 4596; x_wconf 78' lang='lat' dir='ltr'><strong>tibi</strong></span> <span class='ocrx_word' id='word_1_477' title='bbox 1084 4543 1437 4596; x_wconf 82' lang='lat' dir='ltr'><strong>clarissimam</strong></span> <span class='ocrx_word' id='word_1_478' title='bbox 1467 4543 1660 4598; x_wconf 76' lang='lat' dir='ltr'><strong>divinze</strong></span> <span class='ocrx_word' id='word_1_479' title='bbox 1689 4543 1820 4612; x_wconf 90' lang='lat' dir='ltr'><strong>legis</strong></span> 
     </span>
    </p>
   </div>
   <div class='ocr_carea' id='block_1_62' title="bbox 1931 2026 3484 2097">
    <p class='ocr_par' dir='ltr' id='par_1_62' title="bbox 1931 2026 3484 2097">
     <span class='ocr_line' id='line_1_62' title="bbox 1931 2026 3484 2097; baseline 0.001 -17"><span class='ocrx_word' id='word_1_480' title='bbox 1931 2028 2182 2080; x_wconf 87' lang='lat' dir='ltr'><strong>deranda.</strong></span> <span class='ocrx_word' id='word_1_481' title='bbox 2229 2027 2340 2096; x_wconf 75' lang='lat' dir='ltr'><strong>Ego</strong></span> <span class='ocrx_word' id='word_1_482' title='bbox 2375 2027 2664 2082; x_wconf 84' lang='lat' dir='ltr'><strong>solus.non</strong></span> <span class='ocrx_word' id='word_1_483' title='bbox 2710 2027 2916 2083; x_wconf 85' lang='lat' dir='ltr'><strong>sufficio</strong></span> <span class='ocrx_word' id='word_1_484' title='bbox 2959 2028 3025 2082; x_wconf 93' lang='lat' dir='ltr'><strong>ad</strong></span> <span class='ocrx_word' id='word_1_485' title='bbox 3067 2026 3484 2097; x_wconf 87' lang='lat' dir='ltr'><strong>responsionem.</strong></span> 
     </span>
    </p>
   </div>
   <div class='ocr_carea' id='block_1_63' title="bbox 1927 2115 3483 2189">
    <p class='ocr_par' dir='ltr' id='par_1_63' title="bbox 1927 2115 3483 2189">
     <span class='ocr_line' id='line_1_63' title="bbox 1927 2115 3483 2189; baseline 0.003 -21"><span class='ocrx_word' id='word_1_486' title='bbox 1927 2115 2374 2169; x_wconf 75' lang='lat' dir='ltr'><strong>Przevideatvero</strong></span> <span class='ocrx_word' id='word_1_487' title='bbox 2395 2123 2498 2169; x_wconf 91' lang='lat' dir='ltr'><strong>.tua</strong></span> <span class='ocrx_word' id='word_1_488' title='bbox 2532 2123 2715 2170; x_wconf 88' lang='lat' dir='ltr'><strong>sancta</strong></span> <span class='ocrx_word' id='word_1_489' title='bbox 2743 2117 2913 2187; x_wconf 87' lang='lat' dir='ltr'><strong>pietas</strong></span> <span class='ocrx_word' id='word_1_490' title='bbox 2941 2117 3239 2189; x_wconf 62' lang='lat' dir='ltr'><strong>huicpperi</strong></span> <span class='ocrx_word' id='word_1_491' title='bbox 3265 2127 3374 2172; x_wconf 84' lang='lat' dir='ltr'><strong>tam</strong></span> <span class='ocrx_word' id='word_1_492' title='bbox 3405 2134 3483 2172; x_wconf 87' lang='lat' dir='ltr'><strong>ar-</strong></span> 
     </span>
    </p>
   </div>
   <div class='ocr_carea' id='block_1_64' title="bbox 1929 2191 3498 2274">
    <p class='ocr_par' dir='ltr' id='par_1_64' title="bbox 1929 2191 3498 2274">
     <span class='ocr_line' id='line_1_64' title="bbox 1929 2191 3498 2274; baseline 0.004 -18"><span class='ocrx_word' id='word_1_493' title='bbox 1929 2203 2032 2256; x_wconf 91' lang='lat' dir='ltr'><strong>duo</strong></span> <span class='ocrx_word' id='word_1_494' title='bbox 2065 2191 2120 2256; x_wconf 83' lang='lat' dir='ltr'><strong>et</strong></span> <span class='ocrx_word' id='word_1_495' title='bbox 2151 2203 2453 2257; x_wconf 90' lang='lat' dir='ltr'><strong>necessario</strong></span> <span class='ocrx_word' id='word_1_496' title='bbox 2489 2201 2763 2272; x_wconf 88' lang='lat' dir='ltr'><strong>adjutores</strong></span> <span class='ocrx_word' id='word_1_497' title='bbox 2791 2203 3041 2268; x_wconf 88' lang='lat' dir='ltr'><strong>idoneos,</strong></span> <span class='ocrx_word' id='word_1_498' title='bbox 3071 2215 3333 2274; x_wconf 88' lang='lat' dir='ltr'><strong>quatenus</strong></span> <span class='ocrx_word' id='word_1_499' title='bbox 3376 2209 3498 2266; x_wconf 64' lang='lat' dir='ltr'><strong>hec</strong></span> 
     </span>
    </p>
   </div>
   <div class='ocr_carea' id='block_1_65' title="bbox 1926 2293 3488 2368">
    <p class='ocr_par' dir='ltr' id='par_1_65' title="bbox 1926 2293 3488 2368">
     <span class='ocr_line' id='line_1_65' title="bbox 1926 2293 3488 2368; baseline 0.004 -22"><span class='ocrx_word' id='word_1_500' title='bbox 1926 2293 2088 2361; x_wconf 89' lang='lat' dir='ltr'><strong>impia</strong></span> <span class='ocrx_word' id='word_1_501' title='bbox 2134 2293 2360 2348; x_wconf 76' lang='lat' dir='ltr'><strong>haeresis</strong></span> <span class='ocrx_word' id='word_1_502' title='bbox 2395 2294 2715 2360; x_wconf 83' lang='lat' dir='ltr'><strong>omnimodis</strong></span> <span class='ocrx_word' id='word_1_503' title='bbox 2759 2295 3162 2364; x_wconf 79' lang='lat' dir='ltr'><strong>exstinguatur,</strong></span> <span class='ocrx_word' id='word_1_504' title='bbox 3203 2306 3488 2368; x_wconf 85' lang='lat' dir='ltr'><strong>antequam</strong></span> 
     </span>
    </p>
   </div>
   <div class='ocr_carea' id='block_1_66' title="bbox 1926 2383 3487 2456">
    <p class='ocr_par' dir='ltr' id='par_1_66' title="bbox 1926 2383 3487 2456">
     <span class='ocr_line' id='line_1_66' title="bbox 1926 2383 3487 2456; baseline 0.004 -19"><span class='ocrx_word' id='word_1_505' title='bbox 1926 2385 2087 2439; x_wconf 91' lang='lat' dir='ltr'><strong>latius</strong></span> <span class='ocrx_word' id='word_1_506' title='bbox 2114 2392 2397 2454; x_wconf 89' lang='lat' dir='ltr'><strong>spargatur</strong></span> <span class='ocrx_word' id='word_1_507' title='bbox 2436 2401 2530 2454; x_wconf 89' lang='lat' dir='ltr'><strong>per</strong></span> <span class='ocrx_word' id='word_1_508' title='bbox 2554 2385 2738 2441; x_wconf 85' lang='lat' dir='ltr'><strong>orbem</strong></span> <span class='ocrx_word' id='word_1_509' title='bbox 2779 2383 3068 2450; x_wconf 72' lang='lat' dir='ltr'><strong>Christiani</strong></span> <span class='ocrx_word' id='word_1_510' title='bbox 3091 2385 3315 2456; x_wconf 85' lang='lat' dir='ltr'><strong>imperii,</strong></span> <span class='ocrx_word' id='word_1_511' title='bbox 3348 2390 3487 2456; x_wconf 89' lang='lat' dir='ltr'><strong>quod</strong></span> 
     </span>
    </p>
   </div>
   <div class='ocr_carea' id='block_1_67' title="bbox 1925 2473 3488 2546">
    <p class='ocr_par' dir='ltr' id='par_1_67' title="bbox 1925 2473 3488 2546">
     <span class='ocr_line' id='line_1_67' title="bbox 1925 2473 3488 2546; baseline 0.001 -17"><span class='ocrx_word' id='word_1_512' title='bbox 1925 2473 2104 2529; x_wconf 89' lang='lat' dir='ltr'><strong>divina</strong></span> <span class='ocrx_word' id='word_1_513' title='bbox 2131 2474 2302 2544; x_wconf 75' lang='lat' dir='ltr'><strong>pictas</strong></span> <span class='ocrx_word' id='word_1_514' title='bbox 2341 2474 2437 2529; x_wconf 90' lang='lat' dir='ltr'><strong>tibi</strong></span> <span class='ocrx_word' id='word_1_515' title='bbox 2481 2475 2693 2544; x_wconf 83' lang='lat' dir='ltr'><strong>tuisque</strong></span> <span class='ocrx_word' id='word_1_516' title='bbox 2733 2474 2857 2529; x_wconf 88' lang='lat' dir='ltr'><strong>filiis</strong></span> <span class='ocrx_word' id='word_1_517' title='bbox 2893 2476 3158 2531; x_wconf 84' lang='lat' dir='ltr'><strong>commisit</strong></span> <span class='ocrx_word' id='word_1_518' title='bbox 3200 2477 3488 2546; x_wconf 88' lang='lat' dir='ltr'><strong>regendum</strong></span> 
     </span>
    </p>
   </div>
   <div class='ocr_carea' id='block_1_68' title="bbox 1929 2563 3486 2637">
    <p class='ocr_par' dir='ltr' id='par_1_68' title="bbox 1929 2563 3486 2637">
     <span class='ocr_line' id='line_1_68' title="bbox 1929 2563 3486 2637; baseline 0.002 -20"><span class='ocrx_word' id='word_1_519' title='bbox 1929 2571 2087 2632; x_wconf 90' lang='lat' dir='ltr'><strong>atque</strong></span> <span class='ocrx_word' id='word_1_520' title='bbox 2113 2565 2533 2634; x_wconf 87' lang='lat' dir='ltr'><strong>gubernandum.</strong></span> <span class='ocrx_word' id='word_1_521' title='bbox 2565 2563 2734 2634; x_wconf 87' lang='lat' dir='ltr'><strong>Surge</strong></span> <span class='ocrx_word' id='word_1_522' title='bbox 2763 2563 2846 2618; x_wconf 89' lang='lat' dir='ltr'><strong>vir</strong></span> <span class='ocrx_word' id='word_1_523' title='bbox 2888 2580 2917 2618; x_wconf 93' lang='lat' dir='ltr'><strong>a</strong></span> <span class='ocrx_word' id='word_1_524' title='bbox 2955 2566 3064 2620; x_wconf 90' lang='lat' dir='ltr'><strong>Deo</strong></span> <span class='ocrx_word' id='word_1_525' title='bbox 3093 2566 3286 2631; x_wconf 88' lang='lat' dir='ltr'><strong>electe,</strong></span> <span class='ocrx_word' id='word_1_526' title='bbox 3333 2581 3486 2637; x_wconf 79' lang='lat' dir='ltr'><strong>surge</strong></span> 
     </span>
    </p>
   </div>
   <div class='ocr_carea' id='block_1_69' title="bbox 1929 2653 3493 2725">
    <p class='ocr_par' dir='ltr' id='par_1_69' title="bbox 1929 2653 3493 2725">
     <span class='ocr_line' id='line_1_69' title="bbox 1929 2653 3493 2725; baseline 0.003 -19"><span class='ocrx_word' id='word_1_527' title='bbox 1929 2653 2002 2706; x_wconf 88' lang='lat' dir='ltr'><strong>fili</strong></span> <span class='ocrx_word' id='word_1_528' title='bbox 2033 2654 2144 2718; x_wconf 89' lang='lat' dir='ltr'><strong>Dei,</strong></span> <span class='ocrx_word' id='word_1_529' title='bbox 2174 2669 2329 2723; x_wconf 89' lang='lat' dir='ltr'><strong>surge</strong></span> <span class='ocrx_word' id='word_1_530' title='bbox 2358 2654 2512 2710; x_wconf 90' lang='lat' dir='ltr'><strong>miles</strong></span> <span class='ocrx_word' id='word_1_531' title='bbox 2535 2653 2756 2720; x_wconf 88' lang='lat' dir='ltr'><strong>Christi,</strong></span> <span class='ocrx_word' id='word_1_532' title='bbox 2787 2661 2843 2712; x_wconf 86' lang='lat' dir='ltr'><strong>et</strong></span> <span class='ocrx_word' id='word_1_533' title='bbox 2867 2653 3088 2710; x_wconf 86' lang='lat' dir='ltr'><strong>defende</strong></span> <span class='ocrx_word' id='word_1_534' title='bbox 3110 2670 3357 2725; x_wconf 86' lang='lat' dir='ltr'><strong>sponsam</strong></span> <span class='ocrx_word' id='word_1_535' title='bbox 3388 2655 3493 2711; x_wconf 84' lang='lat' dir='ltr'><strong>Do-</strong></span> 
     </span>
    </p>
   </div>
   <div class='ocr_carea' id='block_1_70' title="bbox 1929 2742 3495 2814">
    <p class='ocr_par' dir='ltr' id='par_1_70' title="bbox 1929 2742 3495 2814">
     <span class='ocr_line' id='line_1_70' title="bbox 1929 2742 3495 2814; baseline 0.002 -19"><span class='ocrx_word' id='word_1_536' title='bbox 1929 2742 2058 2796; x_wconf 90' lang='lat' dir='ltr'><strong>mini</strong></span> <span class='ocrx_word' id='word_1_537' title='bbox 2082 2743 2175 2797; x_wconf 86' lang='lat' dir='ltr'><strong>Dei</strong></span> <span class='ocrx_word' id='word_1_538' title='bbox 2205 2743 2300 2797; x_wconf 89' lang='lat' dir='ltr'><strong>tui.</strong></span> <span class='ocrx_word' id='word_1_539' title='bbox 2333 2743 2519 2813; x_wconf 87' lang='lat' dir='ltr'><strong>Cogita</strong></span> <span class='ocrx_word' id='word_1_540' title='bbox 2550 2743 2615 2799; x_wconf 92' lang='lat' dir='ltr'><strong>de</strong></span> <span class='ocrx_word' id='word_1_541' title='bbox 2657 2759 2846 2814; x_wconf 85' lang='lat' dir='ltr'><strong>sponsa</strong></span> <span class='ocrx_word' id='word_1_542' title='bbox 2888 2752 2997 2810; x_wconf 86' lang='lat' dir='ltr'><strong>tua,</strong></span> <span class='ocrx_word' id='word_1_543' title='bbox 3029 2745 3072 2799; x_wconf 90' lang='lat' dir='ltr'><strong>si</strong></span> <span class='ocrx_word' id='word_1_544' title='bbox 3101 2745 3225 2814; x_wconf 92' lang='lat' dir='ltr'><strong>quis</strong></span> <span class='ocrx_word' id='word_1_545' title='bbox 3250 2758 3368 2799; x_wconf 87' lang='lat' dir='ltr'><strong>eam</strong></span> <span class='ocrx_word' id='word_1_546' title='bbox 3398 2759 3495 2798; x_wconf 78' lang='lat' dir='ltr'><strong>ex-</strong></span> 
     </span>
    </p>
   </div>
   <div class='ocr_carea' id='block_1_71' title="bbox 1928 2833 3488 2904">
    <p class='ocr_par' dir='ltr' id='par_1_71' title="bbox 1928 2833 3488 2904">
     <span class='ocr_line' id='line_1_71' title="bbox 1928 2833 3488 2904; baseline 0.002 -18"><span class='ocrx_word' id='word_1_547' title='bbox 1928 2833 2192 2888; x_wconf 87' lang='lat' dir='ltr'><strong>honorare</strong></span> <span class='ocrx_word' id='word_1_548' title='bbox 2221 2834 2363 2898; x_wconf 89' lang='lat' dir='ltr'><strong>velit,</strong></span> <span class='ocrx_word' id='word_1_549' title='bbox 2390 2850 2552 2904; x_wconf 84' lang='lat' dir='ltr'><strong>quam</strong></span> <span class='ocrx_word' id='word_1_550' title='bbox 2575 2835 2841 2904; x_wconf 84' lang='lat' dir='ltr'><strong>patienter</strong></span> <span class='ocrx_word' id='word_1_551' title='bbox 2864 2843 2985 2890; x_wconf 88' lang='lat' dir='ltr'><strong>tuus</strong></span> <span class='ocrx_word' id='word_1_552' title='bbox 3017 2836 3120 2892; x_wconf 89' lang='lat' dir='ltr'><strong>hoc</strong></span> <span class='ocrx_word' id='word_1_553' title='bbox 3148 2833 3366 2889; x_wconf 78' lang='lat' dir='ltr'><strong>suﬂ&#39;erat</strong></span> <span class='ocrx_word' id='word_1_554' title='bbox 3390 2834 3488 2889; x_wconf 86' lang='lat' dir='ltr'><strong>ini—</strong></span> 
     </span>
    </p>
   </div>
   <div class='ocr_carea' id='block_1_72' title="bbox 1927 2924 3489 2995">
    <p class='ocr_par' dir='ltr' id='par_1_72' title="bbox 1927 2924 3489 2995">
     <span class='ocr_line' id='line_1_72' title="bbox 1927 2924 3489 2995; baseline 0.001 -17"><span class='ocrx_word' id='word_1_555' title='bbox 1927 2925 2118 2979; x_wconf 88' lang='lat' dir='ltr'><strong>micus.</strong></span> <span class='ocrx_word' id='word_1_556' title='bbox 2149 2924 2438 2979; x_wconf 87' lang='lat' dir='ltr'><strong>Considera</strong></span> <span class='ocrx_word' id='word_1_557' title='bbox 2470 2941 2680 2995; x_wconf 88' lang='lat' dir='ltr'><strong>quoque</strong></span> <span class='ocrx_word' id='word_1_558' title='bbox 2722 2927 2863 2994; x_wconf 85' lang='lat' dir='ltr'><strong>quod</strong></span> <span class='ocrx_word' id='word_1_559' title='bbox 2900 2925 3096 2994; x_wconf 87' lang='lat' dir='ltr'><strong>injuria</strong></span> <span class='ocrx_word' id='word_1_560' title='bbox 3124 2926 3221 2981; x_wconf 77' lang='lat' dir='ltr'><strong>ﬁlii</strong></span> <span class='ocrx_word' id='word_1_561' title='bbox 3248 2926 3327 2980; x_wconf 87' lang='lat' dir='ltr'><strong>tui</strong></span> <span class='ocrx_word' id='word_1_562' title='bbox 3351 2927 3408 2980; x_wconf 85' lang='lat' dir='ltr'><strong>in</strong></span> <span class='ocrx_word' id='word_1_563' title='bbox 3433 2935 3489 2991; x_wconf 83' lang='lat' dir='ltr'><strong>te</strong></span> 
     </span>
    </p>
   </div>
   <div class='ocr_carea' id='block_1_73' title="bbox 1926 3014 3492 3086">
    <p class='ocr_par' dir='ltr' id='par_1_73' title="bbox 1926 3014 3492 3086">
     <span class='ocr_line' id='line_1_73' title="bbox 1926 3014 3492 3086; baseline 0.002 -18"><span class='ocrx_word' id='word_1_564' title='bbox 1926 3014 2201 3083; x_wconf 87' lang='lat' dir='ltr'><strong>perveniet</strong></span> <span class='ocrx_word' id='word_1_565' title='bbox 2225 3032 2238 3080; x_wconf 91' lang='lat'><strong>;</strong></span> <span class='ocrx_word' id='word_1_566' title='bbox 2278 3015 2543 3084; x_wconf 91' lang='lat' dir='ltr'><strong>quomodo</strong></span> <span class='ocrx_word' id='word_1_567' title='bbox 2568 3031 2672 3069; x_wconf 90' lang='lat' dir='ltr'><strong>non</strong></span> <span class='ocrx_word' id='word_1_568' title='bbox 2707 3015 2874 3069; x_wconf 88' lang='lat' dir='ltr'><strong>multo</strong></span> <span class='ocrx_word' id='word_1_569' title='bbox 2906 3014 3078 3086; x_wconf 86' lang='lat' dir='ltr'><strong>magis</strong></span> <span class='ocrx_word' id='word_1_570' title='bbox 3097 3014 3293 3082; x_wconf 83' lang='lat' dir='ltr'><strong>injuria</strong></span> <span class='ocrx_word' id='word_1_571' title='bbox 3320 3023 3376 3069; x_wconf 89' lang='lat' dir='ltr'><strong>et</strong></span> <span class='ocrx_word' id='word_1_572' title='bbox 3399 3031 3492 3086; x_wconf 85' lang='lat' dir='ltr'><strong>op-</strong></span> 
     </span>
    </p>
   </div>
   <div class='ocr_carea' id='block_1_74' title="bbox 1928 3104 3480 3176">
    <p class='ocr_par' dir='ltr' id='par_1_74' title="bbox 1928 3104 3480 3176">
     <span class='ocr_line' id='line_1_74' title="bbox 1928 3104 3480 3176; baseline 0.001 -18"><span class='ocrx_word' id='word_1_573' title='bbox 1928 3105 2200 3176; x_wconf 83' lang='lat' dir='ltr'><strong>probrium</strong></span> <span class='ocrx_word' id='word_1_574' title='bbox 2225 3105 2346 3172; x_wconf 72' lang='lat' dir='ltr'><strong>Filii</strong></span> <span class='ocrx_word' id='word_1_575' title='bbox 2373 3106 2466 3160; x_wconf 91' lang='lat' dir='ltr'><strong>Dei</strong></span> <span class='ocrx_word' id='word_1_576' title='bbox 2491 3104 2911 3168; x_wconf 57' lang='lat' dir='ltr'><strong>Salvatoristui,</strong></span> <span class='ocrx_word' id='word_1_577' title='bbox 2928 3105 3247 3175; x_wconf 71' lang='lat' dir='ltr'><strong>protectoris</strong></span> <span class='ocrx_word' id='word_1_578' title='bbox 3264 3106 3365 3170; x_wconf 78' lang='lat' dir='ltr'><strong>tui,</strong></span> <span class='ocrx_word' id='word_1_579' title='bbox 3386 3105 3480 3159; x_wconf 90' lang='lat' dir='ltr'><strong>lar-</strong></span> 
     </span>
    </p>
   </div>
   <div class='ocr_carea' id='block_1_75' title="bbox 1931 3196 3493 3268">
    <p class='ocr_par' dir='ltr' id='par_1_75' title="bbox 1931 3196 3493 3268">
     <span class='ocr_line' id='line_1_75' title="bbox 1931 3196 3493 3268; baseline 0 -18"><span class='ocrx_word' id='word_1_580' title='bbox 1931 3198 2119 3268; x_wconf 88' lang='lat' dir='ltr'><strong>gitoris</strong></span> <span class='ocrx_word' id='word_1_581' title='bbox 2152 3197 2390 3252; x_wconf 81' lang='lat' dir='ltr'><strong>omnium</strong></span> <span class='ocrx_word' id='word_1_582' title='bbox 2411 3198 2671 3252; x_wconf 86' lang='lat' dir='ltr'><strong>bonorum</strong></span> <span class='ocrx_word' id='word_1_583' title='bbox 2697 3197 2824 3251; x_wconf 79' lang='lat' dir='ltr'><strong>totis</strong></span> <span class='ocrx_word' id='word_1_584' title='bbox 2846 3196 3388 3260; x_wconf 80' lang='lat' dir='ltr'><strong>viribus.vindicanda</strong></span> <span class='ocrx_word' id='word_1_585' title='bbox 3409 3205 3493 3258; x_wconf 78' lang='lat' dir='ltr'><strong>est</strong></span> 
     </span>
    </p>
   </div>
   <div class='ocr_carea' id='block_1_76' title="bbox 1932 3287 3533 3359">
    <p class='ocr_par' dir='ltr' id='par_1_76' title="bbox 1932 3287 3533 3359">
     <span class='ocr_line' id='line_1_76' title="bbox 1932 3287 3533 3359; baseline 0.001 -19"><span class='ocrx_word' id='word_1_586' title='bbox 1932 3289 2028 3342; x_wconf 90' lang='lat' dir='ltr'><strong>tibi</strong></span> <span class='ocrx_word' id='word_1_587' title='bbox 2050 3289 2076 3340; x_wconf 62' lang='grc' dir='ltr'><em>ἲ</em></span> <span class='ocrx_word' id='word_1_588' title='bbox 2099 3288 2193 3342; x_wconf 89' lang='lat' dir='ltr'><strong>Sta</strong></span> <span class='ocrx_word' id='word_1_589' title='bbox 2221 3288 2444 3346; x_wconf 77' lang='lat' dir='ltr'><strong>viriliter</strong></span> <span class='ocrx_word' id='word_1_590' title='bbox 2465 3303 2564 3359; x_wconf 88' lang='lat' dir='ltr'><strong>pro</strong></span> <span class='ocrx_word' id='word_1_591' title='bbox 2589 3302 2672 3352; x_wconf 90' lang='lat' dir='ltr'><strong>ea,</strong></span> <span class='ocrx_word' id='word_1_592' title='bbox 2700 3303 2859 3357; x_wconf 88' lang='lat' dir='ltr'><strong>quam</strong></span> <span class='ocrx_word' id='word_1_593' title='bbox 2902 3287 3156 3357; x_wconf 85' lang='lat' dir='ltr'><strong>accepisti</strong></span> <span class='ocrx_word' id='word_1_594' title='bbox 3172 3287 3375 3347; x_wconf 61' lang='lat' dir='ltr'><strong>-sa.-Deo</strong></span> <span class='ocrx_word' id='word_1_595' title='bbox 3402 3295 3496 3350; x_wconf 81' lang='lat' dir='ltr'><strong>tuo</strong></span> <span class='ocrx_word' id='word_1_596' title='bbox 3517 3299 3533 3312; x_wconf 86' lang='lat'><strong>&#39;</strong></span> 
     </span>
    </p>
   </div>
   <div class='ocr_carea' id='block_1_77' title="bbox 1930 3365 3493 3447">
    <p class='ocr_par' dir='ltr' id='par_1_77' title="bbox 1930 3365 3493 3447">
     <span class='ocr_line' id='line_1_77' title="bbox 1930 3365 3493 3447; baseline 0.002 -16"><span class='ocrx_word' id='word_1_597' title='bbox 1930 3380 2213 3446; x_wconf 89' lang='lat' dir='ltr'><strong>regendam</strong></span> <span class='ocrx_word' id='word_1_598' title='bbox 2241 3387 2295 3432; x_wconf 89' lang='lat' dir='ltr'><strong>et</strong></span> <span class='ocrx_word' id='word_1_599' title='bbox 2321 3365 2762 3442; x_wconf 79' lang='lat' dir='ltr'><strong>conservandam,</strong></span> <span class='ocrx_word' id='word_1_600' title='bbox 2791 3385 3048 3445; x_wconf 87' lang='lat' dir='ltr'><strong>quatenus</strong></span> <span class='ocrx_word' id='word_1_601' title='bbox 3069 3377 3304 3447; x_wconf 87' lang='lat' dir='ltr'><strong>potentia</strong></span> <span class='ocrx_word' id='word_1_602' title='bbox 3335 3393 3493 3442; x_wconf 63' lang='lat' dir='ltr'><strong>sucu,</strong></span> 
     </span>
    </p>
   </div>
   <div class='ocr_carea' id='block_1_78' title="bbox 1926 3465 3297 3535">
    <p class='ocr_par' dir='ltr' id='par_1_78' title="bbox 1926 3465 3297 3535">
     <span class='ocr_line' id='line_1_78' title="bbox 1926 3465 3297 3535; baseline 0 -15"><span class='ocrx_word' id='word_1_603' title='bbox 1926 3466 2063 3521; x_wconf 66' lang='lat' dir='ltr'><strong>laris.</strong></span> <span class='ocrx_word' id='word_1_604' title='bbox 2081 3465 2175 3521; x_wconf 88' lang='lat' dir='ltr'><strong>tibi</strong></span> <span class='ocrx_word' id='word_1_605' title='bbox 2199 3465 2443 3535; x_wconf 83' lang='lat' dir='ltr'><strong>proficiat</strong></span> <span class='ocrx_word' id='word_1_606' title='bbox 2465 3465 2518 3519; x_wconf 92' lang='lat' dir='ltr'><strong>in</strong></span> <span class='ocrx_word' id='word_1_607' title='bbox 2546 3465 2800 3535; x_wconf 90' lang='lat' dir='ltr'><strong>spiritalis</strong></span> <span class='ocrx_word' id='word_1_608' title='bbox 2827 3465 3010 3534; x_wconf 77' lang='lat' dir='ltr'><strong>gloria:</strong></span> <span class='ocrx_word' id='word_1_609' title='bbox 3038 3465 3297 3533; x_wconf 86' lang='lat' dir='ltr'><strong>divitias._</strong></span> 
     </span>
    </p>
   </div>
   <div class='ocr_carea' id='block_1_79' title="bbox 2356 3571 3053 3630">
    <p class='ocr_par' dir='ltr' id='par_1_79' title="bbox 2356 3571 3053 3630">
     <span class='ocr_line' id='line_1_79' title="bbox 2356 3571 3053 3630; baseline 0 0"><span class='ocrx_word' id='word_1_610' title='bbox 2356 3587 2377 3613; x_wconf 75' lang='grc' dir='ltr'>ε</span> <span class='ocrx_word' id='word_1_611' title='bbox 2411 3571 2733 3630; x_wconf 65' lang='lat' dir='ltr'><strong>EPISTOLA</strong></span> <span class='ocrx_word' id='word_1_612' title='bbox 2774 3573 3053 3630; x_wconf 77' lang='lat' dir='ltr'><strong>LXXXIV.</strong></span> 
     </span>
    </p>
   </div>
   <div class='ocr_carea' id='block_1_80' title="bbox 2437 3681 3009 3740">
    <p class='ocr_par' dir='ltr' id='par_1_80' title="bbox 2437 3681 3009 3740">
     <span class='ocr_line' id='line_1_80' title="bbox 2437 3681 3009 3740; baseline 0.002 -21"><span class='ocrx_word' id='word_1_613' title='bbox 2437 3682 2502 3719; x_wconf 59' lang='lat' dir='ltr'><strong>an</strong></span> <span class='ocrx_word' id='word_1_614' title='bbox 2536 3681 2752 3740; x_wconf 62' lang='lat' dir='ltr'><strong>nonnon</strong></span> <span class='ocrx_word' id='word_1_615' title='bbox 2791 3681 2983 3723; x_wconf 68' lang='lat' dir='ltr'><strong>ascen.</strong></span> <span class='ocrx_word' id='word_1_616' title='bbox 3002 3724 3009 3730; x_wconf 63' lang='grc'><em>,</em></span> 
     </span>
    </p>
   </div>
   <div class='ocr_carea' id='block_1_81' title="bbox 2538 3751 3028 3827">
    <p class='ocr_par' dir='ltr' id='par_1_81' title="bbox 2538 3751 3028 3827">
     <span class='ocr_line' id='line_1_81' title="bbox 2538 3751 3028 3827; baseline 0.002 -19"><span class='ocrx_word' id='word_1_617' title='bbox 2538 3751 2712 3827; x_wconf 76' lang='lat' dir='ltr'><strong>(Anno</strong></span> <span class='ocrx_word' id='word_1_618' title='bbox 2739 3758 2904 3827; x_wconf 87' lang='lat'><strong>798.)-_</strong></span> <span class='ocrx_word' id='word_1_619' title='bbox 3022 3819 3028 3824; x_wconf 26' lang='grc' dir='ltr'>ι</span> 
     </span>
    </p>
   </div>
   <div class='ocr_carea' id='block_1_82' title="bbox 1926 3817 3487 3931">
    <p class='ocr_par' dir='ltr' id='par_1_82' title="bbox 1926 3817 3487 3931">
     <span class='ocr_line' id='line_1_82' title="bbox 1926 3817 3487 3931; baseline 0.001 -1"><span class='ocrx_word' id='word_1_620' title='bbox 1926 3845 2173 3931; x_wconf 53' lang='lat' dir='ltr'><strong>Emme</strong></span> <span class='ocrx_word' id='word_1_621' title='bbox 2209 3845 2386 3931; x_wconf 75' lang='grc' dir='ltr'><strong>εεινοίε</strong></span> <span class='ocrx_word' id='word_1_622' title='bbox 2433 3817 3029 3931; x_wconf 53' lang='grc' dir='ltr'><strong>Μεξρηεῗτεεηρηάξξηιξέ</strong></span> <span class='ocrx_word' id='word_1_623' title='bbox 3069 3849 3487 3931; x_wconf 49' lang='lat' dir='ltr'><strong>tenemur-</strong></span> 
     </span>
    </p>
   </div>
   <div class='ocr_carea' id='block_1_83' title="bbox 1994 3913 3491 3984">
    <p class='ocr_par' dir='ltr' id='par_1_83' title="bbox 1994 3913 3491 3984">
     <span class='ocr_line' id='line_1_83' title="bbox 1994 3913 3491 3984; baseline 0.001 -14"><span class='ocrx_word' id='word_1_624' title='bbox 1994 3915 2195 3981; x_wconf 85' lang='lat' dir='ltr'><strong>cienda,</strong></span> <span class='ocrx_word' id='word_1_625' title='bbox 2236 3915 2299 3968; x_wconf 80' lang='lat' dir='ltr'><strong>de</strong></span> <span class='ocrx_word' id='word_1_626' title='bbox 2325 3913 2646 3984; x_wconf 76' lang='lat' dir='ltr'><strong>apparitione</strong></span> <span class='ocrx_word' id='word_1_627' title='bbox 2677 3913 2838 3968; x_wconf 70' lang='lat' dir='ltr'><strong>stellae</strong></span> <span class='ocrx_word' id='word_1_628' title='bbox 2865 3913 3072 3977; x_wconf 74' lang='lat' dir='ltr'><strong>Martis,</strong></span> <span class='ocrx_word' id='word_1_629' title='bbox 3100 3915 3163 3969; x_wconf 75' lang='lat' dir='ltr'><strong>de</strong></span> <span class='ocrx_word' id='word_1_630' title='bbox 3189 3916 3360 3971; x_wconf 81' lang='lat' dir='ltr'><strong>libello</strong></span> <span class='ocrx_word' id='word_1_631' title='bbox 3390 3913 3491 3972; x_wconf 73' lang='lat' dir='ltr'><strong>Fc-</strong></span> 
     </span>
    </p>
   </div>
   <div class='ocr_carea' id='block_1_84' title="bbox 1995 3983 3482 4055">
    <p class='ocr_par' dir='ltr' id='par_1_84' title="bbox 1995 3983 3482 4055">
     <span class='ocr_line' id='line_1_84' title="bbox 1995 3983 3482 4055; baseline 0 -16"><span class='ocrx_word' id='word_1_632' title='bbox 1995 3986 2107 4039; x_wconf 83' lang='lat' dir='ltr'><strong>licis</strong></span> <span class='ocrx_word' id='word_1_633' title='bbox 2144 3983 2444 4055; x_wconf 78' lang='lat' dir='ltr'><strong>refutando,</strong></span> <span class='ocrx_word' id='word_1_634' title='bbox 2470 3983 2534 4036; x_wconf 83' lang='lat' dir='ltr'><strong>de</strong></span> <span class='ocrx_word' id='word_1_635' title='bbox 2565 3985 2987 4055; x_wconf 58' lang='lat' dir='ltr'><strong>quaestionibgsa</strong></span> <span class='ocrx_word' id='word_1_636' title='bbox 3013 3984 3125 4052; x_wconf 82' lang='lat' dir='ltr'><strong>ﬁlia</strong></span> <span class='ocrx_word' id='word_1_637' title='bbox 3163 3985 3260 4041; x_wconf 84' lang='lat' dir='ltr'><strong>sibi</strong></span> <span class='ocrx_word' id='word_1_638' title='bbox 3300 3988 3482 4049; x_wconf 82' lang='lat' dir='ltr'><strong>motis,</strong></span> 
     </span>
    </p>
   </div>
   <div class='ocr_carea' id='block_1_85' title="bbox 1995 4053 3482 4126">
    <p class='ocr_par' dir='ltr' id='par_1_85' title="bbox 1995 4053 3482 4126">
     <span class='ocr_line' id='line_1_85' title="bbox 1995 4053 3482 4126; baseline -0.002 -14"><span class='ocrx_word' id='word_1_639' title='bbox 1995 4056 2059 4112; x_wconf 81' lang='lat' dir='ltr'><strong>de</strong></span> <span class='ocrx_word' id='word_1_640' title='bbox 2072 4053 2521 4126; x_wconf 78' lang='lat' dir='ltr'><strong>supputationibus</strong></span> <span class='ocrx_word' id='word_1_641' title='bbox 2540 4053 2820 4107; x_wconf 81' lang='lat' dir='ltr'><strong>secundum</strong></span> <span class='ocrx_word' id='word_1_642' title='bbox 2837 4053 3110 4125; x_wconf 64' lang='lat' dir='ltr'><strong>Egyptios</strong></span> <span class='ocrx_word' id='word_1_643' title='bbox 3129 4056 3482 4109; x_wconf 71' lang='lat' dir='ltr'><strong>mandandis.</strong></span> 
     </span>
    </p>
   </div>
   <div class='ocr_carea' id='block_1_86' title="bbox 1998 4166 3487 4234">
    <p class='ocr_par' dir='ltr' id='par_1_86' title="bbox 1998 4166 3487 4234">
     <span class='ocr_line' id='line_1_86' title="bbox 1998 4166 3487 4234; baseline 0.004 -16"><span class='ocrx_word' id='word_1_644' title='bbox 1998 4166 2222 4220; x_wconf 85' lang='lat' dir='ltr'><strong>Domino</strong></span> <span class='ocrx_word' id='word_1_645' title='bbox 2245 4166 2554 4222; x_wconf 89' lang='lat' dir='ltr'><strong>dulcissimo</strong></span> <span class='ocrx_word' id='word_1_646' title='bbox 2575 4173 2628 4221; x_wconf 82' lang='lat' dir='ltr'><strong>et</strong></span> <span class='ocrx_word' id='word_1_647' title='bbox 2651 4182 2777 4220; x_wconf 82' lang='lat' dir='ltr'><strong>vero</strong></span> <span class='ocrx_word' id='word_1_648' title='bbox 2799 4167 3144 4224; x_wconf 87' lang='lat' dir='ltr'><strong>dilectissimo</strong></span> <span class='ocrx_word' id='word_1_649' title='bbox 3167 4168 3353 4234; x_wconf 87' lang='lat' dir='ltr'><strong>David,</strong></span> <span class='ocrx_word' id='word_1_650' title='bbox 3377 4186 3487 4224; x_wconf 88' lang='lat' dir='ltr'><strong>ma-</strong></span> 
     </span>
    </p>
   </div>
   <div class='ocr_carea' id='block_1_87' title="bbox 1925 4254 3487 4327">
    <p class='ocr_par' dir='ltr' id='par_1_87' title="bbox 1925 4254 3487 4327">
     <span class='ocr_line' id='line_1_87' title="bbox 1925 4254 3487 4327; baseline 0.006 -21"><span class='ocrx_word' id='word_1_651' title='bbox 1925 4254 2118 4323; x_wconf 86' lang='lat' dir='ltr'><strong>gnifico</strong></span> <span class='ocrx_word' id='word_1_652' title='bbox 2143 4263 2303 4323; x_wconf 76' lang='lat' dir='ltr'><strong>atque</strong></span> <span class='ocrx_word' id='word_1_653' title='bbox 2327 4270 2359 4312; x_wconf 86' lang='lat' dir='ltr'><strong>a</strong></span> <span class='ocrx_word' id='word_1_654' title='bbox 2386 4255 2496 4310; x_wconf 85' lang='lat' dir='ltr'><strong>Deo</strong></span> <span class='ocrx_word' id='word_1_655' title='bbox 2524 4264 2779 4310; x_wconf 81' lang='lat' dir='ltr'><strong>coronato</strong></span> <span class='ocrx_word' id='word_1_656' title='bbox 2811 4257 2919 4327; x_wconf 82' lang='lat' dir='ltr'><strong>regi</strong></span> <span class='ocrx_word' id='word_1_657' title='bbox 2957 4257 3182 4314; x_wconf 87' lang='lat' dir='ltr'><strong>Flaccus</strong></span> <span class='ocrx_word' id='word_1_658' title='bbox 3207 4269 3487 4316; x_wconf 88' lang='lat' dir='ltr'><strong>veteranus</strong></span> 
     </span>
    </p>
   </div>
   <div class='ocr_carea' id='block_1_88' title="bbox 1926 4329 3042 4416">
    <p class='ocr_par' dir='ltr' id='par_1_88' title="bbox 1926 4329 3042 4416">
     <span class='ocr_line' id='line_1_88' title="bbox 1926 4329 3042 4416; baseline -0.004 -18"><span class='ocrx_word' id='word_1_659' title='bbox 1926 4345 2077 4400; x_wconf 89' lang='lat' dir='ltr'><strong>miles</strong></span> <span class='ocrx_word' id='word_1_660' title='bbox 2098 4354 2404 4416; x_wconf 89' lang='lat' dir='ltr'><strong>perpetuam</strong></span> <span class='ocrx_word' id='word_1_661' title='bbox 2435 4345 2680 4400; x_wconf 89' lang='lat' dir='ltr'><strong>salutem.</strong></span> <span class='ocrx_word' id='word_1_662' title='bbox 3025 4329 3042 4394; x_wconf 78' lang='grc'><strong>’.</strong></span> 
     </span>
    </p>
   </div>
   <div class='ocr_carea' id='block_1_89' title="bbox 1996 4419 3487 4494">
    <p class='ocr_par' dir='ltr' id='par_1_89' title="bbox 1996 4419 3487 4494">
     <span class='ocr_line' id='line_1_89' title="bbox 1996 4419 3487 4494; baseline 0.003 -6"><span class='ocrx_word' id='word_1_663' title='bbox 1996 4419 2292 4492; x_wconf 67' lang='lat' dir='ltr'><strong>Lattissima</strong></span> <span class='ocrx_word' id='word_1_664' title='bbox 2321 4434 2452 4488; x_wconf 80' lang='lat' dir='ltr'><strong>mihi</strong></span> <span class='ocrx_word' id='word_1_665' title='bbox 2481 4434 2777 4489; x_wconf 87' lang='lat' dir='ltr'><strong>litterarum</strong></span> <span class='ocrx_word' id='word_1_666' title='bbox 2809 4444 3105 4492; x_wconf 86' lang='lat' dir='ltr'><strong>vestrarum</strong></span> <span class='ocrx_word' id='word_1_667' title='bbox 3133 4437 3371 4494; x_wconf 81' lang='lat' dir='ltr'><strong>chartula</strong></span> <span class='ocrx_word' id='word_1_668' title='bbox 3397 4454 3487 4493; x_wconf 87' lang='lat' dir='ltr'><strong>oc-</strong></span> 
     </span>
    </p>
   </div>
   <div class='ocr_carea' id='block_1_90' title="bbox 1927 4525 3490 4607">
    <p class='ocr_par' dir='ltr' id='par_1_90' title="bbox 1927 4525 3490 4607">
     <span class='ocr_line' id='line_1_90' title="bbox 1927 4525 3490 4607; baseline 0.002 -27"><span class='ocrx_word' id='word_1_669' title='bbox 1927 4527 2117 4590; x_wconf 91' lang='lat' dir='ltr'><strong>currit,</strong></span> <span class='ocrx_word' id='word_1_670' title='bbox 2149 4525 2540 4580; x_wconf 80' lang='lat' dir='ltr'><strong>febricitantem</strong></span> <span class='ocrx_word' id='word_1_671' title='bbox 2571 4525 2889 4591; x_wconf 89' lang='lat' dir='ltr'><strong>refocillans,</strong></span> <span class='ocrx_word' id='word_1_672' title='bbox 2929 4529 3279 4586; x_wconf 79' lang='lat' dir='ltr'><strong>dormientem</strong></span> <span class='ocrx_word' id='word_1_673' title='bbox 3305 4544 3490 4607; x_wconf 81' lang='lat' dir='ltr'><strong>resus-</strong></span> 
     </span>
    </p>
   </div>
   <div class='ocr_carea' id='block_1_91' title="bbox 243 4594 1981 4698">
    <p class='ocr_par' dir='ltr' id='par_1_91' title="bbox 243 4594 1981 4698">
     <span class='ocr_line' id='line_1_91' title="bbox 243 4594 1981 4698; baseline 0 -12"><span class='ocrx_word' id='word_1_674' title='bbox 243 4630 551 4695; x_wconf 88' lang='lat' dir='ltr'><strong>scientiam,</strong></span> <span class='ocrx_word' id='word_1_675' title='bbox 583 4638 637 4684; x_wconf 92' lang='lat' dir='ltr'><strong>et</strong></span> <span class='ocrx_word' id='word_1_676' title='bbox 649 4629 1095 4698; x_wconf 86' lang='lat' dir='ltr'><strong>jucundissimam</strong></span> <span class='ocrx_word' id='word_1_677' title='bbox 1121 4632 1443 4688; x_wconf 84' lang='lat' dir='ltr'><strong>naturalium</strong></span> <span class='ocrx_word' id='word_1_678' title='bbox 1479 4647 1659 4688; x_wconf 88' lang='lat' dir='ltr'><strong>rerum</strong></span> <span class='ocrx_word' id='word_1_679' title='bbox 1693 4648 1820 4687; x_wconf 87' lang='lat' dir='ltr'><strong>con-</strong></span> <span class='ocrx_word' id='word_1_680' title='bbox 1849 4594 1981 4674; x_wconf 61' lang='grc' dir='ltr'><strong>θεῖ</strong></span> 
     </span>
    </p>
   </div>
   <div class='ocr_carea' id='block_1_92' title="bbox 1790 4594 3528 4698">
    <p class='ocr_par' dir='ltr' id='par_1_92' title="bbox 1790 4594 3528 4686">
     <span class='ocr_line' id='line_1_92' title="bbox 1790 4594 3528 4686; baseline 0 -14"><span class='ocrx_word' id='word_1_681' title='bbox 1790 4594 1820 4686; x_wconf 45' lang='grc' dir='ltr'>ιζ</span> <span class='ocrx_word' id='word_1_682' title='bbox 1849 4594 2122 4684; x_wconf 72' lang='lat' dir='ltr'><strong>Dcitans,</strong></span> <span class='ocrx_word' id='word_1_683' title='bbox 2155 4621 2262 4673; x_wconf 92' lang='lat' dir='ltr'><strong>imo</strong></span> <span class='ocrx_word' id='word_1_684' title='bbox 2290 4629 2344 4673; x_wconf 90' lang='lat' dir='ltr'><strong>et</strong></span> <span class='ocrx_word' id='word_1_685' title='bbox 2381 4620 2586 4674; x_wconf 68' lang='lat' dir='ltr'><strong>inertia:</strong></span> <span class='ocrx_word' id='word_1_686' title='bbox 2609 4620 2797 4672; x_wconf 89' lang='lat' dir='ltr'><strong>morbo</strong></span> <span class='ocrx_word' id='word_1_687' title='bbox 2823 4625 3117 4686; x_wconf 87' lang='lat' dir='ltr'><strong>torpentem</strong></span> <span class='ocrx_word' id='word_1_688' title='bbox 3145 4618 3212 4672; x_wconf 90' lang='lat' dir='ltr'><strong>ad</strong></span> <span class='ocrx_word' id='word_1_689' title='bbox 3227 4602 3485 4685; x_wconf 80' lang='lat' dir='ltr'><strong>antiquas</strong></span> <span class='ocrx_word' id='word_1_690' title='bbox 3517 4639 3528 4648; x_wconf 82' lang='lat'><strong><em>-</em></strong></span> 
     </span>
    </p>
   </div>
   <div class='ocr_carea' id='block_1_93' title="bbox 243 4722 1822 4794">
    <p class='ocr_par' dir='ltr' id='par_1_93' title="bbox 243 4722 1822 4794">
     <span class='ocr_line' id='line_1_93' title="bbox 243 4722 1822 4794; baseline -0.001 -14"><span class='ocrx_word' id='word_1_691' title='bbox 243 4724 418 4780; x_wconf 70' lang='lat' dir='ltr'><strong>ces:it</strong></span> <span class='ocrx_word' id='word_1_692' title='bbox 444 4724 822 4794; x_wconf 86' lang='lat' dir='ltr'><strong>cognitionem.</strong></span> <span class='ocrx_word' id='word_1_693' title='bbox 858 4722 1020 4791; x_wconf 89' lang='lat' dir='ltr'><strong>Cujus</strong></span> <span class='ocrx_word' id='word_1_694' title='bbox 1042 4724 1298 4780; x_wconf 75' lang='lat' dir='ltr'><strong>ineffabili</strong></span> <span class='ocrx_word' id='word_1_695' title='bbox 1315 4726 1500 4794; x_wconf 88' lang='lat' dir='ltr'><strong>pietati</strong></span> <span class='ocrx_word' id='word_1_696' title='bbox 1525 4727 1680 4780; x_wconf 89' lang='lat' dir='ltr'><strong>nobis</strong></span> <span class='ocrx_word' id='word_1_697' title='bbox 1707 4741 1822 4779; x_wconf 90' lang='lat' dir='ltr'><strong>om-</strong></span> 
     </span>
    </p>
   </div>
   <div class='ocr_carea' id='block_1_94' title="bbox 243 4814 1821 4885">
    <p class='ocr_par' dir='ltr' id='par_1_94' title="bbox 243 4814 1821 4885">
     <span class='ocr_line' id='line_1_94' title="bbox 243 4814 1821 4885; baseline -0.003 -13"><span class='ocrx_word' id='word_1_698' title='bbox 243 4819 410 4872; x_wconf 90' lang='lat' dir='ltr'><strong>nibus</strong></span> <span class='ocrx_word' id='word_1_699' title='bbox 435 4819 702 4872; x_wconf 62' lang='lat' dir='ltr'><strong>continuaa</strong></span> <span class='ocrx_word' id='word_1_700' title='bbox 739 4833 804 4872; x_wconf 82' lang='lat' dir='ltr'><strong>ex</strong></span> <span class='ocrx_word' id='word_1_701' title='bbox 833 4825 943 4873; x_wconf 92' lang='lat' dir='ltr'><strong>tota</strong></span> <span class='ocrx_word' id='word_1_702' title='bbox 970 4815 1260 4872; x_wconf 86' lang='lat' dir='ltr'><strong>voluntatis</strong></span> <span class='ocrx_word' id='word_1_703' title='bbox 1284 4814 1577 4871; x_wconf 83' lang='lat' dir='ltr'><strong>intentione</strong></span> <span class='ocrx_word' id='word_1_704' title='bbox 1603 4816 1821 4885; x_wconf 68' lang='lat' dir='ltr'><strong>agendae</strong></span> 
     </span>
    </p>
   </div>
   <div class='ocr_carea' id='block_1_95' title="bbox 245 4906 1821 4998">
    <p class='ocr_par' dir='ltr' id='par_1_95' title="bbox 245 4906 1821 4998">
     <span class='ocr_line' id='line_1_95' title="bbox 245 4906 1821 4998; baseline -0.003 -36"><span class='ocrx_word' id='word_1_705' title='bbox 245 4916 378 4962; x_wconf 89' lang='lat' dir='ltr'><strong>sunt</strong></span> <span class='ocrx_word' id='word_1_706' title='bbox 402 4907 605 4978; x_wconf 66' lang='lat' dir='ltr'><strong>gratiae,</strong></span> <span class='ocrx_word' id='word_1_707' title='bbox 635 4908 778 4975; x_wconf 91' lang='lat' dir='ltr'><strong>quod</strong></span> <span class='ocrx_word' id='word_1_708' title='bbox 810 4909 973 4998; x_wconf 65' lang='lat' dir='ltr'><strong>talem</strong></span> <span class='ocrx_word' id='word_1_709' title='bbox 1015 4909 1171 4965; x_wconf 90' lang='lat' dir='ltr'><strong>nobis</strong></span> <span class='ocrx_word' id='word_1_710' title='bbox 1205 4907 1522 4977; x_wconf 90' lang='lat' dir='ltr'><strong>perdonavit</strong></span> <span class='ocrx_word' id='word_1_711' title='bbox 1548 4906 1821 4961; x_wconf 91' lang='lat' dir='ltr'><strong>dominum</strong></span> 
     </span>
    </p>
   </div>
   <div class='ocr_carea' id='block_1_96' title="bbox 242 4997 1819 5069">
    <p class='ocr_par' dir='ltr' id='par_1_96' title="bbox 242 4997 1819 5069">
     <span class='ocr_line' id='line_1_96' title="bbox 242 4997 1819 5069; baseline 0 -17"><span class='ocrx_word' id='word_1_712' title='bbox 242 5006 302 5052; x_wconf 76' lang='lat' dir='ltr'><strong>et</strong></span> <span class='ocrx_word' id='word_1_713' title='bbox 330 5006 615 5052; x_wconf 86' lang='lat' dir='ltr'><strong>rectorem.</strong></span> <span class='ocrx_word' id='word_1_714' title='bbox 657 4997 724 5050; x_wconf 86' lang='lat' dir='ltr'><strong>Et</strong></span> <span class='ocrx_word' id='word_1_715' title='bbox 761 4998 990 5069; x_wconf 85' lang='lat' dir='ltr'><strong>assiduis</strong></span> <span class='ocrx_word' id='word_1_716' title='bbox 1014 4999 1264 5067; x_wconf 85' lang='lat' dir='ltr'><strong>precibus</strong></span> <span class='ocrx_word' id='word_1_717' title='bbox 1289 4999 1430 5054; x_wconf 88' lang='lat' dir='ltr'><strong>illius</strong></span> <span class='ocrx_word' id='word_1_718' title='bbox 1455 4999 1696 5069; x_wconf 90' lang='lat' dir='ltr'><strong>piissima</strong></span> <span class='ocrx_word' id='word_1_719' title='bbox 1721 5014 1819 5068; x_wconf 89' lang='lat' dir='ltr'><strong>po-</strong></span> 
     </span>
    </p>
   </div>
   <div class='ocr_carea' id='block_1_97' title="bbox 245 5063 1840 5156">
    <p class='ocr_par' dir='ltr' id='par_1_97' title="bbox 245 5063 1840 5156">
     <span class='ocr_line' id='line_1_97' title="bbox 245 5063 1840 5156; baseline -0.002 -16"><span class='ocrx_word' id='word_1_720' title='bbox 245 5086 420 5149; x_wconf 79' lang='lat' dir='ltr'><strong>tentia</strong></span> <span class='ocrx_word' id='word_1_721' title='bbox 445 5085 759 5156; x_wconf 88' lang='lat' dir='ltr'><strong>postulanda</strong></span> <span class='ocrx_word' id='word_1_722' title='bbox 788 5063 1184 5154; x_wconf 69' lang='lat' dir='ltr'><strong>est,\quatentts</strong></span> <span class='ocrx_word' id='word_1_723' title='bbox 1204 5087 1438 5156; x_wconf 64' lang='lat' dir='ltr'><strong>longaeva</strong></span> <span class='ocrx_word' id='word_1_724' title='bbox 1456 5063 1840 5155; x_wconf 65' lang='lat' dir='ltr'><strong>prosperitate</strong></span> 
     </span>
    </p>
   </div>
   <div class='ocr_carea' id='block_1_98' title="bbox 242 5177 1819 5246">
    <p class='ocr_par' dir='ltr' id='par_1_98' title="bbox 242 5177 1819 5246">
     <span class='ocr_line' id='line_1_98' title="bbox 242 5177 1819 5246; baseline -0.003 -12"><span class='ocrx_word' id='word_1_725' title='bbox 242 5188 304 5234; x_wconf 88' lang='lat' dir='ltr'><strong>et</strong></span> <span class='ocrx_word' id='word_1_726' title='bbox 329 5178 505 5232; x_wconf 88' lang='lat' dir='ltr'><strong>salute</strong></span> <span class='ocrx_word' id='word_1_727' title='bbox 540 5185 592 5231; x_wconf 75' lang='lat' dir='ltr'><strong>te</strong></span> <span class='ocrx_word' id='word_1_728' title='bbox 621 5178 776 5231; x_wconf 90' lang='lat' dir='ltr'><strong>nobis</strong></span> <span class='ocrx_word' id='word_1_729' title='bbox 804 5191 1125 5231; x_wconf 71' lang='lat' dir='ltr'><strong>conservare</strong></span> <span class='ocrx_word' id='word_1_730' title='bbox 1157 5177 1424 5246; x_wconf 83' lang='lat' dir='ltr'><strong>dignetur,</strong></span> <span class='ocrx_word' id='word_1_731' title='bbox 1454 5189 1478 5216; x_wconf 76' lang='grc' dir='ltr'>ι</span> <span class='ocrx_word' id='word_1_732' title='bbox 1513 5177 1819 5232; x_wconf 88' lang='lat' dir='ltr'><strong>desideran-</strong></span> 
     </span>
    </p>
   </div>
   <div class='ocr_carea' id='block_1_99' title="bbox 246 5267 673 5340">
    <p class='ocr_par' dir='ltr' id='par_1_99' title="bbox 246 5267 673 5340">
     <span class='ocr_line' id='line_1_99' title="bbox 246 5267 673 5340; baseline 0 -21"><span class='ocrx_word' id='word_1_733' title='bbox 246 5267 460 5330; x_wconf 71' lang='lat' dir='ltr'><strong>tissime</strong></span> <span class='ocrx_word' id='word_1_734' title='bbox 486 5267 673 5340; x_wconf 82' lang='lat' dir='ltr'><strong>David.</strong></span> 
     </span>
    </p>
   </div>
   <div class='ocr_carea' id='block_1_100' title="bbox 321 5352 1818 5423">
    <p class='ocr_par' dir='ltr' id='par_1_100' title="bbox 321 5352 1818 5423">
     <span class='ocr_line' id='line_1_100' title="bbox 321 5352 1818 5423; baseline 0.001 -17"><span class='ocrx_word' id='word_1_735' title='bbox 321 5352 503 5423; x_wconf 76' lang='lat' dir='ltr'><strong>Nuper</strong></span> <span class='ocrx_word' id='word_1_736' title='bbox 529 5357 673 5410; x_wconf 89' lang='lat' dir='ltr'><strong>venit</strong></span> <span class='ocrx_word' id='word_1_737' title='bbox 701 5355 828 5411; x_wconf 90' lang='lat' dir='ltr'><strong>mibi</strong></span> <span class='ocrx_word' id='word_1_738' title='bbox 858 5356 884 5395; x_wconf 71' lang='grc' dir='ltr'><strong>ιι</strong></span> <span class='ocrx_word' id='word_1_739' title='bbox 913 5354 1121 5410; x_wconf 78' lang='lat' dir='ltr'><strong>libellus</strong></span> <span class='ocrx_word' id='word_1_740' title='bbox 1150 5371 1178 5409; x_wconf 91' lang='lat' dir='ltr'><strong>a</strong></span> <span class='ocrx_word' id='word_1_741' title='bbox 1207 5354 1384 5410; x_wconf 83' lang='lat' dir='ltr'><strong>Felice</strong></span> <span class='ocrx_word' id='word_1_742' title='bbox 1429 5353 1638 5410; x_wconf 87' lang='lat' dir='ltr'><strong>infelice</strong></span> <span class='ocrx_word' id='word_1_743' title='bbox 1680 5355 1818 5408; x_wconf 79' lang='lat' dir='ltr'><strong>dire-</strong></span> 
     </span>
    </p>
   </div>
   <div class='ocr_carea' id='block_1_101' title="bbox 318 5500 1817 5576">
    <p class='ocr_par' dir='ltr' id='par_1_101' title="bbox 318 5500 1817 5576">
     <span class='ocr_line' id='line_1_101' title="bbox 318 5500 1817 5576; baseline 0.005 -22"><span class='ocrx_word' id='word_1_744' title='bbox 318 5516 346 5576; x_wconf 56' lang='lat' dir='ltr'><strong>If</strong></span> <span class='ocrx_word' id='word_1_745' title='bbox 371 5500 859 5576; x_wconf 61' lang='lat' dir='ltr'><strong>Qgiderantissime</strong></span> <span class='ocrx_word' id='word_1_746' title='bbox 897 5508 1082 5562; x_wconf 85' lang='lat' dir='ltr'><strong>David.</strong></span> <span class='ocrx_word' id='word_1_747' title='bbox 1116 5507 1214 5576; x_wconf 81' lang='lat' dir='ltr'><strong>Hic</strong></span> <span class='ocrx_word' id='word_1_748' title='bbox 1241 5507 1362 5576; x_wconf 80' lang='lat' dir='ltr'><strong>finis</strong></span> <span class='ocrx_word' id='word_1_749' title='bbox 1388 5515 1471 5563; x_wconf 90' lang='lat' dir='ltr'><strong>est</strong></span> <span class='ocrx_word' id='word_1_750' title='bbox 1500 5507 1737 5576; x_wconf 72' lang='lat' dir='ltr'><strong>epistola:</strong></span> <span class='ocrx_word' id='word_1_751' title='bbox 1765 5508 1817 5562; x_wconf 91' lang='lat' dir='ltr'><strong>in</strong></span> 
     </span>
    </p>
   </div>
   <div class='ocr_carea' id='block_1_102' title="bbox 239 5571 1815 5649">
    <p class='ocr_par' dir='ltr' id='par_1_102' title="bbox 239 5571 1815 5649">
     <span class='ocr_line' id='line_1_102' title="bbox 239 5571 1815 5649; baseline 0.003 -22"><span class='ocrx_word' id='word_1_752' title='bbox 399 5571 699 5649; x_wconf 76' lang='lat' dir='ltr'><strong>Vaticano;</strong></span> <span class='ocrx_word' id='word_1_753' title='bbox 739 5576 881 5633; x_wconf 87' lang='lat' dir='ltr'><strong>unde</strong></span> <span class='ocrx_word' id='word_1_754' title='bbox 908 5574 1306 5649; x_wconf 50' lang='lat' dir='ltr'><strong>suspicio&#39;mihi</strong></span> <span class='ocrx_word' id='word_1_755' title='bbox 1342 5576 1469 5649; x_wconf 78' lang='lat' dir='ltr'><strong>oriri</strong></span> <span class='ocrx_word' id='word_1_756' title='bbox 1517 5571 1740 5649; x_wconf 52' lang='lat' dir='ltr'><strong>possit,</strong></span> <span class='ocrx_word' id='word_1_757' title='bbox 1764 5578 1815 5649; x_wconf 83' lang='lat' dir='ltr'><strong>in</strong></span> 
     </span>
    </p>
   </div>
   <div class='ocr_carea' id='block_1_103' title="bbox 241 5643 1818 5718">
    <p class='ocr_par' dir='ltr' id='par_1_103' title="bbox 241 5643 1818 5718">
     <span class='ocr_line' id='line_1_103' title="bbox 241 5643 1818 5718; baseline 0.002 -20"><span class='ocrx_word' id='word_1_758' title='bbox 241 5643 700 5718; x_wconf 73' lang='lat' dir='ltr'><strong>subsequentibus</strong></span> <span class='ocrx_word' id='word_1_759' title='bbox 724 5661 914 5718; x_wconf 82' lang='lat' dir='ltr'><strong>novam</strong></span> <span class='ocrx_word' id='word_1_760' title='bbox 939 5648 943 5651; x_wconf 84' lang='grc'><strong>’</strong></span> <span class='ocrx_word' id='word_1_761' title='bbox 966 5643 1199 5718; x_wconf 78' lang='lat' dir='ltr'><strong>incipere</strong></span> <span class='ocrx_word' id='word_1_762' title='bbox 1227 5643 1536 5718; x_wconf 77' lang='lat' dir='ltr'><strong>epistolam,</strong></span> <span class='ocrx_word' id='word_1_763' title='bbox 1584 5659 1702 5715; x_wconf 68' lang='lat' dir='ltr'><strong>quae</strong></span> <span class='ocrx_word' id='word_1_764' title='bbox 1730 5647 1818 5701; x_wconf 88' lang='lat' dir='ltr'><strong>hic</strong></span> 
     </span>
    </p>
   </div>
   <div class='ocr_carea' id='block_1_104' title="bbox 239 5713 1413 5786">
    <p class='ocr_par' dir='ltr' id='par_1_104' title="bbox 239 5713 1413 5786">
     <span class='ocr_line' id='line_1_104' title="bbox 239 5713 1413 5786; baseline -0.003 -16"><span class='ocrx_word' id='word_1_765' title='bbox 239 5733 312 5774; x_wconf 78' lang='lat' dir='ltr'><strong>ex</strong></span> <span class='ocrx_word' id='word_1_766' title='bbox 345 5713 549 5786; x_wconf 82' lang='lat' dir='ltr'><strong>incuria</strong></span> <span class='ocrx_word' id='word_1_767' title='bbox 580 5714 859 5786; x_wconf 82' lang='lat' dir='ltr'><strong>scriptoris</strong></span> <span class='ocrx_word' id='word_1_768' title='bbox 877 5713 1115 5775; x_wconf 71' lang='lat' dir='ltr'><strong>subnexa</strong></span> <span class='ocrx_word' id='word_1_769' title='bbox 1137 5717 1207 5771; x_wconf 90' lang='lat' dir='ltr'><strong>sit</strong></span> <span class='ocrx_word' id='word_1_770' title='bbox 1227 5713 1413 5786; x_wconf 49' lang='lat' dir='ltr'><strong>prior}.</strong></span> 
     </span>
    </p>
   </div>
   <div class='ocr_carea' id='block_1_105' title="bbox 323 5783 1816 5855">
    <p class='ocr_par' dir='ltr' id='par_1_105' title="bbox 323 5783 1816 5855">
     <span class='ocr_line' id='line_1_105' title="bbox 323 5783 1816 5855; baseline -0.001 -18"><span class='ocrx_word' id='word_1_771' title='bbox 323 5788 348 5824; x_wconf 72' lang='grc' dir='ltr'>δ</span> <span class='ocrx_word' id='word_1_772' title='bbox 378 5785 562 5854; x_wconf 69' lang='lat' dir='ltr'><strong>Nuper</strong></span> <span class='ocrx_word' id='word_1_773' title='bbox 587 5823 600 5836; x_wconf 94' lang='lat'><strong>.</strong></span> <span class='ocrx_word' id='word_1_774' title='bbox 632 5821 644 5834; x_wconf 94' lang='lat'><strong>.</strong></span> <span class='ocrx_word' id='word_1_775' title='bbox 677 5783 702 5836; x_wconf 29' lang='grc' dir='ltr'><strong>,ί</strong></span> <span class='ocrx_word' id='word_1_776' title='bbox 720 5784 941 5839; x_wconf 82' lang='lat' dir='ltr'><strong>libellus.</strong></span> <span class='ocrx_word' id='word_1_777' title='bbox 971 5786 1087 5851; x_wconf 82' lang='lat' dir='ltr'><strong>Quo</strong></span> <span class='ocrx_word' id='word_1_778' title='bbox 1123 5783 1310 5855; x_wconf 76' lang='lat' dir='ltr'><strong>nctnpe</strong></span> <span class='ocrx_word' id='word_1_779' title='bbox 1349 5783 1494 5838; x_wconf 75' lang='lat' dir='ltr'><strong>Felix</strong></span> <span class='ocrx_word' id='word_1_780' title='bbox 1537 5785 1816 5855; x_wconf 70' lang='lat' dir='ltr'><strong>respondet</strong></span> 
     </span>
    </p>
   </div>
   <div class='ocr_carea' id='block_1_106' title="bbox 236 5852 1812 5925">
    <p class='ocr_par' dir='ltr' id='par_1_106' title="bbox 236 5852 1812 5925">
     <span class='ocr_line' id='line_1_106' title="bbox 236 5852 1812 5925; baseline -0.004 -13"><span class='ocrx_word' id='word_1_781' title='bbox 236 5852 486 5925; x_wconf 61' lang='lat' dir='ltr'><strong>epistolis</strong></span> <span class='ocrx_word' id='word_1_782' title='bbox 515 5855 716 5908; x_wconf 75' lang='lat' dir='ltr'><strong>Menini</strong></span> <span class='ocrx_word' id='word_1_783' title='bbox 749 5855 1028 5907; x_wconf 62' lang='lat' dir='ltr'><strong>charitatis</strong></span> <span class='ocrx_word' id='word_1_784' title='bbox 1061 5852 1522 5921; x_wconf 54' lang='lat' dir='ltr'><strong>calamo&#39;scripttr.</strong></span> <span class='ocrx_word' id='word_1_785' title='bbox 1564 5852 1696 5906; x_wconf 67' lang='lat' dir='ltr'><strong>Petit</strong></span> <span class='ocrx_word' id='word_1_786' title='bbox 1729 5855 1812 5906; x_wconf 80' lang='lat' dir='ltr'><strong>hic</strong></span> 
     </span>
    </p>
   </div>
   <div class='ocr_carea' id='block_1_107' title="bbox 1923 4705 3484 4769">
    <p class='ocr_par' dir='ltr' id='par_1_107' title="bbox 1923 4705 3484 4769">
     <span class='ocr_line' id='line_1_107' title="bbox 1923 4705 3484 4769; baseline -0.002 -6"><span class='ocrx_word' id='word_1_787' title='bbox 1923 4709 2142 4764; x_wconf 90' lang='lat' dir='ltr'><strong>studens</strong></span> <span class='ocrx_word' id='word_1_788' title='bbox 2157 4706 2449 4762; x_wconf 89' lang='lat' dir='ltr'><strong>reformare</strong></span> <span class='ocrx_word' id='word_1_789' title='bbox 2471 4707 2631 4769; x_wconf 89' lang='lat' dir='ltr'><strong>vires,</strong></span> <span class='ocrx_word' id='word_1_790' title='bbox 2644 4712 2697 4758; x_wconf 89' lang='lat' dir='ltr'><strong>et</strong></span> <span class='ocrx_word' id='word_1_791' title='bbox 2715 4705 2925 4759; x_wconf 88' lang='lat' dir='ltr'><strong>dulcem</strong></span> <span class='ocrx_word' id='word_1_792' title='bbox 2953 4705 3358 4759; x_wconf 81' lang='lat' dir='ltr'><strong>versificationis</strong></span> <span class='ocrx_word' id='word_1_793' title='bbox 3379 4721 3484 4762; x_wconf 59' lang='lat' dir='ltr'><strong>meo</strong></span> 
     </span>
    </p>
   </div>
   <div class='ocr_carea' id='block_1_108' title="bbox 1921 4795 3483 4864">
    <p class='ocr_par' dir='ltr' id='par_1_108' title="bbox 1921 4795 3483 4864">
     <span class='ocr_line' id='line_1_108' title="bbox 1921 4795 3483 4864; baseline -0.001 -13"><span class='ocrx_word' id='word_1_794' title='bbox 1921 4799 2118 4852; x_wconf 89' lang='lat' dir='ltr'><strong>lodiam</strong></span> <span class='ocrx_word' id='word_1_795' title='bbox 2147 4799 2283 4852; x_wconf 87' lang='lat' dir='ltr'><strong>inter</strong></span> <span class='ocrx_word' id='word_1_796' title='bbox 2311 4796 2593 4852; x_wconf 86' lang='lat' dir='ltr'><strong>horribiles</strong></span> <span class='ocrx_word' id='word_1_797' title='bbox 2618 4810 2889 4849; x_wconf 88' lang='lat' dir='ltr'><strong>armorum</strong></span> <span class='ocrx_word' id='word_1_798' title='bbox 2935 4795 3189 4864; x_wconf 88' lang='lat' dir='ltr'><strong>strepitus</strong></span> <span class='ocrx_word' id='word_1_799' title='bbox 3207 4836 3222 4860; x_wconf 95' lang='lat'><strong>,</strong></span> <span class='ocrx_word' id='word_1_800' title='bbox 3261 4805 3316 4850; x_wconf 86' lang='lat' dir='ltr'><strong>ct</strong></span> <span class='ocrx_word' id='word_1_801' title='bbox 3339 4798 3483 4854; x_wconf 73' lang='lat' dir='ltr'><strong>inter</strong></span> 
     </span>
    </p>
   </div>
   <div class='ocr_carea' id='block_1_109' title="bbox 1907 4883 3483 4965">
    <p class='ocr_par' dir='ltr' id='par_1_109' title="bbox 1907 4883 3483 4965">
     <span class='ocr_line' id='line_1_109' title="bbox 1907 4883 3483 4965; baseline -0.001 -24"><span class='ocrx_word' id='word_1_802' title='bbox 1907 4903 2109 4943; x_wconf 81' lang='lat' dir='ltr'><strong>raucos</strong></span> <span class='ocrx_word' id='word_1_803' title='bbox 2134 4888 2382 4943; x_wconf 90' lang='lat' dir='ltr'><strong>tubarum</strong></span> <span class='ocrx_word' id='word_1_804' title='bbox 2407 4886 2611 4965; x_wconf 81' lang='lat' dir='ltr'><strong>sonitus</strong></span> <span class='ocrx_word' id='word_1_805' title='bbox 2635 4883 2909 4938; x_wconf 89' lang='lat' dir='ltr'><strong>admonuit</strong></span> <span class='ocrx_word' id='word_1_806' title='bbox 2933 4883 3159 4938; x_wconf 89' lang='lat' dir='ltr'><strong>miscere</strong></span> <span class='ocrx_word' id='word_1_807' title='bbox 3183 4898 3197 4938; x_wconf 91' lang='lat'>:</span> <span class='ocrx_word' id='word_1_808' title='bbox 3221 4892 3483 4965; x_wconf 86' lang='lat' dir='ltr'><strong>quatenus</strong></span> 
     </span>
    </p>
   </div>
   <div class='ocr_carea' id='block_1_110' title="bbox 1921 4973 3475 5043">
    <p class='ocr_par' dir='ltr' id='par_1_110' title="bbox 1921 4973 3475 5043">
     <span class='ocr_line' id='line_1_110' title="bbox 1921 4973 3475 5043; baseline -0.004 -10"><span class='ocrx_word' id='word_1_809' title='bbox 1921 4988 2099 5035; x_wconf 90' lang='lat' dir='ltr'><strong>truces</strong></span> <span class='ocrx_word' id='word_1_810' title='bbox 2149 4980 2448 5033; x_wconf 89' lang='lat' dir='ltr'><strong>animorum</strong></span> <span class='ocrx_word' id='word_1_811' title='bbox 2500 4985 2675 5032; x_wconf 87' lang='lat' dir='ltr'><strong>motus</strong></span> <span class='ocrx_word' id='word_1_812' title='bbox 2727 4975 2903 5043; x_wconf 89' lang='lat' dir='ltr'><strong>aliqua</strong></span> <span class='ocrx_word' id='word_1_813' title='bbox 2947 4974 3162 5028; x_wconf 68' lang='lat' dir='ltr'><strong>musicae</strong></span> <span class='ocrx_word' id='word_1_814' title='bbox 3205 4973 3475 5030; x_wconf 80' lang='lat' dir='ltr'><strong>suavitatis</strong></span> 
     </span>
    </p>
   </div>
   <div class='ocr_carea' id='block_1_111' title="bbox 1919 5065 3480 5140">
    <p class='ocr_par' dir='ltr' id='par_1_111' title="bbox 1919 5065 3480 5140">
     <span class='ocr_line' id='line_1_111' title="bbox 1919 5065 3480 5140; baseline -0.004 -16"><span class='ocrx_word' id='word_1_815' title='bbox 1919 5071 2144 5126; x_wconf 87' lang='lat' dir='ltr'><strong>melodia</strong></span> <span class='ocrx_word' id='word_1_816' title='bbox 2170 5070 2276 5140; x_wconf 80' lang='lat'><strong>97</strong></span> <span class='ocrx_word' id='word_1_817' title='bbox 2305 5069 2703 5122; x_wconf 85' lang='lat' dir='ltr'><strong>mulcerentur:</strong></span> <span class='ocrx_word' id='word_1_818' title='bbox 2734 5067 2835 5123; x_wconf 89' lang='lat' dir='ltr'><strong>etsi</strong></span> <span class='ocrx_word' id='word_1_819' title='bbox 2865 5075 3057 5121; x_wconf 70' lang='lat' dir='ltr'><strong>vestrae</strong></span> <span class='ocrx_word' id='word_1_820' title='bbox 3099 5066 3293 5120; x_wconf 81' lang='lat' dir='ltr'><strong>mentis</strong></span> <span class='ocrx_word' id='word_1_821' title='bbox 3329 5065 3480 5120; x_wconf 87' lang='lat' dir='ltr'><strong>nobi-</strong></span> 
     </span>
    </p>
   </div>
   <div class='ocr_carea' id='block_1_112' title="bbox 1918 5155 3480 5226">
    <p class='ocr_par' dir='ltr' id='par_1_112' title="bbox 1918 5155 3480 5226">
     <span class='ocr_line' id='line_1_112' title="bbox 1918 5155 3480 5226; baseline -0.004 -10"><span class='ocrx_word' id='word_1_822' title='bbox 1918 5164 2121 5219; x_wconf 87' lang='lat' dir='ltr'><strong>lissima</strong></span> <span class='ocrx_word' id='word_1_823' title='bbox 2163 5162 2425 5217; x_wconf 88' lang='lat' dir='ltr'><strong>stabilitas</strong></span> <span class='ocrx_word' id='word_1_824' title='bbox 2468 5161 2519 5214; x_wconf 92' lang='lat' dir='ltr'><strong>in</strong></span> <span class='ocrx_word' id='word_1_825' title='bbox 2563 5175 2668 5212; x_wconf 89' lang='lat' dir='ltr'><strong>una</strong></span> <span class='ocrx_word' id='word_1_826' title='bbox 2715 5159 3005 5226; x_wconf 87' lang='lat' dir='ltr'><strong>eademque</strong></span> <span class='ocrx_word' id='word_1_827' title='bbox 3047 5155 3328 5210; x_wconf 86' lang='lat' dir='ltr'><strong>soliditatis</strong></span> <span class='ocrx_word' id='word_1_828' title='bbox 3354 5170 3480 5211; x_wconf 84' lang='lat' dir='ltr'><strong>arce</strong></span> 
     </span>
    </p>
   </div>
   <div class='ocr_carea' id='block_1_113' title="bbox 1920 5247 3478 5328">
    <p class='ocr_par' dir='ltr' id='par_1_113' title="bbox 1920 5247 3478 5328">
     <span class='ocr_line' id='line_1_113' title="bbox 1920 5247 3478 5328; baseline -0.005 -18"><span class='ocrx_word' id='word_1_829' title='bbox 1920 5257 2052 5328; x_wconf 83' lang='lat' dir='ltr'><strong>[Al.,</strong></span> <span class='ocrx_word' id='word_1_830' title='bbox 2083 5254 2268 5326; x_wconf 88' lang='lat' dir='ltr'><strong>archa]</strong></span> <span class='ocrx_word' id='word_1_831' title='bbox 2310 5253 2685 5324; x_wconf 87' lang='lat' dir='ltr'><strong>perpetualiter</strong></span> <span class='ocrx_word' id='word_1_832' title='bbox 2724 5256 3051 5322; x_wconf 88' lang='lat' dir='ltr'><strong>permaneat,</strong></span> <span class='ocrx_word' id='word_1_833' title='bbox 3100 5256 3154 5300; x_wconf 90' lang='lat' dir='ltr'><strong>et</strong></span> <span class='ocrx_word' id='word_1_834' title='bbox 3199 5247 3253 5301; x_wconf 89' lang='lat' dir='ltr'><strong>in</strong></span> <span class='ocrx_word' id='word_1_835' title='bbox 3301 5249 3478 5302; x_wconf 89' lang='lat' dir='ltr'><strong>medio</strong></span> 
     </span>
    </p>
   </div>
   <div class='ocr_carea' id='block_1_114' title="bbox 1917 5334 3472 5435">
    <p class='ocr_par' dir='ltr' id='par_1_114' title="bbox 1917 5334 3472 5419">
     <span class='ocr_line' id='line_1_114' title="bbox 1917 5334 3472 5419; baseline -0.007 -15"><span class='ocrx_word' id='word_1_836' title='bbox 1917 5350 2182 5419; x_wconf 76' lang='lat' dir='ltr'><strong>:equitatis</strong></span> <span class='ocrx_word' id='word_1_837' title='bbox 2229 5334 2512 5401; x_wconf 80' lang='lat' dir='ltr'><strong>libramine</strong></span> <span class='ocrx_word' id='word_1_838' title='bbox 2558 5343 2875 5398; x_wconf 86' lang='lat' dir='ltr'><strong>inconcussa</strong></span> <span class='ocrx_word' id='word_1_839' title='bbox 2925 5338 3233 5393; x_wconf 77' lang='lat' dir='ltr'><strong>fortitudine</strong></span> <span class='ocrx_word' id='word_1_840' title='bbox 3279 5338 3472 5408; x_wconf 85' lang='lat' dir='ltr'><strong>vigeat.</strong></span> 
     </span>
    </p>
   </div>
   <div class='ocr_carea' id='block_1_115' title="bbox 1918 5489 3476 5566">
    <p class='ocr_par' dir='ltr' id='par_1_115' title="bbox 1918 5489 3476 5566">
     <span class='ocr_line' id='line_1_115' title="bbox 1918 5489 3476 5566; baseline -0.008 -7"><span class='ocrx_word' id='word_1_841' title='bbox 1918 5504 2189 5565; x_wconf 82' lang='lat' dir='ltr'><strong>Alcuinus,</strong></span> <span class='ocrx_word' id='word_1_842' title='bbox 2209 5507 2266 5553; x_wconf 93' lang='lat' dir='ltr'><strong>ut</strong></span> <span class='ocrx_word' id='word_1_843' title='bbox 2288 5497 2529 5566; x_wconf 91' lang='lat' dir='ltr'><strong>pluribus</strong></span> <span class='ocrx_word' id='word_1_844' title='bbox 2553 5495 2912 5566; x_wconf 74' lang='lat' dir='ltr'><strong>committatur</strong></span> <span class='ocrx_word' id='word_1_845' title='bbox 2929 5491 3131 5566; x_wconf 66' lang='lat' dir='ltr'><strong>erroris</strong></span> <span class='ocrx_word' id='word_1_846' title='bbox 3153 5489 3380 5566; x_wconf 76' lang='lat' dir='ltr'><strong>conqu</strong></span> <span class='ocrx_word' id='word_1_847' title='bbox 3373 5491 3476 5558; x_wconf 89' lang='lat' dir='ltr'><strong>tio;</strong></span> 
     </span>
    </p>
   </div>
   <div class='ocr_carea' id='block_1_116' title="bbox 1917 5553 3478 5712">
    <p class='ocr_par' dir='ltr' id='par_1_116' title="bbox 1917 5553 3478 5712">
     <span class='ocr_line' id='line_1_116' title="bbox 1917 5553 3478 5648; baseline -0.017 -19"><span class='ocrx_word' id='word_1_848' title='bbox 1917 5553 2208 5648; x_wconf 55' lang='lat' dir='ltr'><strong>praesertim</strong></span> <span class='ocrx_word' id='word_1_849' title='bbox 2236 5553 2401 5620; x_wconf 68' lang='lat' dir='ltr'><strong>Leoni</strong></span> <span class='ocrx_word' id='word_1_850' title='bbox 2446 5581 2614 5646; x_wconf 57' lang='lat' dir='ltr'><strong>papa},</strong></span> <span class='ocrx_word' id='word_1_851' title='bbox 2649 5564 2881 5643; x_wconf 74' lang='lat' dir='ltr'><strong>Paulino,</strong></span> <span class='ocrx_word' id='word_1_852' title='bbox 2929 5553 3204 5643; x_wconf 73' lang='lat' dir='ltr'><strong>Ricbbono</strong></span> <span class='ocrx_word' id='word_1_853' title='bbox 3238 5561 3297 5615; x_wconf 74' lang='grc' dir='ltr'><strong>ἐι</strong></span> <span class='ocrx_word' id='word_1_854' title='bbox 3338 5553 3478 5616; x_wconf 67' lang='lat' dir='ltr'><strong>Ten;</strong></span> 
     </span>
     <span class='ocr_line' id='line_1_117' title="bbox 1917 5632 3349 5712; baseline -0.013 -13"><span class='ocrx_word' id='word_1_855' title='bbox 1917 5643 2079 5712; x_wconf 69' lang='lat' dir='ltr'><strong>dulfo,</strong></span> <span class='ocrx_word' id='word_1_856' title='bbox 2110 5645 2265 5712; x_wconf 81' lang='lat' dir='ltr'><strong>prout</strong></span> <span class='ocrx_word' id='word_1_857' title='bbox 2289 5637 2515 5712; x_wconf 74' lang='lat' dir='ltr'><strong>habetur</strong></span> <span class='ocrx_word' id='word_1_858' title='bbox 2537 5649 2590 5712; x_wconf 80' lang='lat' dir='ltr'><strong>in</strong></span> <span class='ocrx_word' id='word_1_859' title='bbox 2613 5632 2834 5712; x_wconf 63' lang='lat' dir='ltr'><strong>epistola</strong></span> <span class='ocrx_word' id='word_1_860' title='bbox 2859 5637 3122 5712; x_wconf 58' lang='lat' dir='ltr'><strong>sequenti:</strong></span> <span class='ocrx_word' id='word_1_861' title='bbox 3273 5699 3288 5712; x_wconf 41' lang='grc' dir='ltr'>ι</span> <span class='ocrx_word' id='word_1_862' title='bbox 3315 5699 3349 5712; x_wconf 59' lang='grc' dir='ltr'><strong>Λ</strong></span> 
     </span>
    </p>
   </div>
   <div class='ocr_carea' id='block_1_117' title="bbox 1989 5682 3476 5775">
    <p class='ocr_par' dir='ltr' id='par_1_117' title="bbox 1989 5682 3476 5775">
     <span class='ocr_line' id='line_1_118' title="bbox 1989 5682 3476 5775; baseline -0.006 -11"><span class='ocrx_word' id='word_1_863' title='bbox 2176 5682 2422 5775; x_wconf 52' lang='lat'><strong>233561&quot;;</strong></span> <span class='ocrx_word' id='word_1_864' title='bbox 2609 5682 3072 5775; x_wconf 43' lang='lat' dir='ltr'><strong>sibilantium</strong></span> <span class='ocrx_word' id='word_1_865' title='bbox 3084 5682 3175 5775; x_wconf 47' lang='lat' dir='ltr'><strong>ba</strong></span> <span class='ocrx_word' id='word_1_866' title='bbox 3183 5699 3289 5775; x_wconf 82' lang='lat' dir='ltr'><strong>pud</strong></span> <span class='ocrx_word' id='word_1_867' title='bbox 3310 5699 3476 5775; x_wconf 44' lang='lat' dir='ltr'><strong>Quor:</strong></span> 
     </span>
    </p>
   </div>
   <div class='ocr_carea' id='block_1_118' title="bbox 1917 5769 3491 5843">
    <p class='ocr_par' dir='ltr' id='par_1_118' title="bbox 1917 5769 3491 5843">
     <span class='ocr_line' id='line_1_119' title="bbox 1917 5769 3491 5843; baseline -0.005 -8"><span class='ocrx_word' id='word_1_868' title='bbox 1917 5789 2180 5837; x_wconf 83' lang='lat' dir='ltr'><strong>cetanttm,</strong></span> <span class='ocrx_word' id='word_1_869' title='bbox 2207 5769 2296 5843; x_wconf 70' lang='lat' dir='ltr'><strong>qui</strong></span> <span class='ocrx_word' id='word_1_870' title='bbox 2317 5772 2513 5843; x_wconf 85' lang='lat' dir='ltr'><strong>prioris</strong></span> <span class='ocrx_word' id='word_1_871' title='bbox 2534 5770 2770 5827; x_wconf 86' lang='lat' dir='ltr'><strong>defectus</strong></span> <span class='ocrx_word' id='word_1_872' title='bbox 2788 5784 2853 5826; x_wconf 74' lang='lat' dir='ltr'><strong>ex</strong></span> <span class='ocrx_word' id='word_1_873' title='bbox 2876 5785 2976 5827; x_wconf 82' lang='lat' dir='ltr'><strong>ms.</strong></span> <span class='ocrx_word' id='word_1_874' title='bbox 3000 5769 3279 5843; x_wconf 70' lang='lat' dir='ltr'><strong>supplevit.</strong></span> <span class='ocrx_word' id='word_1_875' title='bbox 3303 5771 3491 5841; x_wconf 82' lang='lat' dir='ltr'><strong>(Apud.</strong></span> 
     </span>
    </p>
   </div>
   <div class='ocr_carea' id='block_1_119' title="bbox 1917 5845 2280 5910">
    <p class='ocr_par' dir='ltr' id='par_1_119' title="bbox 1917 5845 2280 5910">
     <span class='ocr_line' id='line_1_120' title="bbox 1917 5845 2280 5910; baseline -0.017 -4"><span class='ocrx_word' id='word_1_876' title='bbox 1917 5852 2140 5906; x_wconf 67' lang='lat' dir='ltr'><strong>Fro&#39;eu.</strong></span> <span class='ocrx_word' id='word_1_877' title='bbox 2170 5845 2280 5910; x_wconf 81' lang='lat'><strong>69.)</strong></span> 
     </span>
    </p>
   </div>
  </div>
