4400 6428
879 421 983 476 275

1735 422 1795 475 Β.
1835 423 1896 476 i-‘.
1934 419 2156 475 ALBINI
2196 419 2324 476 SEU
2377 417 2649 476 ALCUINI
2685 419 2964 477 OPERUM
3002 422 3180 480 PARS
3218 422 3257 478 i.
3367 455 3370 458 ~

4035 431 4139 486 εἶθ

875 538 1097 599 Tamen,
1143 540 1200 591 ut
1239 545 1524 604 puerorum
1569 530 1769 585 savitia
1813 539 2111 584 vestrorum
2159 527 2444 598 cujuslibet
2475 529 2521 588 Α
2549 537 2811 583 menstres
2853 528 2982 601 [Al.,
3021 544 3119 602 per
3157 543 3369 586 menses
3413 529 3585 603 tres];
3618 542 3640 572 ε
3670 540 3727 590 et
3764 535 3980 594 diverso
4009 553 4137 609 per-

871 625 1124 682 i-arminls
1146 622 1426 678 dulcedine
1467 619 1834 691 mitigaretur,
1865 619 2148 684 voluistis;
2189 619 2352 673 etiam
2392 626 2445 672 et

869 717 971 769 hoc
1017 713 1191 782 ipsum
1221 708 1618 780 sapientissimo
1659 708 1882 764 consilio
1909 706 2268 777 praevidistis;
2316 705 2442 774 quia

867 801 1007 870 saepe
1033 801 1181 856 irata:
1219 799 1415 853 mentis
1443 799 1706 866 asperitas
1731 798 1962 854 salubris
1989 797 2197 854 cmsilii
2223 812 2327 851 non
2353 792 2443 850 in-

864 893 1012 947 venit
1032 891 1282 946 effectum
1313 886 1448 959 [Al.,
1471 887 1763 954 allectum],
1794 889 1934 946 sicut
1976 887 2192 947 assidua
2232 900 2444 955 quoque

865 979 1120 1041 mollities
1137 969 1300 1031 animi
1321 989 1577 1035 enervam
1599 974 1736 1029 solet
1759 973 2150 1029 fortitudinem.
2178 973 2281 1027 Sed
2304 974 2444 1028 inter

864 1074 979 1132 haec
1021 1070 1330 1126 mor-borum
1353 1081 1551 1137 genera
1579 1066 1757 1123 medio
1789 1065 2004 1121 tramite
2042 1065 2279 1142 prudens
2307 1074 2442 1120 tern-

864 1169 1235 1233 peramentum
1260 1158 1528 1223 consistit,
1563 1157 1689 1212 inde
1709 1165 2006 1217 tumentem
2035 1155 2272 1216 furorem
2300 1157 2442 1212 miti-

862 1264 1018 1320 gans.
1053 1248 1181 1311 hinc
1221 1247 1460 1302 desidem
1505 1245 1746 1300 animum
1791 1246 2046 1317 erigens;
2086 1253 2140 1300 et
2174 1246 2258 1299 via
2297 1245 2442 1316 regia

861 1340 918 1406 in
948 1338 1097 1408 pacis
1121 1335 1345 1394 oonsilio
1367 1341 1561 1394 cuncta
1585 1335 1880 1406 componit.
1909 1335 2063 1401 Quod
2087 1333 2444 1390 militantibus

863 1425 1078 1480 virtutis
1101 1439 1268 1494 genus
1305 1424 1539 1478 maxime
1565 1421 1930 1488 necessarium
1954 1423 2092 1488 esse,
2121 1422 2174 1475 in
2209 1422 2442 1491 antiquis

862 1515 1209 1572 historiarum
1229 1514 1382 1569 libris
1406 1513 1668 1584 legimus;
1701 1520 1760 1567 ut
1789 1520 1982 1574 cuncta
2008 1513 2221 1582 sapiens
2244 1522 2440 1582 tempe-

861 1606 1058 1670 rantia,
1087 1621 1206 1674 qua:
1230 1603 1434 1674 agenda
1461 1605 1588 1669 sint,
1622 1611 1774 1673 regat
1802 1611 1964 1672 atque
1991 1604 2275 1672 gubernet.
2304 1602 2439 1658 Nam

861 1695 965 1750 tria
1001 1695 1250 1750 videntur
1290 1694 1344 1747 in
1392 1693 1546 1748 hoste
1576 1692 1984 1755 consideranda,
2030 1692 2220 1755 virtus,
2265 1692 2436 1758 dolus,

858 1802 982 1858 pax.
1014 1785 1214 1852 Primo,
1239 1801 1306 1840 an
1324 1785 1547 1860 publica
1574 1784 1774 1839 virtute
1807 1784 1946 1838 vinci
1971 1783 2146 1838 valeat
2185 1785 2438 1839 adversa-

2543 631 2673 685 gens
2710 617 2935 684 itinere,
2977 621 3344 691 retrogradam
3381 622 3490 679 cito
3529 621 3673 682 illam
3720 626 3825 681 erit
3865 626 4132 685 facturus.

2541 705 2759 763 Addidit
2786 721 2846 761 se
2869 723 3084 778 quoque
3127 708 3402 782 splendida
3429 709 3564 768 facie
3594 711 3867 780 Canicula,
3905 717 4137 772 medicis

2540 795 2756 864 prmmia
2797 797 3235 868 exspectantibus
3273 798 3499 853 multum
3537 801 3798 856 amabilis.
3849 802 3961 861 Cur
4003 819 4135 860 vero

2543 892 2690 940 tanto
2714 893 2953 960 tempore
2977 887 3054 943 sol
3082 903 3200 946 eam
3237 889 3514 945 habuisset
3541 892 3928 957 absconditam,
3955 910 4125 949 causa

2539 981 2640 1036 est,
2666 981 2725 1027 ut
2748 985 2958 1031 veteres
2981 976 3282 1042 voluerunt,
3315 979 3586 1034 mdiorum
3607 981 3753 1046 solis,
3776 983 3891 1052 qui,
3925 994 3984 1038 ut
4017 985 4125 1039 fer-

2540 1070 2648 1125 tur,
2677 1061 2964 1133 inaequales
3007 1064 3343 1136 planetarum
3381 1084 3570 1124 cursus
3601 1069 3855 1126 efﬁciunt.
3903 1073 3968 1127 Et
3997 1061 4132 1130 ideo

2540 1149 2678 1207 forte
2701 1163 2944 1210 errantes
2973 1153 3246 1224 dicuntur,
3267 1159 3393 1228 quia
3422 1168 3626 1217 certum
3652 1176 3864 1231 semper
3889 1171 3944 1218 et
3969 1166 4131 1222 unius

2539 1242 2682 1297 modi
2704 1258 2924 1298 cursum
2948 1258 3056 1299 non
3083 1245 3281 1302 habere
3315 1257 3627 1302 noscuntur.
3658 1247 3808 1315 Quod
3840 1251 3884 1304 si
3916 1251 3992 1306 ita
4022 1261 4126 1321 est,

2538 1339 2598 1384 ut
2635 1330 2900 1402 aliquibus
2927 1331 3100 1402 placet
3139 1332 3571 1412 calculatoribns,
3610 1337 3789 1393 dicant
3818 1337 4125 1409 (Egyptiaci

2539 1423 2710 1492 pueri,
2759 1439 2855 1478 cur
2883 1423 2963 1478 sol
3011 1433 3067 1478 et
3096 1413 3221 1479 luna
3265 1425 3408 1485 inter
3451 1442 3544 1482 eas
3585 1438 3958 1495 numerentur,
3999 1432 4126 1485 dum

2540 1521 2718 1568 certos
2745 1521 3030 1585 utrumque
3058 1515 3221 1570 habet
3245 1516 3392 1572 sidus
3413 1532 3602 1573 cursus
3627 1518 3678 1571 in
3711 1519 4122 1581 annistcnsi-

2540 1604 2660 1667 bus,
2691 1602 2899 1668 diebus,
2934 1603 3084 1664 horis
3109 1612 3270 1673 atque
3294 1608 3596 1660 momentis.
3627 1605 3744 1663 Non
3771 1607 3915 1660 enim
3939 1618 4127 1663 errant

2541 1691 2593 1744 in
2626 1705 2709 1756 eo,
2758 1699 2817 1744 ut
2864 1691 3035 1758 aiunt,
3081 1694 3223 1762 quod
3269 1703 3454 1751 contra
3493 1695 3686 1753 ccelum
3737 1697 3815 1750 ire
3848 1697 4122 1762 videntur,

2540 1779 2668 1834 dum
2693 1781 3014 1836 certissimis
3036 1791 3300 1854 peragunt
3327 1785 3656 1858 temporibus
3683 1786 3765 1840 sui
3795 1801 3987 1842 cursus
4015 1805 4124 1843 me-

858 1855 1017 1932 rius?
1043 1875 1138 1931 Sin
1161 1855 1362 1940 autem,
1387 1874 1453 1930 ad
1478 1873 1693 1930 fraudes
1718 1884 1772 1929 et
1798 1873 2011 1944 ingenia
2052 1873 2156 1929 doli
2187 1887 2273 1928 res
2300 1872 2436 1928 refe-
2464 1855 2511 1915 Β
2541 1878 2624 1925 tas
2651 1888 2663 1923 :
2693 1871 2830 1926 sicut
2855 1871 3090 1940 quinque
3119 1872 3392 1927 stellarum
3426 1855 3616 1929 cursus
3652 1875 3945 1945 sazpissime
3975 1879 4119 1932 inor-

858 1966 1027 2030 renda
1073 1966 1162 2020 sit.
1196 1965 1264 2020 Et
1287 1966 1331 2020 si
1364 1979 1462 2021 nec
1496 1965 1597 2021 hoc
1621 1963 1853 2036 proﬁcit,
1900 1974 2027 2018 tunc
2073 1964 2222 2033 pacis
2263 1964 2439 2019 consi-

857 2059 934 2115 lio
970 2056 1372 2112 inimicitiarum
1395 2057 1515 2111 odia
1540 2070 1656 2110 esse
1687 2055 1909 2109 delenda
1941 2055 2208 2108 videntur.
2234 2053 2438 2107 Tamen

857 2149 907 2205 si
935 2149 1172 2204 immites
1195 2149 1404 2203 animos
1439 2147 1641 2219 aliquid
1673 2146 1921 2201 Flaccina
1958 2144 2089 2217 [Al.,
2128 2142 2436 2214 Flacciana|

856 2237 1032 2294 valeat
1060 2237 1235 2292 ﬁstula
1262 2236 1515 2302 mulcere,
1555 2235 1702 2292 omni
1744 2233 2102 2291 sollicitudine
2131 2249 2250 2288 esse
2293 2247 2436 2300 reor,

857 2331 1152 2388 secundum
1179 2330 1630 2402 opportunitatem
1666 2329 1924 2399 temporis
1951 2336 2006 2382 et
2032 2342 2296 2398 personae,
2320 2342 2438 2396 per-

857 2420 1165 2476 liciendum.
1195 2419 1307 2489 Ego
1331 2433 1459 2474 vero
1482 2417 1706 2472 Flaccus
1745 2427 1869 2472 tuus
1911 2416 2128 2477 interim
2155 2415 2292 2470 vado
2316 2431 2438 2485 per—

858 2509 1022 2564 ﬁcere
1056 2507 1287 2563 ﬁdeliter
1319 2521 1440 2563 cum
1479 2505 1626 2560 omni
1670 2505 1920 2562 instantia
1949 2503 2091 2572 quod
2117 2511 2296 2558 vestra
2320 2501 2436 2556 dul-

854 2598 1070 2656 cissima
1105 2595 1400 2652 auctoritas
1438 2594 1569 2652 mihi
1617 2610 1715 2665 per
1758 2606 1781 2634 ι
1817 2591 2236 2665 Magamfredum
2278 2589 2432 2662 [Al.,

853 2682 1296 2760 Mageufredum]
1339 2682 1549 2738 ﬁdelem
1591 2690 1830 2736 vestrum
1874 2681 2198 2735 demandare
2246 2679 2432 2734 voluit.

853 2779 924 2834 Et
954 2778 1092 2833 sciat
1119 2775 1420 2834 certissime
1446 2773 1659 2828 bonitas
1682 2781 1862 2827 vestra
1886 2771 2028 2842 quod
2055 2771 2233 2829 nullus
2262 2768 2435 2838 majus

851 2866 1179 2924 desiderium
1201 2865 1386 2930 habet,
1405 2863 1544 2919 sicut
1560 2861 1666 2932 just
1676 2877 1765 2917 um
1789 2870 1893 2927 est,
1916 2860 2084 2916 vestri
2110 2859 2294 2919 auxilii
2315 2875 2436 2930 sup-

850 2956 1179 3029 plementum
1206 2952 1450 3023 implere.

919 3044 1088 3118 igitur
1123 3043 1329 3100 amicus
1358 3042 1576 3107 dicitur,
1605 3041 1760 3113 quasi
1793 3041 1956 3096 animi
1998 3049 2211 3106 custos;
2241 3040 2297 3099 id
2327 3048 2433 3106 est,

849 3136 942 3206 qui
971 3135 1212 3194 anisum
1246 3132 1406 3187 amici
1449 3132 1531 3186 sui
1569 3146 1692 3186 cum
1729 3132 1876 3188 omni
1918 3130 2276 3190 sollicitudine
2309 3129 2434 3184 ﬁdei

2538 1961 2717 2016 dinate
2760 1976 2858 2030 per
2901 1961 3105 2016 zodiaci
3133 1962 3319 2018 circuli
3366 1962 3723 2029 latitudinem,
3749 1964 3833 2017 vel
3868 1967 4122 2030 errando,

2539 2051 2621 2105 vel
2647 2049 2857 2114 stando,
2889 2051 2973 2104 vel
2999 2052 3414 2108 retrocurrendo
3445 2051 3709 2111 feruntur.
3962 2118 3970 2128 ι

2605 2139 2632 2178 ἀ
2669 2140 2744 2194 Dc
2770 2139 2949 2194 libello
2970 2154 3098 2195 vero
3123 2139 3353 2196 infelicis
3374 2157 3483 2196 non
3510 2143 3751 2214 magistri
3777 2145 3872 2200 sed
3899 2149 4124 2202 subver-

2536 2233 2696 2298 soris,
2721 2231 2896 2302 placet
2920 2232 3049 2293 mihi
3080 2232 3258 2299 valde,
3279 2233 3423 2309 quod
3451 2241 3630 2295 vestra
3658 2235 4000 2295 sanctissima
4030 2253 4121 2293 vo-

2537 2323 2716 2379 luntas
2741 2331 2794 2377 et
2821 2323 3032 2378 devotio
3059 2325 3222 2378 habet
3247 2339 3431 2381 curam
3459 2325 3811 2395 respondendi
3841 2327 3907 2380 ad
3934 2327 4116 2381 dcfm-

2535 2413 2744 2468 sionem
2767 2412 2889 2466 ﬁdei
2911 2413 3210 2473 catholicas.
3236 2412 3342 2470 Sed
3364 2413 3606 2477 obsecro,
3631 2413 3676 2472 si
3699 2423 3891 2472 vestrae
3912 2415 4121 2491 placeat

2533 2503 2743 2574 pietati,
2774 2511 2833 2558 ut
2859 2503 3244 2575 exemplarium
3273 2496 3416 2562 illius
3442 2502 3604 2561 libelli
3631 2503 3828 2563 domno
3855 2505 4118 2576 dirigatur

2536 2599 2847 2669 apostolico.
2878 2596 3038 2652 Aliud
3079 2612 3291 2666 quoque
3326 2607 3350 2636 ε
3386 2595 3610 2651 Paulino
3638 2581 3981 2668 patriarchae.
4025 2595 4115 2649 Si-

2536 2687 2737 2742 militer
2764 2687 3066 2753 Richbono,
3090 2696 3143 2742 et
3164 2685 3426 2742 Teudulfo
3448 2688 3712 2758 episcopis
3737 2688 4046 2742 doctoribus
4063 2695 4118 2742 et

2535 2779 2827 2850 magistris,
2868 2787 2928 2834 ut
2970 2779 3165 2850 singuli
3214 2794 3315 2849 pro
3361 2795 3421 2835 se
3469 2779 3851 2850 respondeant.
3892 2777 4117 2837 Flaccus

2533 2882 2663 2922 vero
2691 2875 2815 2925 tuus
2843 2875 3021 2925 tecum
3064 2867 3272 2924 laborat
3308 2869 3362 2922 in
3393 2867 3657 2924 reddenda
3695 2866 3902 2920 ratione
3929 2865 4116 2918 cathoo

2534 2953 2650 3009 licae
2671 2955 2814 3009 ﬁdei.
2842 2954 3073 3009 Tantum
3102 2953 3325 3023 deturlei
3356 2953 3612 3024 spatium,
3640 2962 3699 3007 ut
3723 2953 3904 3023 quiete
3930 2952 4042 3022 98
4064 2959 4117 3009 et

2534 3041 2825 3114 diligenter
2856 3043 3017 3120 liceat
3059 3043 3132 3098 illi
3179 3042 3349 3116 [cum]
3393 3045 3577 3114 pueris
3622 3044 3734 3099 suis
3771 3043 4118 3099 considerare

2535 3132 2756 3188 Patrum
2784 3149 3002 3200 sensus;
3034 3133 3162 3203 quid
3185 3135 3550 3203 unusquisque
3575 3133 3780 3188 diceret
3804 3132 3871 3187 de
3900 3137 4115 3187 senten-

849 3197 1030 3286 studet
1056 3221 1326 3279 custodire
1359 3221 1656 3291 integrum,
1700 3231 1964 3290 quatenus
2004 3220 2307 3276 nullatenus
2345 3236 2431 3276 sa-
2457 3197 2507 3264 δ
2536 3227 2624 3281 tiis
2649 3241 2784 3296 quas
2809 3197 2997 3296 posuit
3010 3197 3266 3296 prmfatus
3293 3197 3580 3280 subversor
3604 3224 3658 3284 in
3693 3237 3790 3280 suo
3813 3220 4010 3276 libello.
4046 3220 4116 3280 Et

846 3330 1004 3373 crum
1029 3314 1284 3371 amicitiae
1295 3312 1385 3383 jus
1409 3313 1609 3374 alicubi
1631 3311 1879 3367 violetur.
1914 3313 1982 3368 Et
2008 3313 2111 3368 hoc
2146 3313 2254 3368 rari
2283 3322 2428 3379 sunt,

844 3407 940 3478 qui
986 3405 1308 3477 intelligunt.
1357 3404 1502 3460 Pene
1534 3405 1902 3475 unusquisque
1933 3405 2225 3470 secundum
2264 3405 2430 3460 animi

844 3497 932 3558 sui
964 3496 1295 3568 qualitatem,
1346 3509 1452 3552 non
1501 3494 1726 3550 alterius
1760 3494 1946 3560 animi,
1987 3495 2078 3563 qui
2107 3494 2312 3549 amicus
2347 3503 2431 3549 est

843 3601 976 3643 suns
993 3584 1125 3657 [Al.,
1147 3583 1350 3655 hujus],
1381 3581 2132 3649 satisfactionem,.amicitiam
2158 3586 2430 3640 custodire

842 3677 1057 3747 qumrit.
1085 3674 1153 3729 Et
1181 3675 1225 3729 si
1255 3674 1358 3729 hoc
1397 3673 1449 3727 in
1479 3673 1653 3728 amico
1678 3671 1811 3746 [Αι.,
1839 3673 2042 3744 animo]
2081 3683 2136 3728 et
2170 3676 2426 3744 cozequali

845 3765 1128 3835 diligenter
1165 3763 1441 3819 observari
1479 3763 1657 3828 debet,
1698 3771 1760 3816 ut
1794 3761 2048 3820 inviolata
2089 3763 2252 3823 animi
2292 3765 2427 3820 inte-

847 3857 1018 3926 gritas
1039 3865 1352 3924 permaneat
1379 3853 1551 3920 illius;
1584 3863 1788 3925 quanto
1811 3855 1982 3925 magis
2011 3853 2066 3910 in
2095 3854 2344 3923 Domino,
2372 3864 2428 3912 ct

850 3947 909 4001 in
945 3944 1042 4014 tali
1077 3960 1329 4016 persona,
1361 3959 1480 4015 qua
1518 3944 1649 4016 μί..
1689 3944 1804 4016 qui]
1849 3959 1978 3999 suos
2011 3939 2253 4001 subditos
2280 3947 2426 4002 omni

846 4036 1052 4091 honore
1076 4034 1314 4089 exaltare
1342 4042 1396 4090 et
1419 4034 1720 4106 gubernare
1762 4034 1944 4093 amat?
1980 4034 2234 4091 Veterum
2264 4035 2428 4105 igitur

843 4125 1194 4194 proverbialis
1226 4125 1392 4196 fulget
1429 4125 1692 4186 sententia
1722 4139 1738 4180 :
1776 4126 1988 4182 Anticus
2023 4127 2115 4180 diu
2150 4129 2424 4198 qum-itur,

841 4219 929 4274 avia:
955 4217 1234 4278 inuenitur,
1255 4214 1458 4284 digit-ile
1477 4224 1730 4268 uruntur.
1751 4215 1818 4274 Et
1839 4215 1893 4268 in
1915 4231 2070 4275 sacra
2097 4217 2374 4288 Scriptura
2406 4236 2419 4272 :

844 4307 1026 4364 Amico
1053 4305 1198 4374 ﬁdeli
1227 4305 1373 4359 nulla
1403 4315 1476 4359 est
1511 4306 1831 4376 comparatio
1859 4305 2047 4378 (Eccli.
2078 4322 2152 4373 vi,
2180 4308 2290 4379 i5).

912 4397 943 4438 ι
971 4395 1124 4451 Nunc
1157 4396 1342 4467 igitur,
1377 4410 1537 4465 quam
1571 4396 1661 4450 diu
1695 4397 2041 4464 quaesivimus
2066 4393 2207 4454 inter
2231 4399 2422 4454 Martia

843 4488 969 4553 tela,
998 4487 1185 4542 Martis
1213 4487 1365 4541 stella
1391 4486 1571 4542 subito
1594 4485 1806 4551 effulsit,
1830 4503 1988 4557 quam
2018 4489 2098 4542 sol
2123 4489 2422 4546 diutissime

842 4577 1038 4644 tenuit,
1080 4575 1176 4632 sed
1221 4575 1419 4631 Ναξιηεὶ
1464 4577 1633 4632 leonis
1679 4586 1886 4633 terrore
1931 4577 2146 4646 reliquit
2186 4579 2323 4650 :qui
2351 4581 2422 4637 ob
2452 4575 2473 4608 ⁴

841 4668 1159 4728 memoriam
1190 4667 1465 4723 Herculea:
1505 4668 1836 4723 fortitudinis
1873 4669 2011 4725 cmlo
2047 4670 2249 4726 inditus
2288 4670 2417 4743 [Αι.,

842 4758 1084 4832 indutus]
1107 4775 1226 4814 esse
1255 4759 1506 4823 refertur,
1536 4759 1836 4829 traditaque
1870 4769 1952 4815 est
1981 4760 2189 4816 Canem
2218 4778 2313 4833 per
2336 4763 2420 4818 bi-

917 4905 942 4934 ι
979 4889 1419 4963 Magamfredum.
1448 4889 1592 4963 idem
1636 4888 1856 4963 fogrtegis
1890 4897 1972 4945 est
2007 4890 2072 4945 de
2093 4905 2199 4961 quo
2226 4892 2281 4946 in
2311 4892 2424 4963 epi-

841 4959 1093 5042 stolisfﬂi
1114 4969 1167 5041 et
1323 4961 1488 5042 (nunc
1508 4960 1578 5042 42
1603 4959 1826 5042 letifi‘l’i).

911 5035 939 5076 δ
975 5032 1053 5093 Ex
1078 5030 1170 5104 his
1185 5029 1435 5104 colligere
1457 5031 1581 5104 licet
1604 5029 1702 5104 (ait
1722 5029 1989 5104 Gauisius)
2011 5047 2153 5104 anno
2173 5029 2284 5104 79_9_
2296 5033 2422 5088 scri-

879 5111 990 5156 tam
1010 5117 1132 5158 esse
1157 5100 1297 5159 hanc
1317 5100 1623 5174 epistolam.
1652 5102 1803 5174 Tunc
1827 5100 1977 5174 enim
1993 5101 2200 5174 stellam
2237 5102 2422 5161 Martis

879 5119 990 5156 tam
1010 5119 1132 5158 esse
1157 5119 1297 5159 uane
1317 5119 1623 5174 epistotam.
1653 5119 1803 5160 tunc
1827 5119 1969 5158 enim
1993 5119 2200 5157 steuam
2237 5119 2420 5161 Marus

841 5119 1038 5228 lterum
1075 5171 1440 5240 compamisse
1474 5170 1585 5240 sibi
1617 5171 1867 5238 gratulati
1898 5180 2024 5226 sunt
2058 5173 2420 5228 mathematici

845 5241 988 5300 illius
1008 5239 1282 5309 temporis.
1307 5239 1490 5309 Neque
1504 5239 1651 5296 enim
1669 5241 1810 5295 hunc
1832 5239 2014 5301 locum
2031 5240 2243 5296 Alcuini
2262 5241 2422 5298 alior-

844 5320 960 5365 sum
985 5306 1160 5390 traho.
1174 5306 1597 5390 Engolismens'ts
1619 5309 1670 5362 in
1686 5310 1807 5390 Vita
1834 5309 2240 5390 μητρὶς
2269 5311 2422 5390 εῌοε

843 5396 1004 5444 anno,
1029 5381 1082 5435 id
1106 5388 1209 5447 est,
1234 5379 1302 5432 ab
1327 5379 1692 5437 incarnatione
1720 5379 1930 5436 Domini
1957 5381 2079 5444 799,
2107 5379 2256 5435 sidus
2284 5380 2422 5434 Mar-

845 5450 914 5504 tis
948 5465 980 5505 a
1007 5449 1459 5530 superiorisanni
1494 5448 1636 5505 iulio
1670 5464 1841 5532 usque
1874 5452 1945 5532 ad
1978 5449 2138 5534 hujus
2171 5449 2297 5504 anni
2330 5451 2423 5507 Ju-

846 5518 974 5576 lium
1005 5534 1268 5588 nusquam
1309 5534 1362 5572 in
1402 5527 1517 5575 toto
1550 5519 1687 5575 ctelo
1721 5520 1889 5574 viden
1920 5529 2113 5588 potuit.
2162 5538 2180 5571 ι
2223 5519 2290 5574 Et
2320 5522 2422 5576 hoc

844 5597 927 5640 est
960 5590 1104 5711 κιαι
1140 5588 1398 5668 Aletrinas
1443 5590 1560 5643 ait:
1591 5606 1748 5671 quam
1789 5588 1864 5670 sol
1902 5588 2194 5647 diutissimo
2235 5591 2419 5658 tenuit,

845 5657 936 5735 sed
997 5673 1196 5735 cauet
1214 5657 1376 5735 leonis
1397 5665 1594 5735 terrore
1620 5659 1843 5735 reliquit.
1870 5657 2006 5714 Nam
2029 5660 2299 5735 2.3_ve124
2321 5658 2388 5735 «in
2406 5694 2419 5704 -

848 5723 904 5783 lii
933 5725 1228 5807 sol_L_e_on_i_s
1254 5727 1464 5807 signum
1493 5723 1904 5807 inhumanius.
1931 5758 2003 5807 _-_-
2027 5729 2132 5784 Sed
2161 5731 2420 5807 delectio-

849 5809 968 5854 nrm
987 5796 1150 5853 stellae
1175 5794 1356 5851 Martis
1379 5813 1517 5854 anno
1539 5798 1638 5854 798
1662 5813 1842 5856 mense
1862 5795 2019 5862 iulio,
2045 5808 2329 5869 postquam
2353 5805 2419 5859 ab

2533 3323 2772 3384 tempore
2793 3313 3060 3385 praeﬁnito
3081 3329 3112 3367 a
3132 3313 3304 3378 vobis,
3330 3312 3576 3375 ferantur-
3591 3319 3784 3367 vestrte
3802 3311 4115 3372 auctoritati

2531 3405 2866 3476 singulorum
2897 3417 3175 3478 responsa.
3205 3403 3271 3459 Et
3295 3403 3553 3476 quidquid
3587 3403 3639 3458 in
3671 3403 3762 3459 illo
3793 3402 3990 3468 libello,
4030 3401 4114 3456 vel

2529 3498 2918 3554 sententiarum
2945 3496 3028 3555 vel
3065 3512 3339 3562 sensuum,
3373 3505 3561 3551 contra
3595 3494 3913 3552 catholicam
3950 3493 4111 3548 fidem

2529 3587 2854 3652 inveniatur,
2874 3587 3055 3646 omnia
3080 3585 3358 3641 catholicis
3382 3584 3643 3653 exemplis
3658 3585 4023 3639 destruantur.
4046 3583 4113 3637 Et

2529 3676 2576 3732 si
2623 3676 2902 3746 aequaliter
2943 3683 2998 3731 et
3043 3675 3383 3737 concorditer
3437 3682 3750 3734 cunctorum
3802 3673 3857 3728 in
3903 3672 4113 3744 profes-

2528 3769 2702 3834 sione,
2725 3769 2808 3824 vcl
2833 3767 3148 3831 defensione
3167 3767 3443 3824 catholica:
3462 3765 3585 3821 ﬁdei
3613 3775 3867 3821 resonant
3887 3767 4109 3836 scripta,

2528 3861 2750 3932 intelligi
2786 3868 2966 3929 potest
2990 3861 3136 3930 quod
3175 3875 3275 3929 per
3299 3859 3536 3914 omnium
3565 3873 3660 3916 ora
3690 3865 3745 3912 et
3780 3858 3943 3911 corda
3973 3871 4113 3909 unus

2527 3951 2766 4023 loquitur
2794 3949 3058 4020 Spiritus;
3097 3951 3180 4005 sin
3206 3957 3384 4004 autem
3422 3948 3691 4004 diversum
3722 3944 3924 4014 aliquid
3963 3945 4112 3999 inve-

2526 4042 2709 4099 niatnr
2737 4040 2793 4096 in
2821 4039 2979 4096 dictis
2999 4039 3083 4096 vel
3113 4039 3328 4111 scriptis
3357 4037 3654 4108 cujuslibet,
3685 4035 3956 4100 videatur,
3984 4034 4112 4104 quis

2526 4132 2731 4205 majore
2768 4133 3090 4192 auctoritate
3127 4140 3434 4190 sanctarum
3473 4129 3870 4200 Scripturarum
3908 4127 3995 4181 vel
4022 4142 4110 4181 ca-

2525 4226 2846 4280 tholicorum
2876 4223 3098 4279 Patrum
3137 4223 3403 4280 innitatur
3437 4239 3450 4276 :
3480 4229 3537 4281 et
3573 4220 3699 4277 huic
3732 4218 3909 4280 laudis
3931 4218 4110 4287 palma

2525 4314 2814 4379 tribuatur,
2838 4313 2930 4382 qui
2951 4311 3148 4370 divinis
3176 4312 3349 4385 magis
3374 4313 3634 4368 inhaereat
3660 4309 4001 4365 testimoniis.

2594 4405 2673 4461 De
2714 4403 3103 4474 quaestionibus
3144 4418 3293 4468 vero,
3341 4417 3460 4474 quae
3505 4401 3525 4440 ί
3577 4400 3684 4455 ﬁlia
3735 4414 3855 4454 mea
3904 4398 4104 4454 famula

2525 4505 2702 4554 vestra
2725 4498 3035 4556 ﬁdelissima
3062 4497 3432 4569 interrogavit,
3459 4511 3567 4552 non
3587 4494 3876 4550 ordinatim
3905 4495 4105 4558 recolo,

2523 4587 2626 4643 nisi
2653 4585 2796 4658 quod
2824 4587 2889 4643 de
2914 4586 3136 4657 psalmis
3155 4627 3171 4652 ,
3198 4602 3335 4658 quos
3365 4585 3664 4657 vespertina
3693 4586 3978 4656 przesentis
4004 4586 4105 4640 diei

2522 4676 2578 4730 in
2605 4676 2808 4749 capella
2837 4677 3172 4735 cantavimus
3197 4665 3353 4739 hora,
3383 4683 3444 4730 ut
3473 4674 3702 4738 aestimo,
3730 4672 4098 4743 interrogavit.

2521 4775 2598 4830 De
2630 4789 2696 4830 eo
2723 4775 2906 4844 itaque
2926 4771 3184 4844 primum,
3211 4769 3305 4826 ubi
3326 4769 3401 4826 ait
3415 4767 3721 4838 Propheta:
3747 4764 3931 4820 Omnia
3952 4768 4104 4820 homo

2521 4904 2707 4958 eodem
2743 4917 2928 4958 mense
2962 4900 3086 4957 anni
3113 4899 3464 4970 praecedentis
3492 4899 3594 4954 797
3620 4898 3898 4970 hucusque
3923 4897 4098 4970 occul-

2523 4981 2632 5027 tata
2680 4972 2887 5042 fuisset,
2916 4967 3208 5042 contigisse
3242 4971 3528 5042 dice_ndum_
3570 4975 3654 5022 est
3693 4981 3756 5042 ex
3803 4967 4101 5042 Annalibus

2523 5042 2748 5098 Tilianis
2782 5035 3121 5112 Loi’selianii,
3146 5055 3321 5112 quem
3344 5039 3762 5112 Engoiismensis
3791 5035 4094 5102 exscripsit,

2519 5112 2818 5191 et_Ad_onis
2859 5109 3267 5191 Chronico.
3308 5109 3447 5191 hanc
3488 5109 3744 5191 rationem
3778 5112 4094 5191 praesentem

2521 5183 2802 5253 epistolam
2839 5181 2906 5236 ad
2934 5195 3134 5238 annum
3165 5177 3270 5236 798
3294 5179 3561 5248 pertinere
3584 5177 3881 5237 credimus,

2592 5263 2615 5292 ε
2661 5251 2727 5305 Et
2749 5252 2975 5313 diverso.
2999 5251 3098 5304 iiic
3118 5248 3240 5310 ﬁnis
3264 5248 3502 5316 epistolae
3522 5246 3660 5316 apud
3681 5243 3983 5308 Canisium,
3998 5256 4091 5298 ca:-

2592 5263 2615 5292 °
2661 5263 2727 5305 Et
2749 5263 2975 5313 diverso,
3001 5263 3098 5304 mc
3118 5263 3240 5310 nnis
3264 5266 3294 5303 e
3334 5263 3502 5304 molae
3522 5263 3635 5316 aput

2522 5330 2635 5378 tera
2661 5336 2729 5374 ex
2756 5335 2857 5389 ms.
2883 5319 3063 5389 addita
3083 5325 3208 5389 sunt
3225 5333 3256 5372 a
3283 5263 3635 5389 auercetano.

2590 5389 2616 5430 δ
2653 5389 2739 5442 De.
2758 5387 2948 5444 libello.
2981 5387 3056 5442 De
3076 5402 3141 5443 eo
3165 5387 3320 5454 plura
3343 5387 3492 5441 alibi.

2594 5455 2887 5528 {Paulino
2919 5452 3257 5528 patriarcha.
3296 5454 3642 5528 Aquileiensi.
3691 5452 3958 5528 Βὶςιξὺρειρ
4000 5463 4093 5528 seu

2527 5526 2810 5599 ﬁichpodo,
2835 5519 3517 5599 episcopo_Treviren’si,_nt
3534 5524 3741 5586 videtur
3771 5519 4086 5577 Mabillonio.

2524 5594 2780 5667 Τειιάειίρ
2805 5594 3058 5667 crisantis
3081 5595 3474 5667 Αυιςέίθρεηείτ

2597 5663 2617 5702 f
2658 5659 2799 5718 Filia
2839 5659 3142 5724 'meaCOuae
3186 5663 3313 5718 illa?
3357 5664 3689 5724 exploratum
3733 5677 3841 5724 non
3883 5659 4081 5720 habeo;

2521 5733 2668 5790 Gisia
2697 5719 3138 5792 fot'tassisrCaayroli
3173 5734 3344 5804 Magni
3372 5719 3511 5796 lilia?
