4232 6480
145 509 248 570 ΞΠ

1578 486 1957 547 ΕΡΙΞΤΟΙυί-Ζ.

3293 483 3401 540 278

142 612 367 670 mendax
411 607 584 682 (Paul.
623 623 743 670 cn.
783 605 892 676 il),
941 603 1209 674 quomodo
1246 601 1334 656 ille
1367 600 1529 655 homo
1571 611 1721 653 men-
1745 598 1798 660 Α
1824 596 2179 661 defensorem,
2217 599 2300 651 vel
2345 598 2748 654 emendatorem
2793 610 2915 652 esse
2956 611 3063 650 non
3108 594 3403 651 crederem.

142 706 246 759 das
271 703 342 758 sit
362 700 453 770 qui
481 711 754 768 nunquam
779 695 1037 765 loquitur,
1063 693 1204 748 sicut
1234 690 1464 745 infantes
1483 698 1537 743 et
1556 688 1724 743 muti?

143 797 210 854 Et
239 796 456 859 iterum,
488 807 586 848 cur
619 789 841 846 dixisset
864 787 920 842 in
946 787 1134 842 eodem
1172 783 1385 840 Pssimo
1416 801 1430 836 :
1469 781 1608 848 Quid
1647 798 1726 836 re-

139 890 368 943 tribuam
424 885 647 940 Domino
697 899 790 953 pro
835 879 1106 945 omnibus,
1156 895 1272 950 qua:
1318 878 1550 932 retribuit
1599 877 1726 929 mihi

142 977 332 1049 (Ibid.,
357 990 486 1030 vera.
518 973 644 1046 i2)?
668 971 807 1040 Quid
833 979 976 1028 esset
997 968 1141 1040 quod
1171 969 1419 1024 retribuit
1443 968 1597 1022 nobis
1623 965 1726 1022 Do-

143 1067 359 1123 minus?
385 1066 570 1135 utique
597 1065 736 1119 bona
763 1077 862 1132 pro
893 1061 1050 1116 malis
1077 1059 1296 1116 nostris.
1324 1058 1457 1113 Item
1482 1055 1724 1127 quaedam

140 1158 208 1215 de
239 1159 365 1212 luna
388 1155 739 1227 interrogavit
761 1168 829 1209 ex
851 1167 917 1210 eo
941 1161 1123 1218 versu,
1149 1151 1240 1206 ubi
1263 1150 1392 1206 dicit
1417 1168 1430 1204 :
1462 1150 1568 1204 Per
1589 1149 1726 1203 diem

139 1249 220 1304 sol
250 1265 356 1304 non
391 1256 504 1302 uret
536 1253 606 1312 te,
638 1261 801 1316 neque
845 1245 972 1298 luna
1010 1257 1103 1314 per
1138 1250 1337 1296 noctem
1375 1239 1548 1312 (Ptol.
1591 1253 1725 1305 cxx,

139 1342 218 1413 6).
252 1339 321 1394 Et
360 1339 482 1394 inde
526 1338 592 1393 de
635 1344 828 1393 natura
865 1335 1007 1391 luna:
1035 1333 1235 1405 aliquid
1254 1331 1467 1388 addidit
1493 1332 1726 1386 interro-

138 1445 294 1502 gare,
323 1429 368 1484 si
397 1428 606 1500 frigidae
629 1436 773 1485 esset
796 1436 1023 1502 naturae,
1051 1425 1319 1496 quomodo
1345 1424 1562 1478 ureret?
1601 1421 1729 1488 Quae

139 1521 325 1576 omnia
367 1527 561 1574 vestra:
596 1519 871 1589 sapientia
895 1524 1040 1583 nota
1086 1530 1206 1572 esse
1249 1529 1356 1570 non
1401 1513 1722 1569 dubitamus.

138 1614 268 1669 Ideo
305 1627 412 1668 non
445 1618 531 1666 est
551 1625 686 1680 opus
709 1624 854 1664 nunc
877 1609 1008 1664 mihi
1044 1606 1514 1677 interpretationes
1537 1605 1731 1658 harum

140 1717 417 1774 exponere
449 1699 947 1768 interrogationum.
985 1696 1108 1751 Fuit
1133 1711 1347 1767 quoque
1375 1693 1530 1749 nobis
1554 1708 1732 1751 sermo

140 1807 166 1834 θ
195 1794 264 1849 de
292 1791 574 1857 columnis,
605 1804 725 1860 quae
754 1789 808 1844 in
841 1799 1006 1858 opere
1029 1786 1393 1857 pulcherrimo
1420 1793 1474 1839 et
1497 1782 1732 1840 mirabili

135 1883 407 1948 ecclesias,
430 1881 574 1953 quod
597 1889 778 1936 vestra
802 1879 1021 1936 dictavit
1045 1877 1326 1947 sapientia,
1349 1883 1562 1930 statuta:
1583 1881 1727 1929 sunt.

1826 689 1980 757 Quod
2008 704 2138 746 vero
2161 691 2228 746 de
2252 691 2363 746 sola
2394 691 2582 746 Martis
2611 690 2764 750 stella
2801 689 2960 746 modo
2988 689 3188 753 evenit,
3221 689 3323 744 hoc
3352 695 3408 743 et

1827 779 1894 833 de
1915 779 2164 834 omnibus
2187 780 2423 850 quinque
2449 780 2620 836 stellis
2647 779 2954 835 errantibus
2974 779 3027 833 in
3058 779 3142 833 bis
3162 779 3409 846 partibus

1826 868 2020 938 saepius
2049 869 2183 924 solet
2209 869 2456 935 evenire;
2489 878 2549 924 ut
2577 870 2783 925 diutius
2817 868 3211 925 abscondantur
3243 882 3406 938 quam

1827 958 2086 1028 regularis
2125 960 2318 1031 pagina
2357 969 2599 1016 veterum
2645 960 2917 1016 decantat.
2962 959 3030 1014 Et
3066 957 3204 1014 forte
3242 957 3269 998 ά
3299 973 3410 1016 non

1825 1049 2121 1118 aequaliter,
2149 1051 2304 1106 nobis
2331 1051 2384 1106 in
2434 1051 2518 1106 bis
2551 1051 2794 1122 partibus
2841 1050 3146 1107 borealibus
3185 1063 3407 1106 conver-

1827 1142 2096 1206 santibus,
2126 1151 2278 1199 ortus
2301 1151 2357 1198 et
2391 1157 2618 1202 occasus
2649 1142 2884 1198 siderum
2911 1143 3112 1208 evenit,
3142 1144 3281 1198 sicut
3305 1141 3412 1196 illis

1827 1232 1920 1303 qui
1942 1231 1996 1287 in
2018 1231 2370 1288 orientalibus
2394 1231 2478 1287 vel
2499 1232 2812 1289 meridianis
2833 1232 3078 1302 partibus
3095 1231 3208 1303 99
3225 1231 3408 1286 mundi

1828 1329 2124 1385 morantur,
2154 1321 2246 1376 ubi
2284 1321 2521 1376 maxime
2553 1321 2703 1377 fuere
2730 1321 2975 1391 magistri
3006 1316 3101 1392 qui
3146 1322 3301 1376 nobis
3325 1335 3410 1375 ra-

1831 1410 2005 1466 tiones
2046 1418 2101 1467 et
2143 1425 2334 1467 cursus
2377 1411 2499 1467 coeli
2546 1419 2602 1466 et
2635 1410 2909 1466 stellarum
2933 1409 3238 1468 ediderunt.
3278 1409 3416 1465 Nam

1831 1502 1998 1557 multa
2040 1519 2109 1558 ex
2149 1503 2391 1560 locorum
2437 1503 2766 1569 diversitate,
2812 1505 2952 1560 sicut
2987 1512 3168 1561 vestra
3213 1504 3412 1574 optime

1831 1593 1979 1647 novit
2001 1593 2282 1663 sapientia,
2310 1595 2692 1652 immutantur.
2715 1593 2867 1650 Nunc
2893 1593 3096 1664 itaque,
3125 1601 3184 1648 ut
3219 1591 3410 1664 praedi-

1832 1684 2028 1750 ximus,
2050 1691 2296 1740 vestrum
2313 1685 2590 1741 servitium
2617 1687 2747 1742 satis
2771 1686 3001 1742 ﬁdeliter
3023 1686 3243 1757 implere
3264 1684 3412 1741 festi-

1831 1788 2022 1830 namus
2055 1791 2067 1828 :
2101 1775 2448 1845 deprecantes
2474 1789 2688 1846 quoque
2725 1776 2936 1832 Domini
2974 1776 3069 1832 Dei
3113 1777 3283 1832 nostri
3307 1775 3414 1831 cle-

1836 1862 2110 1927 mentiam,
2137 1870 2203 1917 ut
2222 1863 2392 1918 citius
2411 1877 2538 1918 suos
2576 1877 2697 1920 cum
2729 1863 2934 1919 honore
2969 1873 3023 1920 et
3069 1864 3226 1920 laude
3251 1863 3429 1920 faciat

137 1973 216 2028 De
262 1939 472 2028 υοηᾷιδ
513 1985 754 2042 quoque,
806 1968 1017 2034 nescio,
1063 1939 1189 2037 quid
1231 1939 1456 2035 paﬁum
1499 1966 1728 2019 interm.
1759 1939 1807 1998 Β
1833 1951 2065 2042 reverti,
2086 1949 2339 2020 subjectis
2375 1951 2624 2008 omnibus
2662 1951 2891 2007 inimicis
2926 1951 3176 2024 nominis.
3202 1950 3414 2006 Domini

137 2064 312 2135 gavit.

199 2151 366 2223 Quod
395 2162 524 2206 vero
549 2149 889 2206 sanctissima
914 2158 1092 2204 vestra
1125 2146 1625 2204 benevolentiam
1642 2147 1730 2202 ad—

133 2257 368 2298 monere
389 2241 618 2306 curavit,
650 2239 1028 2310 Egyptiacum
1056 2252 1280 2308 puerum
1305 2236 1644 2308 percunctari
1666 2235 1732 2292 de

134 2339 496 2398 immulandis
520 2339 837 2412 quibusdam
867 2335 1339 2407 supputationibus.
1361 2336 1547 2390 decem
1573 2333 1731 2388 bora-

136 2447 265 2486 rum
295 2430 379 2485 vel
417 2426 772 2504 quadrantilis
807 2423 940 2500 [Αι.,
968 2420 1359 2494 quadrantalia]
1399 2421 1734 2490 supputatio-

136 2521 258 2586 nis,
301 2518 522 2574 omnino
570 2515 877 2588 gratissime
921 2512 1128 2583 accepit
1177 2510 1387 2566 animus
1433 2525 1624 2576 meus;
1673 2518 1736 2564 ut

134 2609 311 2669 licent
333 2607 652 2678 interrogari
677 2621 718 2661 a.
733 2606 888 2662 vobis
910 2605 1173 2675 ignorata,
1203 2600 1289 2657 vel
1322 2615 1421 2671 per
1444 2615 1542 2656 vos
1565 2599 1734 2657 corri-

133 2716 272 2772 gere
301 2707 502 2755 errata.
540 2697 675 2756 Nam
715 2697 858 2752 inter
893 2695 1184 2750 familiares
1213 2708 1471 2766 personas
1497 2699 1552 2746 et
1579 2705 1733 2747 sacra

135 2790 430 2848 cbaritatis
456 2787 674 2843 nomina
702 2785 981 2841 observari
1006 2785 1193 2850 debet,
1223 2791 1284 2838 ut
1311 2785 1364 2838 in
1403 2782 1598 2837 litteris
1627 2782 1734 2838 dis-
1792 2846 1800 2860 ι

133 2882 492 2942 canentibus
536 2879 708 2952 magis
748 2876 1052 2933 emendatio
1075 2884 1230 2931 sonet
1253 2890 1416 2945 quam
1447 2874 1732 2943 repreheth

133 2974 245 3032 sio.
272 2975 350 3030 Eo
375 2973 533 3030 modo
551 2987 740 3028 omnes
766 2970 992 3034 discere,
1022 2967 1348 3037 intelligere,
1371 2973 1429 3021 et
1447 2965 1516 3018 ad
1537 2963 1734 3018 verita-

135 3065 216 3120 tis
261 3063 408 3118 viam
451 3062 733 3135 pervenire
772 3059 972 3115 valent.
1024 3057 1211 3128 Equus
1255 3062 1487 3126 quatuor
1530 3052 1746 3112 habens.

133 3157 311 3228 pedes
333 3170 475 3227 smpe
499 3155 645 3211 cadit
668 3171 681 3209 :
703 3159 906 3224 quanto
934 3150 1108 3221 magis
1136 3149 1329 3213 homo,
1346 3162 1508 3202 unam
1530 3147 1746 3202 habens

1834 2043 2006 2097 nostri
2039 2041 2167 2098 Jesu
2212 2043 2448 2109 Christi,
2479 2043 2573 2115 qui
2613 2051 2667 2100 te
2708 2044 2906 2115 ubique
2939 2054 3109 2114 regat,
3147 2051 3206 2100 et
3235 2051 3416 2101 custo-

1834 2131 1965 2198 diat,
1987 2141 2043 2188 et
2065 2134 2326 2190 victorem
2354 2135 2517 2191 faciat
2537 2136 2779 2192 omnium
2810 2136 3150 2192 inimicorum
3178 2145 3414 2204 tuorum,

1835 2237 1929 2277 seu
1960 2223 2272 2291 visibilium,
2308 2239 2403 2280 seu
2448 2225 2796 2281 invisibilium
2829 2245 2842 2282 :
2871 2235 3139 2298 quatenus
3170 2242 3292 2284 cum
3323 2239 3416 2282 co-

1837 2328 1969 2368 rona
1997 2312 2199 2385 gloriae,
2238 2314 2696 2382 multisfeliciter
2746 2327 3095 2389 regnaturum
3133 2317 3310 2384 annis,
3349 2317 3416 2372 ad

1838 2419 2060 2476 regnum
2081 2411 2297 2460 aeternae
2320 2404 2668 2461 beatitudinis
2708 2407 2989 2476 pervenire
3023 2423 3146 2464 cum
3173 2406 3418 2464 ﬁdelibus

1839 2495 1951 2550 suis
1975 2492 2255 2550 concedat.

2281 2595 2304 2622 ο
2342 2583 2674 2643 ΕΡΙετΟΕΑ
2711 2584 2970 2642 LXXXV.

2351 2689 2419 2728 AD
2458 2689 2694 2732 DOINUI-
2714 2692 2910 2732 ιιεῦεκ.

2066 2780 2242 2854 (Anno
2270 2781 2394 2848 798,
2418 2797 2604 2840 mense
2630 2782 2770 2842 Iulio
2791 2785 2875 2841 vel
2904 2784 3186 2856 Angusto.)

1839 2890 2030 2947 δηΐοιο
2054 2893 2199 2949 uaria
2223 2893 2289 2948 de
2314 2911 2474 2969 cursu
2503 2895 3110 2969 sideruminterroganti
3125 2913 3195 2953 ea:
3220 2910 3419 2954 memo-

2428 2965 2508 3018 nia
2535 2966 2825 3035 respondet.

1907 3054 2065 3128 Omni
2092 3072 2352 3128 virtutum
2378 3087 2583 3144 genere
2599 3073 2957 3142 nobilissimo,
2982 3084 3143 3147 atque
3166 3079 3312 3132 omni
3332 3094 3418 3135 sa-

1839 3160 2055 3232 pientia:
2074 3159 2269 3218 decore
2287 3162 2588 3219 clarissimo
2609 3161 2780 3218 David
2800 3164 2935 3235 regi,
2957 3165 3114 3220 miles
3133 3173 3418 3224 veteranus
3465 3191 3470 3194 -

135 3247 403 3351 linguam,
431 3244 696 3352 perovices
719 3241 864 3298 cadit
883 3240 944 3346 in
967 3237 1308 3344 verbo?..Nec
1327 3235 1736 3352 thesim???-
1762 3286 1811 3352 ϐ
1840 3247 2067 3306 Flaccus
2098 3248 2347 3306 salutem.

133 3339 409 3404 cunctari,
424 3337 630 3404 audire,
652 3331 1219 3396 consentire-veritatis
1240 3327 1557 3384 rationibus.
1579 3325 1734 3382 Nulla

134 3444 312 3498 actas,
339 3438 400 3487 ut
425 3429 503 3484 ait
529 3429 799 3492 comicus,
835 3441 955 3482 sera
989 3422 1148 3479 debet
1183 3435 1303 3477 esse
1330 3419 1396 3474 ad
1426 3418 1735 3475 discendam

135 3524 485 3599 sapientiam.
509 3521 850 3591 Quapropter
866 3532 1074 3587 quaero,
1098 3523 1158 3572 et.
1177 3529 1427 3586 quaerens
1451 3512 1735 3583 diligenter

137 3615 336 3674 audire
360 3613 533 3684 cupio,
564 3608 694 3681 quid
723 3608 796 3664 sit
825 3604 1219 3665 immutandum
1254 3603 1309 3657 in
1344 3600 1735 3672 supputationi-

133 3709 248 3762 bus
273 3707 459 3761 decem
485 3703 742 3758 horarum
769 3703 825 3752 et
843 3694 1066 3752 dimidia
1090 3706 1188 3762 per
1211 3691 1450 3762 singulos
1475 3704 1687 3744 menses
1716 3705 1730 3742 :

134 3795 279 3865 quid
311 3800 502 3849 contra
528 3789 792 3846 rationem
827 3791 1036 3842 natura:
1060 3781 1365 3838 inveniatur
1397 3779 1452 3834 in
1477 3784 1734 3849 supputa-

133 3886 317 3949 tione,
346 3896 510 3952 quam
537 3879 579 3921 ιι·
595 3877 841 3935 chartula
875 3882 1062 3931 nostra
1087 3881 1281 3928 vestra:
1308 3870 1506 3926 direxit
1549 3875 1734 3926 aucto-

135 3977 316 4034 ritati.
346 3973 460 4030 Nisi
491 3967 630 4029 forte
667 3969 880 4028 notaria
911 3981 1103 4024 manus
1129 3965 1324 4030 verba,
1354 3963 1585 4036 syllabas
1605 4003 1620 4029 ,
1652 3963 1734 4018 vel

132 4067 358 4124 litteras
386 4065 744 4128 immutasset,
771 4054 914 4131 quod
938 4072 1080 4130 sepe
1107 4055 1322 4112 evenire
1345 4053 1483 4110 solet
1517 4068 1624 4108 non
1650 4068 1737 4108 so-

134 4155 260 4210 lum
289 4151 519 4218 Latinis,
553 4151 648 4206 sed
683 4149 847 4204 etiam
886 4144 1222 4216 Egyptiacis
1263 4144 1468 4213 pueris,
1512 4143 1652 4197 sicut
1681 4141 1734 4195 in

133 4243 332 4318 priore
358 4239 603 4295 chartula
630 4242 815 4294 nostra
834 4275 860 4302 ι
885 4243 908 4274 ο
938 4235 1006 4290 de
1042 4234 1220 4289 saltus.
1251 4232 1605 4290 diminutione
1640 4247 1737 4301 per

136 4342 388 4394 vestram
411 4331 812 4390 devotissimam
838 4325 1240 4398 inquisitionem
1268 4322 1472 4380 factum
1500 4338 1620 4379 esse
1646 4338 1736 4378 co-

133 4426 332 4502 gnovi.
368 4425 438 4481 Et
484 4425 559 4480 ita
602 4434 757 4478 error
787 4418 1078 4476 scribentis
1099 4415 1495 4488 quodammodo
1519 4413 1738 4472 dictanti

133 4516 513 4589 deputabitur.
542 4513 649 4568 Sed
676 4511 902 4568 obsecro
938 4517 998 4564 ut
1039 4509 1281 4580 piissia
1306 4508 1521 4565 bonitas
1544 4515 1739 4564 vestrae

1908 3340 2067 3395 Venit
2107 3340 2282 3398 viator
2319 3339 2577 3405 volando,
2609 3341 3045 3412 qumstionariam
3084 3344 3450 3400 auctoritatis.

1834 3437 2028 3488 vestra:
2055 3431 2262 3488 habens
2288 3430 2343 3485 in
2375 3445 2536 3486 manu
2565 3431 2810 3487 chartam
2845 3431 3068 3503 syllabis
3095 3433 3416 3500 breviorem,

1834 3535 1998 3592 quam
2026 3520 2191 3576 animi
2219 3520 2324 3576 mei
2360 3519 2650 3590 placuisset
2675 3521 2949 3588 aviditati;
2988 3521 3082 3577 sed
3107 3522 3418 3594 quaestioni-

1833 3610 1936 3665 bus
1963 3611 2206 3668 altiorem
2224 3651 2239 3677 ,
2266 3609 2708 3681 quamingenioli
2739 3610 2857 3665 mei;
2874 3611 3140 3682 attingere
3166 3610 3420 3668 valuisset

1833 3699 2128 3755 humilitas.
2173 3699 2411 3758 Hortaris
2453 3700 2725 3758 seniorem
2768 3699 2945 3772 fragili
2983 3715 3144 3757 sensu
3179 3700 3420 3757 coelestia

1834 3787 2097 3853 scrutari,
2149 3787 2243 3859 qui
2292 3794 2631 3844 terrenarum
2681 3788 2908 3843 necdum
2956 3789 3141 3844 didicit
3188 3791 3422 3847 rationes

1833 3874 2112 3931 stellarum
2155 3875 2211 3930 in
2251 3872 2390 3930 caelo
2421 3872 2718 3931 errantium
2762 3873 3107 3945 vagabundos
3154 3890 3421 3945 exponere

1835 3981 2054 4030 cursus,
2093 3964 2186 4036 qui
2223 3964 2514 4020 herbarum
2553 3964 2607 4018 in
2642 3971 2784 4020 terra
2822 3965 3421 4024 nasoenliumnaturas

1835 4071 2175 4128 nequaquam
2223 4068 2516 4126 agnoscere
2563 4053 2724 4111 valet.
2774 4055 2844 4110 Et
2886 4055 3114 4124 mirum,
3153 4059 3422 4129 quomodo

1834 4147 2096 4202 erraticas
2132 4146 2342 4206 illarum
2371 4147 2592 4202 semitas
2625 4147 2692 4202 ad
2725 4157 2933 4204 certum
2971 4150 3094 4220 quis
3131 4150 3306 4206 valeat
3332 4167 3418 4208 re-

1836 4239 2033 4294 ducere
2059 4238 2323 4295 ordinem.
2359 4237 2517 4308 ιοο
2547 4237 2678 4305 Quae
2717 4238 2838 4294 ideo
2872 4241 3112 4296 errantia
3150 4241 3420 4308 dicuntur,

1836 4328 1963 4398 quia
2010 4328 2245 4384 incertos
2285 4327 2485 4382 habere
2530 4331 2722 4383 cursus
2762 4337 3037 4399 putantur.
3079 4331 3176 4387 Vel
3210 4332 3338 4402 quid
3367 4333 3420 4387 in

1837 4421 2332 4494 quotidianisiunte
2360 4413 2636 4479 laboribus
2655 4429 2842 4478 nostra
2862 4423 3103 4493 parvitas
3124 4439 3230 4480 non
3249 4425 3425 4481 valeat

1839 4515 2100 4580 invenire,
2138 4513 2266 4569 dum
2308 4513 2659 4586 investigatas
2697 4513 3088 4571 catholicorum
3123 4516 3419 4584 doctorum,

133 4597 806 4695 sapientizemeum-magis
825 4602 1119 4658 emendare.
1132 4610 1286 4658 curet
1295 4615 1557 4668 errorem,
1573 4615 1735 4670 quam
1762 4631 1818 4695 Β
1839 4603 1923 4659 vel
1934 4611 2189 4662 veterum.
2200 4602 2642 4673 philosophorum
2663 4604 2943 4673 multiplici
2963 4607 3424 4677 argumentatione

134 4699 350 4767 scripta
378 4691 662 4767 parvitatis
685 4705 820 4746 mea:
861 4691 916 4744 in
957 4703 1150 4744 manus
1192 4690 1408 4744 mittere
1444 4689 1736 4758 reprehen-
1763 4689 1807 4695 “
1840 4693 2113 4762 regulares
2136 4693 2396 4746 habemus
2419 4693 2675 4747 rationes.
2706 4693 2845 4759 Quid
2869 4695 3014 4750 enim
3042 4695 3110 4751 de
3136 4699 3421 4756 concordia

135 4788 413 4846 dentium.
445 4785 582 4842 Sunt
605 4784 749 4841 enim
780 4782 872 4855 qui
905 4779 1010 4837 sibi
1044 4781 1255 4838 laudem
1283 4791 1534 4852 quaerunt
1568 4796 1636 4837 ex
1661 4781 1738 4836 al-

135 4879 325 4934 terius
351 4871 787 4945 reprehensione.
811 4872 880 4928 Et
899 4872 1016 4928 huic
1041 4879 1126 4928 est
1151 4872 1361 4926 infirma
1389 4870 1539 4937 laus,
1557 4879 1609 4925 et
1631 4885 1737 4926 non

1837 4781 2032 4836 solaris
2063 4779 2374 4849 lunarisque
2407 4794 2598 4837 cursus
2636 4795 2735 4850 per
2761 4781 2913 4850 signa
2952 4782 3157 4838 zodiaci
3194 4783 3426 4845 lucidius

1838 4871 1944 4929 dici
1980 4871 2200 4943 peterit,
2242 4887 2404 4944 quam
2445 4871 2589 4942 quod
2628 4871 2813 4926 talium
2847 4872 3137 4944 inquisitor
3173 4877 3425 4947 quaestio-

136 4972 309 5028 valde
341 4965 643 5026 laudabilis.
675 4969 864 5024 Melius
886 4976 971 5023 est
1000 4965 1229 5021 amicum
1269 4965 1554 5019 emendare
1578 4978 1739 5032 quam
1842 4982 1969 5022 num
2001 4965 2144 5021 Beda
2171 4965 2430 5036 magister
2473 4965 2526 5019 in
2565 4964 2781 5034 scriptis
2823 4966 2937 5022 suis
2979 4967 3134 5023 nobis
3180 4968 3426 5038 reliquit?

138 5058 869 5135 reprehendere,,sapienter
889 5053 1358 5128 [Αιοιεερίθηῐεῐη]
1381 5067 1438 5108 se
1459 5053 1743 5110 OSwaere
1845 5058 1940 5114 Vel
1985 5058 2114 5130 quid
2149 5057 2360 5113 acutius
2395 5071 2556 5126 quam
2598 5055 2739 5128 quod
2768 5057 3091 5113 naturalium
3120 5072 3300 5111 rerum
3332 5057 3423 5112 de-

139 5164 320 5228 quam
343 5147 920 5221 mordaciteralteruln
940 5151 1148 5200 notare.
1178 5145 1463 5214 Nunquam
1498 5144 1744 5214 εονὶρειῖδ-
1845 5154 2152 5209 votissimus
2183 5153 2429 5206 inventor
2463 5150 2669 5205 Plinius
2701 5149 3002 5215 SeCundus,
3031 5149 3097 5204 de
3125 5148 3420 5204 caelestium

141 5262 272 5304 sem
304 5244 451 5310 talia,
484 5243 529 5299 si
567 5249 802 5296 vestram
839 5237 1136 5294 bonitatem
1181 5242 1380 5290 nostrae
1425 5233 1738 5306 insipientia:

1845 5242 2328 5306 siderumratione,
2358 5241 2636 5310 exposuit,
2656 5239 2966 5310 investigari
2990 5237 3166 5292 valet?
3193 5237 3298 5294 Sed
3323 5255 3408 5295 no-

229 5429 256 5458 ι
281 5415 662 5483 Dat-columnis,
679 5427 784 5474 etc.
801 5415 932 5472 ﬂeo
947 5411 1277 5483 intelligo
1303 5412 1524 5483 basilica
1549 5415 1756 5483 Aquis-—

147 5486 436 5558 granensi,
481 5490 549 5541 de
594 5481 700 5558 qua
737 5485 1080 5558 Eginhardus
1109 5481 1164 5537 in
1198 5481 1320 5537 Vita
1359 5482 1554 5558 Caroli
1572 5481 1748 5558 Magni

148 5553 305 5628 apud
329 5556 572 5628 Douquet
592 5553 716 5628 pag.
745 5553 836 5623 99,
859 5573 914 5612 η.
939 5554 1028 5619 36,
1055 5555 1177 5628 haec
1191 5559 1377 5609 narrat
1403 5571 1416 5606 :
1449 5572 1469 5604 ‹
1498 5553 1748 5609 Plurima

89 5634 92 5636 ‘
147 5623 896 5701 .iilcbritudinisla'silicam
941 5623 1231 5686 exstruxit,
1281 5637 1520 5692 auroque
1541 5632 1617 5701 _et
1663 5641 1750 5679 ar-

150 5693 326 5771 gento
350 5695 654 5771 adornavit.
690 5697 952 5771 Adcujus
975 5702 1298 5752 structuram
1324 5707 1446 5771 cum
1473 5693 1766 5771 columnas.

151 5763 220 5827 Et
245 5777 518 5822 marmora
539 5765 757 5836 aliunde
779 5763 979 5823 habere
1004 5781 1109 5822 non
1131 5771 1335 5836 posset,
1366 5763 1532 5820 Roma
1563 5772 1616 5822 et
1646 5765 1750 5818 Ra-

150 5855 340 5894 uenna
365 5835 679 5892 devehenda
719 5838 949 5891 curavit.
983 5856 1001 5889 ι

241 5911 267 5950 δ
306 5907 559 5964 CImrtula
587 5916 780 5960 nostra.
806 5906 976 5961 Priori
1003 5921 1193 5977 nempe
1222 5903 1460 5975 epistola.

1916 5432 1951 5504 r-
1989 5419 2054 5504 lp
2090 5417 2268 5504 prioqril‘
2297 5412 2557 5504 change,
2595 5414 2666 5504 de
2687 5413 2853 5504 saltue
2891 5411 3250 5468 diminutione.
3291 5414 3423 5471 Vide

1847 5484 2424 5634 ap38l§231ggu£z?iltg:.
2441 5484 2924 5634 Ἦῗέἀίηρ
2950 5551 3306 5622 suspicionem
3336 5569 3424 5609 or-

1851 5640 1961 5686 tam
1987 5628 2052 5680 de
2080 5622 2442 5692 iamqualitate
2465 5623 2606 5692 globi
2637 5622 2931 5692 terraquei.

1926 5645 1961 5682 n
1987 5639 2052 5680 de
2080 5639 2442 5692 mmquautate
2503 5639 2606 5676 rom
2637 5639 2780 5674 terra
2823 5639 2931 5676 υει.

1926 5709 1949 5737 ε
1976 5695 2117 5749 Edit.
2161 5691 2410 5771 Quercet.
2517 5705 2600 5771 οξ.
2623 5705 2725 5771 ms.
2759 5639 3012 5771 (lambent.
3044 5690 3159 5762 70.)
3212 5691 3424 5763 Scripta

1851 5777 1934 5824 est
1963 5780 2027 5820 eo
2054 5776 2196 5818 anno
2218 5777 2326 5831 quo
2354 5761 2520 5832 stella
2551 5759 2736 5832 Martis
2765 5776 2951 5832 rursus
2989 5761 3041 5815 in
3082 5759 3437 5832 conspectum.

1853 5837 2018 5901 venit,
2047 5829 2405 5902 nempe'anno
2428 5829 2554 5886 7.98.
2584 5829 2702 5884 Vid.
2733 5838 2843 5886 not.
2875 5831 3031 5901 epiSl.
3054 5829 3283 5903 pnnced.
