4400 6460
797 501 898 555 279

1669 505 1723 558 ll.
1770 505 1823 558 l".
1871 507 2088 560 ALBINI
2121 506 2251 562 SLU
2290 507 2561 562 ALtZL'lXI
2600 509 2802 564 Ul‘Elll
2831 512 2876 563 λι
2917 513 3093 566 PARS
3132 513 3168 568 l.

3941 522 4045 576 9.80

801 613 878 661 his
906 623 928 647 ιι
959 610 1059 662 iter
1087 610 1362 677 agentibus
1387 612 1616 672 illorum.
1653 617 1701 667 in
1736 617 1929 684 quibus
1970 619 2079 672 haec
2104 620 2366 686 leguntur,
2397 624 2446 680 Α
2472 629 2524 672 et
2555 620 2672 672 alii.
2699 633 2928 689 quatuor
2949 624 3146 680 habere
3177 625 3534 682 inveniuntur.
3565 631 3735 686 Etiam
3758 630 3814 686 et
3833 643 4038 689 ostenta

799 697 1053 749 librorum
1081 699 1225 752 deest
1257 701 1558 766 pra-sentin.
1603 701 1740 755 Nihil
1767 703 1835 756 de
1871 717 2059 760 vestra:
2095 708 2370 775 sapienti-.e

799 785 1225 852 profundissimis
1246 791 1628 857 qua-stionibus
1651 804 1850 848 temere
1873 797 2130 852 audemus
2155 814 2371 867 respon-

797 882 922 935 dere
960 897 973 934 :
1006 885 1336 951 postulantes
1378 885 1712 941 clementiam
1753 900 2004 950 vestram,
2048 892 2374 959 ut‘jubcatis

800 973 953 1024 nobis
980 971 1210 1042 dirigere
1239 978 1438 1044 primos
1466 979 1669 1046 prmiati
1697 981 1934 1038 doctoris
1960 985 2113 1040 Plinii
2144 986 2372 1042 Secundi

799 1061 1004 1118 libellos
1026 1105 1039 1126 ,
1069 1065 1122 1118 in
1148 1068 1342 1134 quibus
1369 1067 1688 1140 midtiplices
1722 1085 1775 1127 ct
1808 1077 2062 1133 obscuras
2087 1095 2370 1148 argumen-

801 1154 1030 1210 tationes
1059 1157 1122 1210 de
1148 1159 1294 1213 vario
1320 1161 1554 1214 siderum
1583 1177 1742 1218 cursu
1769 1167 2056 1234 explanare
2080 1169 2297 1232 nititur;
2329 1171 2373 1223 si

798 1242 934 1298 forte
959 1245 1066 1301 Deo
1093 1247 1344 1310 donante,
1382 1250 1502 1304 inde
1547 1253 1625 1306 vel
1665 1255 1784 1308 inde
1825 1257 2027 1326 aliquid
2065 1274 2254 1314 eruere
2286 1275 2374 1312 va-

797 1335 1021 1401 leamus,
1055 1341 1195 1408 quod
1235 1351 1426 1396 vestnc
1454 1346 1805 1401 sanctissimae
1833 1353 2130 1422 pnesentize
2155 1354 2373 1422 dignum

794 1427 1003 1482 ostendi
1036 1427 1295 1482 videatur.
1325 1429 1526 1486 Tamen
1554 1449 1724 1490 neme
1754 1437 1824 1490 ita
1853 1439 2172 1508 imparatum
2197 1452 2373 1497 vestra

798 1511 1091 1569 invenisset
1131 1518 1394 1581 chartula,
1445 1521 1525 1574 vel
1573 1538 1761 1578 sonmo
1807 1525 2015 1581 inertia:
2051 1537 2371 1596 torpentem,

795 1603 948 1670 quasi
984 1604 1118 1657 nihil
1143 1607 1366 1660 haberet
1394 1610 1683 1677 repositum
1711 1612 1810 1666 sibi
1840 1615 1892 1668 in
1930 1628 2136 1672 secreto
2173 1635 2374 1675 memo-

798 1690 892 1743 riae
916 1692 1180 1756 cubiculo,
1212 1697 1353 1763 quod
1379 1697 1729 1768 interroganti
1761 1703 2003 1771 proferre
2033 1707 2269 1773 valeret;
2295 1710 2374 1764 di-

793 1794 934 1843 cam,
964 1784 1090 1850 quid
1120 1785 1312 1846 subito,
1345 1791 1630 1856 quaerendo
1670 1795 1838 1861 magis
1871 1811 2030 1865 quam
2061 1801 2374 1868 exponendo

795 1870 1007 1925 turbata
1047 1875 1239 1928 mentis
1267 1876 1388 1930 acie
1413 1893 1700 1933 occurrere
1730 1884 1930 1950 potuit;
1979 1886 2292 1953 pleniorem,
2329 1892 2372 1945 si

2475 708 2633 761 aliter
2663 709 3014 766 calculatores
3046 725 3269 782 ponunt,
3307 715 3461 770 aliter
3491 719 3650 772 etiam
3682 722 4039 777 mathematici

2473 798 2645 852 solent
2673 799 2927 854 dividere.
2958 796 3046 854 Sic
3072 804 3232 856 etiam
3256 814 3309 858 et
3333 805 3399 859 de
3429 806 3644 862 minut's
3667 809 3966 864 invenimus
3990 811 4040 862 in

2477 891 2976 947 mathematicorum
3000 894 3362 950 subtilissintis
3381 901 3933 965 argumenuitionibus
3951 903 4040 954 ali«

2477 988 2558 1032 ter
2585 983 2738 1050 poni;
2778 983 2869 1046 ita,
2896 992 2952 1036 ut
2978 985 3142 1038 etiam
3170 985 3373 1041 minuta
3402 989 3724 1046 minutarum
3752 991 3932 1046 dicere
3961 1008 4042 1047 so~

2475 1069 2604 1122 lent.
2639 1070 2744 1124 Sed
2770 1072 2882 1125 luec
2920 1073 3068 1128 alias.
3103 1073 3255 1130 Nunc
3283 1079 3425 1145 quod
3454 1078 3633 1143 instat,
3660 1095 3900 1150 aganius.

2548 1160 2832 1228 Signorum
2863 1178 2990 1217 vero
3017 1165 3330 1233 partitiones
3357 1183 3453 1237 per
3490 1170 3671 1236 horas,
3701 1179 3756 1226 et
3779 1173 4042 1241 quomodo

2476 1249 2824 1302 convenirent
2853 1267 3042 1306 novem
3075 1253 3219 1307 borze
3244 1254 3457 1310 lunares
3483 1257 3716 1326 quinque
3743 1259 3934 1314 diebus
3955 1275 4038 1314 so~

2475 1339 2698 1402 laribus,
2729 1342 2945 1400 memini
2986 1358 3072 1397 mc
3101 1354 3122 1381 ε
3159 1344 3211 1396 in
3237 1343 3341 1408 alia
3371 1345 3523 1400 vobis
3544 1347 3773 1418 dirigere
3798 1349 4038 1418 epistola.

2476 1431 2597 1486 ldeo
2627 1447 2767 1484 nunc
2803 1448 3197 1500 supervacuum
3218 1451 3336 1496 esse
3361 1437 3648 1494 arbitratus
3675 1454 3810 1502 sum,
3843 1440 4042 1511 aliquid

2478 1523 2597 1576 inde
2625 1522 2822 1575 dicere.
2853 1513 3178 1579 Divisioinem
3220 1526 3399 1594 itaque
3438 1528 3691 1586 horarum
3732 1546 3824 1598 per
3863 1532 4044 1585 uncias

2475 1611 2627 1665 vobis
2664 1613 2930 1680 cognitam
2967 1629 3086 1670 esse
3126 1631 3230 1670 non
3274 1617 3424 1687 ιοι
3466 1619 3790 1689 ignoramus,
3824 1622 3964 1676 sicut
3992 1625 4041 1676 in

2477 1699 2614 1755 libro
2641 1702 2705 1756 de
2741 1702 3093 1772 Temporibus
3122 1704 3325 1776 [Forte,
3355 1709 3486 1764 Ven.
3515 1709 3692 1781 Bedze]
3730 1710 3960 1781 legistis.
3981 1715 4042 1768 Et

2477 1792 2600 1858 quia
2630 1806 2910 1858 operosum
2944 1803 3028 1848 est
3057 1795 3194 1848 luna:
3221 1812 3436 1850 cursum
3463 1813 3555 1867 per
3579 1801 3761 1854 uncias
3791 1803 4042 1857 horarum

2478 1877 2735 1943 dividere,
2762 1879 2881 1934 ideo
2902 1881 3072 1950 magis
3090 1882 3440 1938 calculatores
3469 1885 3533 1938 ad
3559 1885 3811 1942 horarum
3839 1891 3920 1942 vel
3939 1891 4041 1943 die-

790 1958 930 2017 l‘orte
954 1979 1086 2033 opus
1125 1968 1251 2030 erit,
1297 1971 1696 2036 responsionem
1728 1973 1793 2026 ad
1817 1951 2064 2042 μηνιξῄος
2092 1951 2370 2033 domm-rum
2404 1951 2448 2012 Β
2477 1983 2594 2021 rum
2624 1984 2907 2024 mensuras
2947 1969 3085 2024 luna:
3123 1986 3312 2026 cursus
3354 1973 3595 2042 redigere
3629 1977 3864 2031 contenti
3901 1989 4040 2040 sunt,

788 2049 955 2109 libros
985 2069 1288 2112 reservans.

860 2145 1036 2201 Prima
1065 2165 1190 2206 vero
1214 2162 1387 2207 ant-toi
1404 2156 1550 2209 itatis
1574 2168 1762 2212 vestrm
1785 2159 2131 2229 interrogatio
2153 2168 2217 2216 de
2244 2178 2370 2216 con-

787 2239 969 2313 cordia
1007 2249 1366 2296 treceutarmu
1402 2254 1457 2297 et
1482 2247 1758 2314 sexaginta
1796 2250 2047 2316 partium,
2084 2261 2135 2304 ct
2168 2251 2370 2306 lunaris

787 2340 976 2380 cursus
1020 2343 1114 2396 per
1144 2329 1423 2384 duodecim
1446 2333 1600 2402 signa
1649 2335 1725 2389 sic
1757 2349 1813 2389 se
1858 2338 2062 2401 habuit,
2095 2349 2151 2393 ut
2179 2343 2367 2394 eadem

788 2431 1047 2484 ponamus
1076 2422 1234 2475 verba
1263 2436 1276 2474 :
1309 2422 1454 2477 Sicut
1491 2427 1542 2478 in
1569 2427 1733 2479 solari
1758 2428 1978 2481 decursu
2010 2431 2234 2494 dierum,
2271 2433 2366 2484 lio-

787 2524 985 2569 rarum,
1001 2521 1409 2580 punetoramqur
1428 2515 1676 2569 tlirisione
1691 2515 1829 2581 farta
1848 2527 2190 2570 trecentorum
2212 2517 2364 2589 [Cod.

792 2596 930 2661 V'at.,
960 2601 1210 2652 dirisiunr
1237 2601 1374 2667 facta
1403 2612 1746 2656 trecentarum
1773 2608 2042 2674 sexaginta
2067 2611 2292 2676 partium
2321 2621 2367 2663 et

779 2691 1148 2762 trecentorum]
1177 2695 1448 2762 srmginta
1485 2696 1708 2766 quinque
1731 2699 1933 2751 dierum
1972 2709 2019 2752 et
2061 2700 2366 2768 quadrantis

780 2791 856 2835 cst
883 2783 1082 2836 inrenta
1110 2787 1418 2848 concordia;
1458 2789 1530 2839 sic
1569 2799 1614 2838 et
1651 2790 1702 2840 in
1742 2788 1918 2842 lauari
1953 2806 2045 2858 per
2080 2791 2279 2842 dierum
2319 2803 2367 2844 et

780 2871 1026 2926 horarum
1057 2877 1406 2943 partitionem,
1443 2879 1619 2946 riginti
1646 2889 1834 2947 septem
1873 2879 1982 2933 dies
2021 2891 2174 2950 atque
2211 2882 2368 2936 horas

781 2969 896 3013 octo
938 2978 1052 3014 cum
1094 2966 1330 3018 trecentis
1368 2969 1638 3037 sea'agiutn
1684 2969 1886 3022 λοίίὶαεὶ
1927 2971 2161 3038 partibus
2200 2971 2366 3040 facias

781 3055 1067 3107 convenire.
1095 3056 1206 3109 Non
1235 3057 1567 3128 subterfugio
1591 3059 1790 3124 dicere,
1814 3063 1940 3131 quid
1963 3064 2092 3118 mihi
2122 3064 2368 3119 videatur

723 3181 730 3188 .
784 3141 1128 3224 sagacitatem
1161 3155 1392 3202 vestram
1429 3147 1512 3202 hic
1551 3149 1606 3203 in
1634 3149 1733 3204 hac
1768 3151 2114 3220 inquisitione
2143 3157 2363 3218 sentire,

783 3232 966 3302 utique
1009 3245 1100 3287 aut
1141 3237 1440 3306 augenduttl
1467 3253 1583 3294 esse
1617 3241 1816 3310 aliquid
1849 3258 1944 3310 per
1973 3244 2181 3312 singula
2211 3247 2362 3317 signa

781 3321 919 3377 lunae
935 3325 1134 3388 cursui,
1161 3335 1214 3378 ut
1235 3327 1399 3393 possit
1421 3329 1702 3394 pervenire
1726 3331 1792 3383 ad
1816 3330 2082 3399 legitimas
2103 3341 2157 3387 et
2181 3334 2362 3390 deﬁni-

779 3421 864 3468 tas
899 3413 1061 3468 totius
1093 3415 1216 3468 anui
1254 3427 1451 3484 partes,
1478 3435 1597 3488 qum
1635 3419 1686 3472 iu
1728 3422 1948 3476 zoJiaco
1981 3432 2253 3488 notantur,
2281 3425 2363 3479 vel

774 3506 940 3561 etiam
985 3507 1226 3562 minuere
1273 3510 1506 3577 partium
1554 3527 1870 3576 numerum,
1922 3522 1982 3568 ut
2033 3516 2363 3570 concordare

773 3599 943 3676 possit
984 3599 1189 3653 lunaris
1233 3615 1426 3653 cursus
1471 3602 1672 3655 zodiaci
1715 3603 1870 3670 parti!
1894 3619 1976 3657 us.
2017 3602 2184 3668 Quam
2219 3619 2363 3674 quee-

774 3688 1000 3742 stionem
1031 3687 1290 3757 pra-fatus
1319 3692 1572 3760 magister
1597 3692 1735 3744 Beda
1768 3693 1819 3745 in
1847 3694 2078 3761 quodam
2106 3695 2355 3763 capitulo,

775 3779 928 3848 cujus
967 3781 1302 3851 principium
1333 3797 1450 3838 esse
1491 3785 1724 3838 arbitror
1754 3802 1766 3836 :
1800 3784 1952 3849 Quod
1980 3786 2024 3838 si
2045 3788 2161 3855 quis
2187 3787 2360 3856 signo-

774 3891 890 3928 rum
925 3877 1144 3940 nescius,
1174 3875 1377 3937 lunaris
1403 3887 1573 3928 tamen
1601 3894 1786 3930 cursus
1815 3894 2092 3946 agnoscere
2117 3878 2355 3947 cupidus,

772 3976 900 4030 etc.,
929 3973 1088 4035 prout
1121 3966 1312 4034 potuit,
1339 3980 1607 4034 exponere
1650 3966 1879 4024 videtur.
1931 3966 2032 4021 Per
2075 3967 2355 4022 duodecim

772 4065 969 4123 partes,
995 4057 1192 4126 quibus
1218 4057 1458 4125 quotidie
1489 4056 1611 4108 luna
1638 4056 1978 4124 elongabitur
2020 4073 2049 4109 a
2075 4058 2212 4119 sole,
2251 4057 2357 4110 Pli-

771 4149 890 4202 nius
911 4147 1190 4202 Secundus
1211 4147 1342 4200 dicit
1361 4146 1540 4207 lunam
1563 4148 1628 4218 (si
1655 4149 1754 4201 rite
1782 4148 2054 4218 recordor)
2080 4150 2356 4202 zodiacum

772 4238 1033 4293 tredecies
1083 4238 1134 4290 in
1171 4237 1452 4292 duodecim
1496 4238 1604 4291 suis
1651 4238 1928 4292 mensibus
1963 4238 2247 4294 coniicere.
2297 4235 2353 4290 lu

769 4331 879 4383 suis
898 4329 1029 4384 dicit
1053 4330 1347 4395 mensibus,
1375 4345 1479 4382 non
1505 4331 1557 4382 iu
1583 4330 1732 4389 solis.
1754 4330 1971 4390 Addidit
1997 4335 2210 4398 queque
2228 4331 2354 4384 duo-

769 4419 870 4470 bus
905 4417 1114 4480 diebus,
1158 4427 1215 4470 et
1259 4433 1352 4471 ses
1389 4419 1567 4485 horis,
1596 4429 1650 4474 et
1697 4421 1841 4482 bisse
1879 4421 2038 4474 unius
2073 4421 2218 4474 horae
2258 4435 2354 4489 per

769 4507 975 4577 singula
1003 4507 1151 4576 signa
1182 4507 1364 4562 lunam
1404 4510 1719 4575 decurrere.
1753 4510 1906 4575 Quod
1951 4511 2002 4572 si,
2023 4525 2208 4564 verum
2247 4518 2349 4571 est,

2475 2073 2540 2111 uc
2579 2059 2741 2111 nimia
2780 2061 3139 2116 numerositas
3178 2063 3460 2117 unciarum
3493 2063 3686 2134 legenti
3720 2065 3936 2122 fastidio
3967 2085 4043 2123 es-

2473 2158 2570 2202 set.
2611 2149 2811 2203 Tamen
2857 2151 3160 2219 specialiter
3197 2153 3398 2206 dictum
3439 2167 3556 2208 esse
3598 2154 3864 2220 debuisse,
3904 2157 4041 2225 quod

2471 2248 2714 2308 superest
2747 2241 2799 2292 in
2827 2240 3052 2308 singulis
3077 2241 3270 2309 signis,
3306 2249 3360 2295 et
3399 2241 3606 2298 duobus
3641 2243 3831 2300 diebus
3865 2255 3920 2300 et
3952 2262 4040 2300 sex

2472 2335 2636 2394 horis,
2673 2333 2724 2388 id
2749 2343 2847 2396 est,
2881 2343 3005 2389 octo
3034 2333 3208 2389 unciis
3240 2335 3397 2408 unius
3425 2337 3591 2400 horse,
3619 2348 3870 2406 putamus
3903 2341 3954 2393 in
3981 2355 4044 2394 eo

2471 2424 2588 2478 loco
2618 2424 2706 2477 ubi
2738 2425 2812 2477 ait
2849 2438 2862 2476 :
2893 2439 3176 2493 Operosum
3220 2436 3303 2479 est
3343 2425 3396 2478 in
3426 2426 3648 2496 singulis
3686 2428 3851 2497 signis
3888 2429 4044 2484 horas

2471 2516 2776 2570 minutatim
2807 2515 3045 2569 dividere
3081 2530 3178 2584 per
3207 2515 3423 2570 uncias?
3453 2516 3582 2571 Ideo.
3603 2517 3734 2572 duas
3768 2519 3928 2574 horas
3952 2523 4043 2580 tri-

2469 2607 2569 2660 bus
2598 2606 2766 2676 signis
2801 2605 3219 2660 subtrahendum
3250 2619 3372 2660 esse
3407 2606 3572 2672 dixit,
3612 2608 3736 2676 quia
3767 2611 3926 2664 trium
3969 2614 4043 2666 si-

2468 2687 2695 2767 gnorum
2737 2698 2925 2767 viginti
2967 2706 3199 2767 quatuor
3238 2698 3408 2753 unciae
3443 2700 3577 2755 duas
3605 2700 3764 2756 horas
3801 2703 4044 2773 implent,

2469 2789 2600 2840 hora
2622 2803 2749 2841 vero
2771 2787 2976 2856 integra
2999 2788 3277 2842 duodecim
3299 2787 3484 2844 uncias
3503 2790 3700 2846 habere
3719 2791 3897 2847 debet.
3918 2793 4046 2858 Qua

2468 2875 2646 2928 omnia
2680 2884 2870 2931 vestrae
2899 2876 3174 2944 sapientize
3197 2877 3519 2947 prtecognita
3545 2892 3664 2936 esse
3690 2894 3796 2933 non
3827 2880 4041 2952 ignora,-

2467 2979 2604 3019 mus.

2537 3055 2876 3126 QuaprOpter
2903 3058 2970 3111 de
3000 3056 3152 3112 stella
3179 3056 3365 3112 Martis
3393 3057 3676 3130 incipimus
3700 3058 3900 3124 dicere,
3928 3077 4045 3130 qua:

2466 3145 2744 3198 videntur:
2788 3145 2942 3214 cujus
2975 3147 3249 3215 inquisitio
3294 3157 3502 3206 mentes
3544 3158 3757 3206 nostras
3803 3151 3893 3204 diu
3924 3151 4042 3206 fati-

2468 3248 2596 3304 gare
2623 3233 2844 3298 solebat,
2868 3236 2942 3289 ita
2961 3244 3020 3289 ut
3044 3251 3143 3290 nec
3164 3242 3428 3306 apparens
3457 3247 3651 3293 nostra:
3673 3237 4042 3312 [Al.,nostris]

2468 3325 2832 3380 satisfaciebat
2861 3325 3182 3379 curiositati.
3226 3325 3354 3391 Quae.
3392 3343 3560 3396 nuper
3583 3325 3693 3382 sole
3720 3337 3966 3382 morante
3991 3331 4042 3382 in

2466 3415 2642 3470 Leone
2669 3414 2822 3469 nobis
2847 3415 3125 3484 apparuit;
3158 3415 3561 3483 propemodum,
3592 3423 3650 3470 nt
3681 3426 3952 3486 putamus,
3975 3434 4046 3472 eo

2465 3515 2702 3574 tempore
2727 3519 2833 3573 quo
2859 3505 2996 3574 apud
3029 3521 3128 3560 nos
3179 3506 3393 3560 inventa
3441 3513 3524 3560 est
3565 3506 3803 3577 ejusdem
3853 3507 4046 3562 Martis

2463 3596 2657 3664 imago.
2691 3595 2764 3648 De
2792 3609 2896 3662 qua
2925 3596 3088 3649 etiam
3124 3595 3276 3650 stella
3304 3603 3495 3650 vestrae
3528 3595 3820 3650 venerabili
3860 3597 4035 3666 digni-

2464 3686 2560 3739 tati
2581 3684 2606 3723 ἀ
2627 3685 2679 3738 in
2704 3685 2808 3738 alia
2834 3685 3059 3754 epistola
3091 3699 3213 3738 mox
3233 3693 3517 3754 postquam
3545 3700 3574 3738 a
3606 3685 3760 3739 nobis
3785 3684 3898 3738 visa
3918 3683 4039 3747 fuit,

2460 3776 2754 3830 secundum
2787 3774 3096 3838 faettltatem
3126 3775 3212 3846 [Al
3243 3815 3258 3841 ,
3304 3773 3637 3847 facilitatem]
3685 3775 4041 3847 indagationis

2460 3875 2657 3921 nostra:
2683 3865 2883 3936 aliquid
2909 3867 3090 3923 dicere
3124 3867 3453 3927 curavimus.
3491 3865 3596 3921 Sed
3621 3867 3780 3923 modo
3817 3883 3916 3939 pro
3941 3885 4037 3923 ve-

2458 3964 2586 4012 strae
2628 3957 2867 4026 epistolae
2891 3957 3266 4013 exhortatione
3301 3955 3503 4024 aliquid
3545 3957 3850 4028 diligentius
3878 3959 3944 4012 de
3974 3975 4036 4013 ea

2457 4046 2679 4099 scrutati
2705 4059 2910 4099 sumus.
2934 4043 3070 4098 Nam
3097 4043 3396 4113 bujusmodi
3419 4044 3854 4116 interrogationis
3870 4045 4033 4100 verba

2455 4134 2711 4204 posuistis
2737 4151 2750 4186 :
2784 4134 2850 4187 Et
2873 4133 2938 4187 de
2967 4133 3158 4198 Marte,
3180 4134 3269 4206 qui
3296 4151 3434 4187 anno
3459 4135 3718 4203 prreterito
3747 4132 3801 4188 in
3833 4134 4036 4190 Cancro

2455 4227 2623 4280 sidere
2651 4224 2776 4281 solis
2808 4225 3001 4279 lumine
3043 4226 3284 4279 humanis
3315 4224 3574 4280 obtutibus
3605 4225 3912 4295 interceptus
3935 4237 4031 4285 est.

2442 4316 2579 4388 quid
2603 4318 2832 4380 sentias;
2856 4333 2925 4370 an
2953 4315 3212 4369 naturalis
3242 4315 3325 4370 sui
3345 4311 3526 4369 cursus
3559 4315 3778 4380 ratione,
3812 4333 3882 4369 an
3908 4315 4034 4370 solis

2455 4409 2522 4473 ei,
2548 4424 2617 4461 an
2639 4405 2876 4477 prodigio
2897 4413 3070 4458 actum
3096 4407 3184 4470 sit,
3211 4415 3264 4458 ut
3290 4405 3392 4458 iter
3404 4404 3626 4456 duorum
3644 4419 3901 4456 annorum
3927 4419 4033 4455 uno

2453 4497 2749 4566 conﬁceret.
2782 4494 2923 4548 Nam
2949 4511 3110 4565 nuper
3142 4493 3250 4549 sole
3271 4493 3493 4547 Leonem
3527 4493 3791 4546 deserente
3816 4493 3870 4546 in
3893 4491 4031 4547 Can-

772 4608 1126 4654 trecentarum
1179 4600 1458 4668 sexaginta
1515 4600 1748 4668 partium
1799 4602 2161 4655 numerositas
2212 4600 2350 4654 lunte
2379 4607 2510 4699 De?

2293 4617 2350 4654 ιω
2379 4637 2429 4699 D
2455 4607 2543 4644 cro
2579 4591 2725 4647 nobis
2771 4591 3031 4660 apparuit.
3081 4588 3138 4644 Si
3173 4589 3330 4646 solem
3357 4589 3626 4644 comitatus
3658 4599 3753 4655 est,
3784 4593 3902 4662 quis
3921 4603 4031 4646 tam

768 4687 948 4742 cursui
979 4688 1183 4755 optime
1210 4690 1496 4743 convenire
1528 4691 1753 4744 videtur.
1789 4689 1941 4757 Quod
1971 4692 2126 4746 unius
2165 4690 2349 4761 ﬁgurae

765 4779 1028 4834 divisione
1074 4779 1273 4849 magis,
1329 4794 1488 4848 quam
1541 4783 1828 4837 verborum
1884 4783 2346 4853 multiplicatione,

765 4867 888 4935 quia
918 4868 1144 4935 sapienti
1172 4854 1657 4937 paucasulliciunt,
1685 4872 2069 4925 ostendendum
2096 4887 2215 4930 esse
2242 4887 2347 4930 non

768 4955 996 5024 ignobile
1023 4958 1225 5026 putavi.
1264 4959 1426 5028 Cujus
1457 4959 1641 5030 ligurtc
1671 4959 1698 4998 ι)
1729 4957 2010 5016 formulam
2045 4969 2163 5029 post
2192 4959 2348 5028 hujus

764 5045 1002 5114 epistola:
1039 5055 1242 5126 teritum
1281 5063 1478 5117 ponere
1515 5048 1708 5104 melius
1733 5047 2036 5102 existimavi
2063 5063 2222 5118 quam
2251 5063 2348 5117 per

764 5156 883 5197 eam
909 5138 1103 5193 seriem
1134 5138 1401 5192 sermonis
1429 5141 1594 5192 nostri
1633 5138 1891 5195 dividere.
1935 5139 1992 5193 ln
2033 5155 2139 5209 qua
2181 5140 2341 5194 etiam

767 5232 932 5301 tigura
959 5240 1013 5285 et
1055 5232 1307 5286 horarum
1342 5229 1630 5284 diversitas
1676 5231 1892 5297 agnosci
1927 5231 2144 5298 poterit,
2174 5231 2216 5285 si
2256 5233 2340 5302 cui

765 5323 1070 5388 diligentius
1113 5321 1457 5378 considerare
1504 5322 1730 5390 placeat,
1777 5320 1900 5388 quia
1941 5321 2096 5374 aliter
2140 5320 2344 5376 solares

765 5410 916 5478 [Cod.
961 5409 1054 5463 l'at
1081 5451 1095 5471 ,
1137 5412 1261 5479 quia
1297 5411 1455 5466 aliter
1494 5417 1640 5464 horae
1677 5410 1974 5478 signorum,
2012 5407 2168 5462 aliter
2204 5409 2340 5464 sola-

767 5497 893 5569 res].
918 5499 1064 5552 aliter
1093 5498 1308 5551 lunares
1331 5506 1725 5565 computantur.
1747 5496 1918 5550 Etiam
1944 5495 1997 5548 in
2021 5495 2338 5564 quibusdam

766 5588 892 5643 locis
918 5600 968 5644 et
999 5590 1101 5659 ipsi
1125 5597 1354 5658 punctus
1376 5589 1532 5641 aliter
1552 5596 1710 5655 atque
1733 5589 1889 5642 aliter
1915 5595 2293 5658 computantur
2323 5600 2337 5637 :

766 5679 853 5740 ita,
887 5691 945 5734 ut
971 5680 1089 5735 aliis
1112 5679 1584 5750 supputationihus
1613 5679 1798 5732 horam
1829 5679 2063 5748 quinque
2093 5683 2335 5747 punctos,

833 5801 856 5827 α
891 5787 999 5859 Iter
1045 5790 1332 5858 agentibus.
1377 5788 1487 5843 Per“
1512 5789 1789 5859 Belgium?
1819 5797 1877 5859 ut
1909 5790 1959 5842 in
1985 5789 2164 5859 Acpist.
2195 5805 2307 5858 seq.

834 5861 857 5895 θ’
893 5856 1102 5924 Figurir
1130 5859 1428 5926 formulam.
1460 5856 1931 5914 Hanc—'formulam
1968 5856 2337 5923 Quercetanus

770 5928 965 5989 auusit,
991 5930 1130 5997 quod
1162 5928 1214 5981 in
1245 5930 1359 5982 cod.
1378 5946 1499 5991 ms.,
1541 5943 1678 5992 reor,
1707 5927 2118 5982 desideraretur.

2454 4681 2588 4736 celer
2627 4697 2813 4735 cursus
2851 4680 3008 4752 ejus?
3054 4677 3111 4732 Si
3159 4688 3266 4742 toto
3313 4694 3450 4733 anno
3483 4680 3756 4734 stationem
3795 4681 3852 4733 in
3893 4679 4032 4735 Can-

2452 4789 2550 4834 cro.
2567 4773 2712 4843 fecit,
2738 4771 2846 4828 sole
2880 4771 2933 4828 in
2963 4779 3149 4828 ca'tera
3191 4770 3341 4840 signa
3371 4770 3645 4839 migrante,
3683 4785 3789 4821 cur.
3810 4769 3865 4821 in
3891 4768 4030 4822 Can-

2450 4879 2537 4917 cro
2564 4863 2726 4918 uideri
2753 4878 2855 4915 non
2879 4859 3086 4931 potuit}?
3115 4857 3444 4922 Scholastica
3463 4865 3518 4910 et
3533 4855 3841 4910 acutissima
3871 4871 4027 4925 argu-

2448 4953 2709 5014 mentatio
2753 4952 2876 5014 ista,
2918 4951 2986 5005 ad
3012 4964 3172 5018 quam
3217 4948 3520 5014 succincte,
3560 4955 3819 5026 quantum
3855 4947 4023 5003 dona-

2448 5045 2585 5098 verit
2612 5043 2771 5107 Deus,
2808 5041 3246 5115 respondeamus.

2515 5133 2670 5202 Quod
2697 5142 2885 5198 autem
2906 5131 2976 5186 ibi
2997 5132 3199 5188 dictum
3227 5140 3332 5198 est,
3359 5130 3488 5195 solis
3514 5129 3714 5186 lumine
3736 5130 3792 5192 in
3813 5130 4025 5186 Cancro

2445 5225 2798 5296 interceptam
2827 5238 2946 5284 esse
2976 5222 3185 5277 stellam
3209 5220 3397 5286 Martis
3432 5220 3682 5277 humanis
3707 5217 4018 5274 obtutibus:

2445 5333 2550 5372 non
2576 5316 2786 5372 aestimo
2815 5313 2943 5369 solis
2970 5312 3191 5374 lumine,
3222 5317 3335 5364 toto
3365 5324 3505 5364 anno
3545 5305 3838 5377 prazterito,
3885 5305 4019 5360 hlar-

2444 5409 2513 5463 tis
2541 5407 2750 5463 stcllam
2776 5406 2828 5458 in
2851 5403 3063 5458 Cancro
3087 5401 3436 5470 interceptam
3463 5413 3608 5462 esse;
3635 5397 3734 5454 sed
3750 5395 4014 5451 Cancrum

2441 5503 2741 5566 opportuno
2785 5499 3028 5558 tempore
3071 5498 3126 5544 et
3172 5486 3402 5544 naturali
3451 5500 3640 5545 cursus
3685 5485 3767 5539 sui
3805 5485 4013 5549 ordine,

2443 5599 2564 5640 cum
2593 5581 2745 5638 stella
2775 5580 2965 5634 Martis
2991 5577 3203 5646 objectu
3231 5585 3388 5649 terra
3423 5573 3671 5628 humanis
3688 5573 3895 5629 visibus
3930 5573 4014 5629 in-

2444 5681 2738 5742 terceptum
2779 5685 2919 5732 esse.
2971 5669 3136 5739 Igitur
3161 5673 3302 5721 anno
3343 5665 3616 5734 pmteryito
3658 5678 3762 5720 non
3792 5660 4014 5717 memini

2513 5795 2534 5824 ε
2565 5783 2638 5837 In
2659 5783 2832 5838 alia...
2863 5779 3266 5853 epistola_._Qu:e
3283 5778 3360 5853 in
3381 5776 3516 5853 edit.
3812 5772 3887 5829 εδ.
3904 5778 4012 5842 ως

2442 5870 2469 5907 a
2501 5855 2655 5910 nobis
2686 5854 2826 5908 inter
2851 5847 3010 5922 opera
3038 5847 3401 5922 philosophica
3432 5847 3761 5922 exhibenda.

2514 5923 2546 5980 δν
2573 5921 2636 5976 1η
2668 5922 2774 5976 alia
2800 5918 3048 5992 cpistola.
3069 5918 3266 5988 Nempe
3291 5918 3463 5986 priori
