  <div class='ocr_page' id='page_1' title='image "/cluster/home/n/w/nwhite01/storage/ocr_20150623/99-100/uc1.31175006946845/788.png"; bbox 0 0 4400 6426; ppageno 0'>
   <div class='ocr_carea' id='block_1_1' title="bbox 124 485 237 540">
    <p class='ocr_par' dir='ltr' id='par_1_1' title="bbox 124 485 237 540">
     <span class='ocr_line' id='line_1_1' title="bbox 124 485 237 540; baseline -0.035 1"><span class='ocrx_word' id='word_1_1' title='bbox 124 485 237 540; x_wconf 76' lang='grc' dir='ltr'><strong>28Ι’</strong></span> 
     </span>
    </p>
   </div>
   <div class='ocr_carea' id='block_1_2' title="bbox 1548 471 1928 529">
    <p class='ocr_par' dir='ltr' id='par_1_2' title="bbox 1548 471 1928 529">
     <span class='ocr_line' id='line_1_2' title="bbox 1548 471 1928 529; baseline -0.013 -1"><span class='ocrx_word' id='word_1_2' title='bbox 1548 471 1928 529; x_wconf 55' lang='grc' dir='ltr'><strong>[Ριδτοωῐῒ.</strong></span> 
     </span>
    </p>
   </div>
   <div class='ocr_carea' id='block_1_3' title="bbox 3258 468 3366 525">
    <p class='ocr_par' dir='ltr' id='par_1_3' title="bbox 3258 468 3366 525">
     <span class='ocr_line' id='line_1_3' title="bbox 3258 468 3366 525; baseline -0.019 0"><span class='ocrx_word' id='word_1_3' title='bbox 3258 468 3366 525; x_wconf 67' lang='lat'><strong>283</strong></span> 
     </span>
    </p>
   </div>
   <div class='ocr_carea' id='block_1_4' title="bbox 125 580 3364 659">
    <p class='ocr_par' dir='ltr' id='par_1_4' title="bbox 125 580 3364 659">
     <span class='ocr_line' id='line_1_4' title="bbox 125 580 3364 659; baseline -0.006 -2"><span class='ocrx_word' id='word_1_4' title='bbox 125 620 215 659; x_wconf 69' lang='lat' dir='ltr'><strong>me</strong></span> <span class='ocrx_word' id='word_1_5' title='bbox 247 601 394 655; x_wconf 87' lang='lat' dir='ltr'><strong>illum</strong></span> <span class='ocrx_word' id='word_1_6' title='bbox 442 598 635 651; x_wconf 85' lang='lat' dir='ltr'><strong>vidisse</strong></span> <span class='ocrx_word' id='word_1_7' title='bbox 675 597 729 648; x_wconf 89' lang='lat' dir='ltr'><strong>in</strong></span> <span class='ocrx_word' id='word_1_8' title='bbox 763 595 996 658; x_wconf 80' lang='lat' dir='ltr'><strong>Cancro,</strong></span> <span class='ocrx_word' id='word_1_9' title='bbox 1029 596 1154 656; x_wconf 86' lang='lat' dir='ltr'><strong>dum</strong></span> <span class='ocrx_word' id='word_1_10' title='bbox 1202 593 1405 646; x_wconf 85' lang='lat' dir='ltr'><strong>Cancer</strong></span> <span class='ocrx_word' id='word_1_11' title='bbox 1450 580 1695 643; x_wconf 84' lang='lat' dir='ltr'><strong>noctibus</strong></span> <span class='ocrx_word' id='word_1_12' title='bbox 1723 592 1767 645; x_wconf 79' lang='grc' dir='ltr'><strong>Α</strong></span> <span class='ocrx_word' id='word_1_13' title='bbox 1797 585 1927 638; x_wconf 86' lang='lat' dir='ltr'><strong>lium</strong></span> <span class='ocrx_word' id='word_1_14' title='bbox 1953 595 2253 640; x_wconf 80' lang='lat' dir='ltr'><strong>vestrorum</strong></span> <span class='ocrx_word' id='word_1_15' title='bbox 2290 587 2578 642; x_wconf 74' lang='lat' dir='ltr'><strong>amabilem</strong></span> <span class='ocrx_word' id='word_1_16' title='bbox 2626 580 2867 654; x_wconf 78' lang='lat' dir='ltr'><strong>perspexi</strong></span> <span class='ocrx_word' id='word_1_17' title='bbox 2907 584 3153 648; x_wconf 83' lang='lat' dir='ltr'><strong>salutem,</strong></span> <span class='ocrx_word' id='word_1_18' title='bbox 3196 590 3364 638; x_wconf 89' lang='lat' dir='ltr'><strong>totum</strong></span> 
     </span>
    </p>
   </div>
   <div class='ocr_carea' id='block_1_5' title="bbox 122 676 1696 752">
    <p class='ocr_par' dir='ltr' id='par_1_5' title="bbox 122 676 1696 752">
     <span class='ocr_line' id='line_1_5' title="bbox 122 676 1696 752; baseline -0.01 -9"><span class='ocrx_word' id='word_1_19' title='bbox 122 692 215 744; x_wconf 82' lang='lat' dir='ltr'><strong>sui</strong></span> <span class='ocrx_word' id='word_1_20' title='bbox 241 703 432 744; x_wconf 80' lang='lat' dir='ltr'><strong>cursus</strong></span> <span class='ocrx_word' id='word_1_21' title='bbox 472 686 712 741; x_wconf 81' lang='lat' dir='ltr'><strong>ordinem</strong></span> <span class='ocrx_word' id='word_1_22' title='bbox 748 683 935 751; x_wconf 90' lang='lat' dir='ltr'><strong>agebat</strong></span> <span class='ocrx_word' id='word_1_23' title='bbox 977 697 1137 751; x_wconf 84' lang='lat' dir='ltr'><strong>super</strong></span> <span class='ocrx_word' id='word_1_24' title='bbox 1166 679 1279 752; x_wconf 74' lang='lat' dir='ltr'><strong>[F.,</strong></span> <span class='ocrx_word' id='word_1_25' title='bbox 1309 680 1493 734; x_wconf 90' lang='lat' dir='ltr'><strong>subter</strong></span> <span class='ocrx_word' id='word_1_26' title='bbox 1520 686 1573 730; x_wconf 84' lang='lat' dir='ltr'><strong>ut</strong></span> <span class='ocrx_word' id='word_1_27' title='bbox 1614 676 1696 729; x_wconf 85' lang='lat' dir='ltr'><strong>in-</strong></span> 
     </span>
    </p>
   </div>
   <div class='ocr_carea' id='block_1_6' title="bbox 127 765 1702 849">
    <p class='ocr_par' dir='ltr' id='par_1_6' title="bbox 127 765 1702 849">
     <span class='ocr_line' id='line_1_6' title="bbox 127 765 1702 849; baseline -0.007 -21"><span class='ocrx_word' id='word_1_28' title='bbox 127 774 241 849; x_wconf 74' lang='lat' dir='ltr'><strong>fra]</strong></span> <span class='ocrx_word' id='word_1_29' title='bbox 271 786 489 831; x_wconf 85' lang='lat' dir='ltr'><strong>terram.</strong></span> <span class='ocrx_word' id='word_1_30' title='bbox 519 772 627 827; x_wconf 83' lang='lat' dir='ltr'><strong>Nec</strong></span> <span class='ocrx_word' id='word_1_31' title='bbox 659 773 803 826; x_wconf 74' lang='lat' dir='ltr'><strong>etiim</strong></span> <span class='ocrx_word' id='word_1_32' title='bbox 833 769 1196 841; x_wconf 77' lang='lat' dir='ltr'><strong>prodigiosum</strong></span> <span class='ocrx_word' id='word_1_33' title='bbox 1243 765 1527 835; x_wconf 78' lang='lat' dir='ltr'><strong>reor‘quod</strong></span> <span class='ocrx_word' id='word_1_34' title='bbox 1554 773 1702 818; x_wconf 87' lang='lat' dir='ltr'><strong>tanto</strong></span> 
     </span>
    </p>
   </div>
   <div class='ocr_carea' id='block_1_7' title="bbox 129 856 1703 935">
    <p class='ocr_par' dir='ltr' id='par_1_7' title="bbox 129 856 1703 935">
     <span class='ocr_line' id='line_1_7' title="bbox 129 856 1703 935; baseline -0.007 -15"><span class='ocrx_word' id='word_1_35' title='bbox 129 876 374 935; x_wconf 87' lang='lat' dir='ltr'><strong>tempore</strong></span> <span class='ocrx_word' id='word_1_36' title='bbox 400 863 556 918; x_wconf 89' lang='lat' dir='ltr'><strong>nobis</strong></span> <span class='ocrx_word' id='word_1_37' title='bbox 580 878 685 917; x_wconf 90' lang='lat' dir='ltr'><strong>non</strong></span> <span class='ocrx_word' id='word_1_38' title='bbox 711 860 993 932; x_wconf 90' lang='lat' dir='ltr'><strong>apparuit,</strong></span> <span class='ocrx_word' id='word_1_39' title='bbox 1024 858 1370 913; x_wconf 57' lang='lat' dir='ltr'><strong>sed’naturaii</strong></span> <span class='ocrx_word' id='word_1_40' title='bbox 1403 856 1485 911; x_wconf 90' lang='lat' dir='ltr'><strong>sui</strong></span> <span class='ocrx_word' id='word_1_41' title='bbox 1513 869 1703 913; x_wconf 88' lang='lat' dir='ltr'><strong>cursus</strong></span> 
     </span>
    </p>
   </div>
   <div class='ocr_carea' id='block_1_8' title="bbox 126 945 1703 1021">
    <p class='ocr_par' dir='ltr' id='par_1_8' title="bbox 126 945 1703 1021">
     <span class='ocr_line' id='line_1_8' title="bbox 126 945 1703 1021; baseline -0.009 -11"><span class='ocrx_word' id='word_1_42' title='bbox 126 956 341 1010; x_wconf 82' lang='lat' dir='ltr'><strong>ordine.</strong></span> <span class='ocrx_word' id='word_1_43' title='bbox 368 953 424 1009; x_wconf 91' lang='lat' dir='ltr'><strong>Si</strong></span> <span class='ocrx_word' id='word_1_44' title='bbox 448 953 591 1007; x_wconf 89' lang='lat' dir='ltr'><strong>enim</strong></span> <span class='ocrx_word' id='word_1_45' title='bbox 619 952 891 1021; x_wconf 67' lang='lat' dir='ltr'><strong>praeterito</strong></span> <span class='ocrx_word' id='word_1_46' title='bbox 915 965 1057 1003; x_wconf 91' lang='lat' dir='ltr'><strong>anno</strong></span> <span class='ocrx_word' id='word_1_47' title='bbox 1091 949 1144 1002; x_wconf 88' lang='lat' dir='ltr'><strong>in</strong></span> <span class='ocrx_word' id='word_1_48' title='bbox 1187 948 1362 1002; x_wconf 85' lang='lat' dir='ltr'><strong>sidere</strong></span> <span class='ocrx_word' id='word_1_49' title='bbox 1381 945 1573 1000; x_wconf 88' lang='lat' dir='ltr'><strong>Cancri</strong></span> <span class='ocrx_word' id='word_1_50' title='bbox 1598 958 1703 997; x_wconf 89' lang='lat' dir='ltr'><strong>non</strong></span> 
     </span>
    </p>
   </div>
   <div class='ocr_carea' id='block_1_9' title="bbox 127 1036 1706 1114">
    <p class='ocr_par' dir='ltr' id='par_1_9' title="bbox 127 1036 1706 1114">
     <span class='ocr_line' id='line_1_9' title="bbox 127 1036 1706 1114; baseline -0.008 -17"><span class='ocrx_word' id='word_1_51' title='bbox 127 1042 404 1114; x_wconf 78' lang='lat' dir='ltr'><strong>apparuit,</strong></span> <span class='ocrx_word' id='word_1_52' title='bbox 439 1047 493 1094; x_wconf 91' lang='lat' dir='ltr'><strong>et</strong></span> <span class='ocrx_word' id='word_1_53' title='bbox 522 1053 663 1092; x_wconf 90' lang='lat' dir='ltr'><strong>nunc</strong></span> <span class='ocrx_word' id='word_1_54' title='bbox 693 1038 747 1091; x_wconf 92' lang='lat' dir='ltr'><strong>in</strong></span> <span class='ocrx_word' id='word_1_55' title='bbox 772 1036 981 1091; x_wconf 82' lang='lat' dir='ltr'><strong>Cancro</strong></span> <span class='ocrx_word' id='word_1_56' title='bbox 1011 1042 1262 1104; x_wconf 90' lang='lat' dir='ltr'><strong>apparet;</strong></span> <span class='ocrx_word' id='word_1_57' title='bbox 1296 1049 1401 1087; x_wconf 92' lang='lat' dir='ltr'><strong>non</strong></span> <span class='ocrx_word' id='word_1_58' title='bbox 1432 1047 1538 1087; x_wconf 91' lang='lat' dir='ltr'><strong>uno</strong></span> <span class='ocrx_word' id='word_1_59' title='bbox 1566 1046 1706 1084; x_wconf 89' lang='lat' dir='ltr'><strong>anno</strong></span> 
     </span>
    </p>
   </div>
   <div class='ocr_carea' id='block_1_10' title="bbox 128 1127 1706 1197">
    <p class='ocr_par' dir='ltr' id='par_1_10' title="bbox 128 1127 1706 1197">
     <span class='ocr_line' id='line_1_10' title="bbox 128 1127 1706 1197; baseline -0.008 -7"><span class='ocrx_word' id='word_1_60' title='bbox 128 1149 331 1190; x_wconf 85' lang='lat' dir='ltr'><strong>cursus</strong></span> <span class='ocrx_word' id='word_1_61' title='bbox 360 1132 441 1188; x_wconf 92' lang='lat' dir='ltr'><strong>sui</strong></span> <span class='ocrx_word' id='word_1_62' title='bbox 472 1139 690 1195; x_wconf 83' lang='lat' dir='ltr'><strong>metam,</strong></span> <span class='ocrx_word' id='word_1_63' title='bbox 711 1129 805 1184; x_wconf 89' lang='lat' dir='ltr'><strong>sed</strong></span> <span class='ocrx_word' id='word_1_64' title='bbox 825 1129 1001 1197; x_wconf 90' lang='lat' dir='ltr'><strong>spatio</strong></span> <span class='ocrx_word' id='word_1_65' title='bbox 1033 1127 1259 1182; x_wconf 89' lang='lat' dir='ltr'><strong>duorum</strong></span> <span class='ocrx_word' id='word_1_66' title='bbox 1283 1140 1543 1181; x_wconf 88' lang='lat' dir='ltr'><strong>annorum</strong></span> <span class='ocrx_word' id='word_1_67' title='bbox 1583 1139 1706 1193; x_wconf 87' lang='lat' dir='ltr'><strong>per-</strong></span> 
     </span>
    </p>
   </div>
   <div class='ocr_carea' id='block_1_11' title="bbox 128 1213 1710 1291">
    <p class='ocr_par' dir='ltr' id='par_1_11' title="bbox 128 1213 1710 1291">
     <span class='ocr_line' id='line_1_11' title="bbox 128 1213 1710 1291; baseline -0.005 -16"><span class='ocrx_word' id='word_1_68' title='bbox 128 1237 299 1291; x_wconf 90' lang='lat' dir='ltr'><strong>agere</strong></span> <span class='ocrx_word' id='word_1_69' title='bbox 331 1218 679 1290; x_wconf 76' lang='lat' dir='ltr'><strong>dignoscitur,</strong></span> <span class='ocrx_word' id='word_1_70' title='bbox 713 1218 839 1271; x_wconf 90' lang='lat' dir='ltr'><strong>dum</strong></span> <span class='ocrx_word' id='word_1_71' title='bbox 867 1231 1011 1270; x_wconf 90' lang='lat' dir='ltr'><strong>nunc</strong></span> <span class='ocrx_word' id='word_1_72' title='bbox 1033 1216 1267 1270; x_wconf 89' lang='lat' dir='ltr'><strong>secundo</strong></span> <span class='ocrx_word' id='word_1_73' title='bbox 1292 1229 1432 1269; x_wconf 88' lang='lat' dir='ltr'><strong>anno</strong></span> <span class='ocrx_word' id='word_1_74' title='bbox 1461 1215 1514 1267; x_wconf 90' lang='lat' dir='ltr'><strong>iu</strong></span> <span class='ocrx_word' id='word_1_75' title='bbox 1542 1213 1710 1267; x_wconf 79' lang='lat' dir='ltr'><strong>altero</strong></span> 
     </span>
    </p>
   </div>
   <div class='ocr_carea' id='block_1_12' title="bbox 129 1304 1708 1373">
    <p class='ocr_par' dir='ltr' id='par_1_12' title="bbox 129 1304 1708 1373">
     <span class='ocr_line' id='line_1_12' title="bbox 129 1304 1708 1373; baseline -0.005 -10"><span class='ocrx_word' id='word_1_76' title='bbox 129 1318 385 1365; x_wconf 79' lang='lat' dir='ltr'><strong>versatur</strong></span> <span class='ocrx_word' id='word_1_77' title='bbox 404 1307 597 1363; x_wconf 81' lang='lat' dir='ltr'><strong>sidere.</strong></span> <span class='ocrx_word' id='word_1_78' title='bbox 620 1306 773 1373; x_wconf 89' lang='lat' dir='ltr'><strong>Quod</strong></span> <span class='ocrx_word' id='word_1_79' title='bbox 801 1320 931 1361; x_wconf 86' lang='lat' dir='ltr'><strong>vero</strong></span> <span class='ocrx_word' id='word_1_80' title='bbox 958 1306 1300 1360; x_wconf 71' lang='lat' dir='ltr'><strong>additum-est</strong></span> <span class='ocrx_word' id='word_1_81' title='bbox 1324 1322 1336 1357; x_wconf 72' lang='grc' dir='ltr'>ε</span> <span class='ocrx_word' id='word_1_82' title='bbox 1364 1304 1410 1358; x_wconf 89' lang='lat' dir='ltr'><strong>si</strong></span> <span class='ocrx_word' id='word_1_83' title='bbox 1439 1312 1544 1356; x_wconf 89' lang='lat' dir='ltr'><strong>toto</strong></span> <span class='ocrx_word' id='word_1_84' title='bbox 1572 1319 1708 1356; x_wconf 91' lang='lat' dir='ltr'><strong>anno</strong></span> 
     </span>
    </p>
   </div>
   <div class='ocr_carea' id='block_1_13' title="bbox 127 1390 1713 1463">
    <p class='ocr_par' dir='ltr' id='par_1_13' title="bbox 127 1390 1713 1463">
     <span class='ocr_line' id='line_1_13' title="bbox 127 1390 1713 1463; baseline -0.007 -11"><span class='ocrx_word' id='word_1_85' title='bbox 127 1399 418 1453; x_wconf 77' lang='lat' dir='ltr'><strong>stationem</strong></span> <span class='ocrx_word' id='word_1_86' title='bbox 445 1397 501 1449; x_wconf 85' lang='lat' dir='ltr'><strong>in</strong></span> <span class='ocrx_word' id='word_1_87' title='bbox 527 1393 729 1448; x_wconf 80' lang='lat' dir='ltr'><strong>Cancro</strong></span> <span class='ocrx_word' id='word_1_88' title='bbox 758 1394 901 1463; x_wconf 76' lang='lat' dir='ltr'><strong>fecit,</strong></span> <span class='ocrx_word' id='word_1_89' title='bbox 948 1392 1054 1447; x_wconf 84' lang='lat' dir='ltr'><strong>sole</strong></span> <span class='ocrx_word' id='word_1_90' title='bbox 1096 1393 1151 1446; x_wconf 87' lang='lat' dir='ltr'><strong>in</strong></span> <span class='ocrx_word' id='word_1_91' title='bbox 1195 1400 1382 1445; x_wconf 65' lang='lat' dir='ltr'><strong>cratera</strong></span> <span class='ocrx_word' id='word_1_92' title='bbox 1429 1392 1579 1461; x_wconf 83' lang='lat' dir='ltr'><strong>signa</strong></span> <span class='ocrx_word' id='word_1_93' title='bbox 1614 1390 1713 1442; x_wconf 87' lang='lat' dir='ltr'><strong>mi-</strong></span> 
     </span>
    </p>
   </div>
   <div class='ocr_carea' id='block_1_14' title="bbox 129 1478 1711 1557">
    <p class='ocr_par' dir='ltr' id='par_1_14' title="bbox 129 1478 1711 1557">
     <span class='ocr_line' id='line_1_14' title="bbox 129 1478 1711 1557; baseline -0.006 -17"><span class='ocrx_word' id='word_1_94' title='bbox 129 1495 343 1557; x_wconf 84' lang='lat' dir='ltr'><strong>grante,</strong></span> <span class='ocrx_word' id='word_1_95' title='bbox 370 1500 467 1538; x_wconf 87' lang='lat' dir='ltr'><strong>cur</strong></span> <span class='ocrx_word' id='word_1_96' title='bbox 491 1484 546 1536; x_wconf 90' lang='lat' dir='ltr'><strong>in</strong></span> <span class='ocrx_word' id='word_1_97' title='bbox 580 1482 782 1536; x_wconf 80' lang='lat' dir='ltr'><strong>Cancro</strong></span> <span class='ocrx_word' id='word_1_98' title='bbox 811 1482 973 1538; x_wconf 79' lang='lat' dir='ltr'><strong>videri</strong></span> <span class='ocrx_word' id='word_1_99' title='bbox 1002 1498 1103 1541; x_wconf 88' lang='lat' dir='ltr'><strong>non</strong></span> <span class='ocrx_word' id='word_1_100' title='bbox 1142 1479 1346 1554; x_wconf 69' lang='lat' dir='ltr'><strong>potuit?</strong></span> <span class='ocrx_word' id='word_1_101' title='bbox 1391 1479 1564 1533; x_wconf 86' lang='lat' dir='ltr'><strong>Etiam</strong></span> <span class='ocrx_word' id='word_1_102' title='bbox 1588 1478 1711 1547; x_wconf 85' lang='lat' dir='ltr'><strong>quia</strong></span> 
     </span>
    </p>
   </div>
   <div class='ocr_carea' id='block_1_15' title="bbox 132 1557 1712 1646">
    <p class='ocr_par' dir='ltr' id='par_1_15' title="bbox 132 1557 1712 1646">
     <span class='ocr_line' id='line_1_15' title="bbox 132 1557 1712 1646; baseline -0.004 -17"><span class='ocrx_word' id='word_1_103' title='bbox 132 1579 255 1646; x_wconf 89' lang='lat' dir='ltr'><strong>ipse</strong></span> <span class='ocrx_word' id='word_1_104' title='bbox 279 1575 503 1640; x_wconf 84' lang='lat' dir='ltr'><strong>Cancer,</strong></span> <span class='ocrx_word' id='word_1_105' title='bbox 526 1574 580 1627; x_wconf 90' lang='lat' dir='ltr'><strong>in</strong></span> <span class='ocrx_word' id='word_1_106' title='bbox 602 1588 708 1642; x_wconf 91' lang='lat' dir='ltr'><strong>quo</strong></span> <span class='ocrx_word' id='word_1_107' title='bbox 729 1557 1012 1627; x_wconf 79' lang='lat' dir='ltr'><strong>stationem</strong></span> <span class='ocrx_word' id='word_1_108' title='bbox 1037 1572 1182 1635; x_wconf 87' lang='lat' dir='ltr'><strong>fecit,</strong></span> <span class='ocrx_word' id='word_1_109' title='bbox 1205 1571 1372 1626; x_wconf 89' lang='lat' dir='ltr'><strong>videri</strong></span> <span class='ocrx_word' id='word_1_110' title='bbox 1395 1587 1499 1626; x_wconf 90' lang='lat' dir='ltr'><strong>nou</strong></span> <span class='ocrx_word' id='word_1_111' title='bbox 1520 1571 1712 1641; x_wconf 89' lang='lat' dir='ltr'><strong>potuit.</strong></span> 
     </span>
    </p>
   </div>
   <div class='ocr_carea' id='block_1_16' title="bbox 133 1660 1717 1732">
    <p class='ocr_par' dir='ltr' id='par_1_16' title="bbox 133 1660 1717 1732">
     <span class='ocr_line' id='line_1_16' title="bbox 133 1660 1717 1732; baseline -0.005 -11"><span class='ocrx_word' id='word_1_112' title='bbox 133 1667 264 1722; x_wconf 76' lang='lat' dir='ltr'><strong>Mox</strong></span> <span class='ocrx_word' id='word_1_113' title='bbox 286 1680 414 1721; x_wconf 84' lang='lat' dir='ltr'><strong>vero</strong></span> <span class='ocrx_word' id='word_1_114' title='bbox 444 1666 570 1720; x_wconf 87' lang='lat' dir='ltr'><strong>dum</strong></span> <span class='ocrx_word' id='word_1_115' title='bbox 595 1664 804 1719; x_wconf 86' lang='lat' dir='ltr'><strong>Cancer</strong></span> <span class='ocrx_word' id='word_1_116' title='bbox 830 1663 997 1718; x_wconf 86' lang='lat' dir='ltr'><strong>videri</strong></span> <span class='ocrx_word' id='word_1_117' title='bbox 1026 1664 1220 1732; x_wconf 88' lang='lat' dir='ltr'><strong>potuit,</strong></span> <span class='ocrx_word' id='word_1_118' title='bbox 1251 1664 1366 1717; x_wconf 87' lang='lat' dir='ltr'><strong>visa</strong></span> <span class='ocrx_word' id='word_1_119' title='bbox 1405 1670 1487 1716; x_wconf 90' lang='lat' dir='ltr'><strong>est</strong></span> <span class='ocrx_word' id='word_1_120' title='bbox 1526 1669 1579 1715; x_wconf 91' lang='lat' dir='ltr'><strong>et</strong></span> <span class='ocrx_word' id='word_1_121' title='bbox 1624 1660 1717 1714; x_wconf 88' lang='lat' dir='ltr'><strong>illa</strong></span> 
     </span>
    </p>
   </div>
   <div class='ocr_carea' id='block_1_17' title="bbox 130 1747 1718 1821">
    <p class='ocr_par' dir='ltr' id='par_1_17' title="bbox 130 1747 1718 1821">
     <span class='ocr_line' id='line_1_17' title="bbox 130 1747 1718 1821; baseline -0.004 -12"><span class='ocrx_word' id='word_1_122' title='bbox 130 1769 265 1809; x_wconf 84' lang='lat' dir='ltr'><strong>eum</strong></span> <span class='ocrx_word' id='word_1_123' title='bbox 290 1753 520 1818; x_wconf 88' lang='lat' dir='ltr'><strong>Cancro,</strong></span> <span class='ocrx_word' id='word_1_124' title='bbox 543 1751 635 1821; x_wconf 86' lang='lat' dir='ltr'><strong>qui</strong></span> <span class='ocrx_word' id='word_1_125' title='bbox 672 1766 813 1805; x_wconf 92' lang='lat' dir='ltr'><strong>anno</strong></span> <span class='ocrx_word' id='word_1_126' title='bbox 841 1750 1111 1819; x_wconf 70' lang='lat' dir='ltr'><strong>prmterito</strong></span> <span class='ocrx_word' id='word_1_127' title='bbox 1152 1764 1311 1803; x_wconf 88' lang='lat' dir='ltr'><strong>cursu</strong></span> <span class='ocrx_word' id='word_1_128' title='bbox 1352 1747 1580 1802; x_wconf 90' lang='lat' dir='ltr'><strong>naturali</strong></span> <span class='ocrx_word' id='word_1_129' title='bbox 1624 1762 1718 1802; x_wconf 82' lang='lat' dir='ltr'><strong>no-</strong></span> 
     </span>
    </p>
   </div>
   <div class='ocr_carea' id='block_1_18' title="bbox 130 1842 920 1900">
    <p class='ocr_par' dir='ltr' id='par_1_18' title="bbox 130 1842 920 1900">
     <span class='ocr_line' id='line_1_18' title="bbox 130 1842 920 1900; baseline -0.009 0"><span class='ocrx_word' id='word_1_130' title='bbox 130 1845 322 1900; x_wconf 90' lang='lat' dir='ltr'><strong>ctibus</strong></span> <span class='ocrx_word' id='word_1_131' title='bbox 346 1844 446 1898; x_wconf 89' lang='lat' dir='ltr'><strong>sub</strong></span> <span class='ocrx_word' id='word_1_132' title='bbox 477 1852 650 1897; x_wconf 85' lang='lat' dir='ltr'><strong>terras</strong></span> <span class='ocrx_word' id='word_1_133' title='bbox 678 1842 920 1898; x_wconf 87' lang='lat' dir='ltr'><strong>recessit.</strong></span> 
     </span>
    </p>
   </div>
   <div class='ocr_carea' id='block_1_19' title="bbox 1802 669 3370 743">
    <p class='ocr_par' dir='ltr' id='par_1_19' title="bbox 1802 669 3370 743">
     <span class='ocr_line' id='line_1_19' title="bbox 1802 669 3370 743; baseline 0.001 -18"><span class='ocrx_word' id='word_1_134' title='bbox 1802 687 1888 727; x_wconf 90' lang='lat' dir='ltr'><strong>me</strong></span> <span class='ocrx_word' id='word_1_135' title='bbox 1914 672 1967 726; x_wconf 90' lang='lat' dir='ltr'><strong>in</strong></span> <span class='ocrx_word' id='word_1_136' title='bbox 1995 674 2287 743; x_wconf 75' lang='lat' dir='ltr'><strong>gratiarum</strong></span> <span class='ocrx_word' id='word_1_137' title='bbox 2335 675 2576 729; x_wconf 83' lang='lat' dir='ltr'><strong>actiones</strong></span> <span class='ocrx_word' id='word_1_138' title='bbox 2603 673 2828 728; x_wconf 84' lang='lat' dir='ltr'><strong>Domino</strong></span> <span class='ocrx_word' id='word_1_139' title='bbox 2853 672 2961 727; x_wconf 83' lang='lat' dir='ltr'><strong>Deo</strong></span> <span class='ocrx_word' id='word_1_140' title='bbox 3002 669 3126 726; x_wconf 78' lang='lat' dir='ltr'><strong>Jesu</strong></span> <span class='ocrx_word' id='word_1_141' title='bbox 3155 671 3370 728; x_wconf 87' lang='lat' dir='ltr'><strong>Christo</strong></span> 
     </span>
    </p>
   </div>
   <div class='ocr_carea' id='block_1_20' title="bbox 1801 763 3371 835">
    <p class='ocr_par' dir='ltr' id='par_1_20' title="bbox 1801 763 3371 835">
     <span class='ocr_line' id='line_1_20' title="bbox 1801 763 3371 835; baseline 0.002 -19"><span class='ocrx_word' id='word_1_142' title='bbox 1801 763 2021 828; x_wconf 90' lang='lat' dir='ltr'><strong>contuli,</strong></span> <span class='ocrx_word' id='word_1_143' title='bbox 2052 763 2223 819; x_wconf 82' lang='lat' dir='ltr'><strong>felicia</strong></span> <span class='ocrx_word' id='word_1_144' title='bbox 2265 764 2570 821; x_wconf 89' lang='lat' dir='ltr'><strong>Christiano</strong></span> <span class='ocrx_word' id='word_1_145' title='bbox 2606 764 2801 835; x_wconf 90' lang='lat' dir='ltr'><strong>populo</strong></span> <span class='ocrx_word' id='word_1_146' title='bbox 2830 772 3068 832; x_wconf 87' lang='lat' dir='ltr'><strong>tempora</strong></span> <span class='ocrx_word' id='word_1_147' title='bbox 3098 764 3149 816; x_wconf 90' lang='lat' dir='ltr'><strong>in</strong></span> <span class='ocrx_word' id='word_1_148' title='bbox 3177 771 3371 819; x_wconf 62' lang='lat' dir='ltr'><strong>vestrm</strong></span> 
     </span>
    </p>
   </div>
   <div class='ocr_carea' id='block_1_21' title="bbox 1804 853 3373 923">
    <p class='ocr_par' dir='ltr' id='par_1_21' title="bbox 1804 853 3373 923">
     <span class='ocr_line' id='line_1_21' title="bbox 1804 853 3373 923; baseline -0.001 -16"><span class='ocrx_word' id='word_1_149' title='bbox 1804 853 2072 910; x_wconf 89' lang='lat' dir='ltr'><strong>felicitatis</strong></span> <span class='ocrx_word' id='word_1_150' title='bbox 2098 855 2421 911; x_wconf 80' lang='lat' dir='ltr'><strong>exultatione</strong></span> <span class='ocrx_word' id='word_1_151' title='bbox 2446 864 2501 909; x_wconf 89' lang='lat' dir='ltr'><strong>et</strong></span> <span class='ocrx_word' id='word_1_152' title='bbox 2520 856 2693 910; x_wconf 87' lang='lat' dir='ltr'><strong>salute</strong></span> <span class='ocrx_word' id='word_1_153' title='bbox 2714 856 3013 910; x_wconf 87' lang='lat' dir='ltr'><strong>certissime</strong></span> <span class='ocrx_word' id='word_1_154' title='bbox 3032 855 3207 910; x_wconf 88' lang='lat' dir='ltr'><strong>sciens</strong></span> <span class='ocrx_word' id='word_1_155' title='bbox 3232 872 3246 906; x_wconf 90' lang='lat'>:</span> <span class='ocrx_word' id='word_1_156' title='bbox 3274 867 3373 923; x_wconf 89' lang='lat' dir='ltr'><strong>pro</strong></span> 
     </span>
    </p>
   </div>
   <div class='ocr_carea' id='block_1_22' title="bbox 1804 944 3373 1015">
    <p class='ocr_par' dir='ltr' id='par_1_22' title="bbox 1804 944 3373 1015">
     <span class='ocr_line' id='line_1_22' title="bbox 1804 944 3373 1015; baseline -0.001 -17"><span class='ocrx_word' id='word_1_157' title='bbox 1804 960 1911 1014; x_wconf 87' lang='lat' dir='ltr'><strong>qua</strong></span> <span class='ocrx_word' id='word_1_158' title='bbox 1958 960 2171 1015; x_wconf 86' lang='lat' dir='ltr'><strong>semper</strong></span> <span class='ocrx_word' id='word_1_159' title='bbox 2210 947 2493 1001; x_wconf 88' lang='lat' dir='ltr'><strong>Dominum</strong></span> <span class='ocrx_word' id='word_1_160' title='bbox 2543 946 2820 1015; x_wconf 87' lang='lat' dir='ltr'><strong>deprecari</strong></span> <span class='ocrx_word' id='word_1_161' title='bbox 2862 946 3085 1014; x_wconf 79' lang='lat' dir='ltr'><strong>gaudeo,</strong></span> <span class='ocrx_word' id='word_1_162' title='bbox 3131 944 3373 999; x_wconf 79' lang='lat' dir='ltr'><strong>eamdem</strong></span> 
     </span>
    </p>
   </div>
   <div class='ocr_carea' id='block_1_23' title="bbox 1805 1036 3376 1105">
    <p class='ocr_par' dir='ltr' id='par_1_23' title="bbox 1805 1036 3376 1105">
     <span class='ocr_line' id='line_1_23' title="bbox 1805 1036 3376 1105; baseline -0.002 -13"><span class='ocrx_word' id='word_1_163' title='bbox 1805 1049 2020 1104; x_wconf 75' lang='lat' dir='ltr'><strong>Semper</strong></span> <span class='ocrx_word' id='word_1_164' title='bbox 2044 1037 2231 1091; x_wconf 90' lang='lat' dir='ltr'><strong>audire</strong></span> <span class='ocrx_word' id='word_1_165' title='bbox 2251 1037 2517 1102; x_wconf 89' lang='lat' dir='ltr'><strong>desidero,</strong></span> <span class='ocrx_word' id='word_1_166' title='bbox 2545 1045 2601 1092; x_wconf 90' lang='lat' dir='ltr'><strong>et</strong></span> <span class='ocrx_word' id='word_1_167' title='bbox 2630 1036 2781 1105; x_wconf 90' lang='lat' dir='ltr'><strong>quasi</strong></span> <span class='ocrx_word' id='word_1_168' title='bbox 2813 1044 3077 1105; x_wconf 81' lang='lat' dir='ltr'><strong>optatum,</strong></span> <span class='ocrx_word' id='word_1_169' title='bbox 3105 1052 3135 1088; x_wconf 92' lang='lat' dir='ltr'><strong>a</strong></span> <span class='ocrx_word' id='word_1_170' title='bbox 3160 1037 3376 1104; x_wconf 89' lang='lat' dir='ltr'><strong>Deoque</strong></span> 
     </span>
    </p>
   </div>
   <div class='ocr_carea' id='block_1_24' title="bbox 1808 1123 3378 1196">
    <p class='ocr_par' dir='ltr' id='par_1_24' title="bbox 1808 1123 3378 1196">
     <span class='ocr_line' id='line_1_24' title="bbox 1808 1123 3378 1196; baseline 0.001 -19"><span class='ocrx_word' id='word_1_171' title='bbox 1808 1123 2127 1177; x_wconf 87' lang='lat' dir='ltr'><strong>destinatum</strong></span> <span class='ocrx_word' id='word_1_172' title='bbox 2170 1141 2364 1181; x_wconf 91' lang='lat' dir='ltr'><strong>munus</strong></span> <span class='ocrx_word' id='word_1_173' title='bbox 2403 1127 2550 1180; x_wconf 75' lang='lat' dir='ltr'><strong>ourni</strong></span> <span class='ocrx_word' id='word_1_174' title='bbox 2599 1126 2792 1196; x_wconf 91' lang='lat' dir='ltr'><strong>gaudio</strong></span> <span class='ocrx_word' id='word_1_175' title='bbox 2838 1134 3073 1180; x_wconf 82' lang='lat' dir='ltr'><strong>vestram</strong></span> <span class='ocrx_word' id='word_1_176' title='bbox 3106 1125 3378 1180; x_wconf 86' lang='lat' dir='ltr'><strong>incolumi-</strong></span> 
     </span>
    </p>
   </div>
   <div class='ocr_carea' id='block_1_25' title="bbox 1810 1216 3381 1286">
    <p class='ocr_par' dir='ltr' id='par_1_25' title="bbox 1810 1216 3381 1286">
     <span class='ocr_line' id='line_1_25' title="bbox 1810 1216 3381 1286; baseline -0.001 -16"><span class='ocrx_word' id='word_1_177' title='bbox 1810 1224 1973 1270; x_wconf 80' lang='lat' dir='ltr'><strong>tatem</strong></span> <span class='ocrx_word' id='word_1_178' title='bbox 2008 1216 2227 1285; x_wconf 86' lang='lat' dir='ltr'><strong>oupiens</strong></span> <span class='ocrx_word' id='word_1_179' title='bbox 2255 1232 2469 1286; x_wconf 88' lang='lat' dir='ltr'><strong>semper</strong></span> <span class='ocrx_word' id='word_1_180' title='bbox 2492 1217 2697 1273; x_wconf 88' lang='lat' dir='ltr'><strong>audire.</strong></span> <span class='ocrx_word' id='word_1_181' title='bbox 2724 1217 2856 1283; x_wconf 86' lang='lat' dir='ltr'><strong>Quis</strong></span> <span class='ocrx_word' id='word_1_182' title='bbox 2883 1218 3139 1272; x_wconf 68' lang='lat' dir='ltr'><strong>eninrest</strong></span> <span class='ocrx_word' id='word_1_183' title='bbox 3160 1217 3249 1285; x_wconf 89' lang='lat' dir='ltr'><strong>qui</strong></span> <span class='ocrx_word' id='word_1_184' title='bbox 3273 1231 3381 1270; x_wconf 89' lang='lat' dir='ltr'><strong>non</strong></span> 
     </span>
    </p>
   </div>
   <div class='ocr_carea' id='block_1_26' title="bbox 1811 1306 3384 1379">
    <p class='ocr_par' dir='ltr' id='par_1_26' title="bbox 1811 1306 3384 1379">
     <span class='ocr_line' id='line_1_26' title="bbox 1811 1306 3384 1379; baseline 0.002 -19"><span class='ocrx_word' id='word_1_185' title='bbox 1811 1306 2038 1376; x_wconf 84' lang='lat' dir='ltr'><strong>gaudeat</strong></span> <span class='ocrx_word' id='word_1_186' title='bbox 2064 1309 2129 1362; x_wconf 89' lang='lat' dir='ltr'><strong>de</strong></span> <span class='ocrx_word' id='word_1_187' title='bbox 2151 1308 2232 1364; x_wconf 92' lang='lat' dir='ltr'><strong>sui</strong></span> <span class='ocrx_word' id='word_1_188' title='bbox 2263 1310 2453 1379; x_wconf 86' lang='lat' dir='ltr'><strong>capitis</strong></span> <span class='ocrx_word' id='word_1_189' title='bbox 2479 1308 2715 1379; x_wconf 81' lang='lat' dir='ltr'><strong>perfecta</strong></span> <span class='ocrx_word' id='word_1_190' title='bbox 2740 1310 3076 1379; x_wconf 82' lang='lat' dir='ltr'><strong>integritate?</strong></span> <span class='ocrx_word' id='word_1_191' title='bbox 3106 1309 3207 1364; x_wconf 89' lang='lat' dir='ltr'><strong>nisi</strong></span> <span class='ocrx_word' id='word_1_192' title='bbox 3244 1308 3384 1364; x_wconf 85' lang='lat' dir='ltr'><strong>forte</strong></span> 
     </span>
    </p>
   </div>
   <div class='ocr_carea' id='block_1_27' title="bbox 1811 1395 3385 1468">
    <p class='ocr_par' dir='ltr' id='par_1_27' title="bbox 1811 1395 3385 1468">
     <span class='ocr_line' id='line_1_27' title="bbox 1811 1395 3385 1468; baseline 0.002 -20"><span class='ocrx_word' id='word_1_193' title='bbox 1811 1395 2152 1462; x_wconf 88' lang='lat' dir='ltr'><strong>furibundus,</strong></span> <span class='ocrx_word' id='word_1_194' title='bbox 2175 1397 2257 1452; x_wconf 88' lang='lat' dir='ltr'><strong>vel</strong></span> <span class='ocrx_word' id='word_1_195' title='bbox 2296 1399 2535 1462; x_wconf 87' lang='lat' dir='ltr'><strong>insanus,</strong></span> <span class='ocrx_word' id='word_1_196' title='bbox 2569 1412 2727 1467; x_wconf 88' lang='lat' dir='ltr'><strong>quem</strong></span> <span class='ocrx_word' id='word_1_197' title='bbox 2755 1398 3070 1453; x_wconf 88' lang='lat' dir='ltr'><strong>aretissimis</strong></span> <span class='ocrx_word' id='word_1_198' title='bbox 3092 1398 3385 1468; x_wconf 60' lang='lat' dir='ltr'><strong>Hippocrac</strong></span> 
     </span>
    </p>
   </div>
   <div class='ocr_carea' id='block_1_28' title="bbox 1814 1484 3385 1559">
    <p class='ocr_par' dir='ltr' id='par_1_28' title="bbox 1814 1484 3385 1559">
     <span class='ocr_line' id='line_1_28' title="bbox 1814 1484 3385 1559; baseline 0.004 -23"><span class='ocrx_word' id='word_1_199' title='bbox 1814 1484 1884 1538; x_wconf 90' lang='lat' dir='ltr'><strong>tis</strong></span> <span class='ocrx_word' id='word_1_200' title='bbox 1908 1485 2134 1541; x_wconf 75' lang='lat' dir='ltr'><strong>vinculis</strong></span> <span class='ocrx_word' id='word_1_201' title='bbox 2154 1486 2476 1556; x_wconf 79' lang='lat' dir='ltr'><strong>alligandum</strong></span> <span class='ocrx_word' id='word_1_202' title='bbox 2522 1502 2642 1543; x_wconf 89' lang='lat' dir='ltr'><strong>esse</strong></span> <span class='ocrx_word' id='word_1_203' title='bbox 2676 1500 2870 1542; x_wconf 89' lang='lat' dir='ltr'><strong>censeo</strong></span> <span class='ocrx_word' id='word_1_204' title='bbox 2894 1486 3046 1559; x_wconf 71' lang='grc' dir='ltr'><strong>[ϐοά.</strong></span> <span class='ocrx_word' id='word_1_205' title='bbox 3081 1485 3224 1552; x_wconf 84' lang='lat' dir='ltr'><strong>Vat.,</strong></span> <span class='ocrx_word' id='word_1_206' title='bbox 3256 1503 3385 1542; x_wconf 88' lang='lat' dir='ltr'><strong>cen—</strong></span> 
     </span>
    </p>
   </div>
   <div class='ocr_carea' id='block_1_29' title="bbox 1815 1573 3387 1644">
    <p class='ocr_par' dir='ltr' id='par_1_29' title="bbox 1815 1573 3387 1644">
     <span class='ocr_line' id='line_1_29' title="bbox 1815 1573 3387 1644; baseline -0.001 -16"><span class='ocrx_word' id='word_1_207' title='bbox 1815 1573 1981 1644; x_wconf 79' lang='lat' dir='ltr'><strong>suit]?</strong></span> <span class='ocrx_word' id='word_1_208' title='bbox 2005 1574 2117 1628; x_wconf 85' lang='lat' dir='ltr'><strong>Etsi</strong></span> <span class='ocrx_word' id='word_1_209' title='bbox 2152 1573 2309 1642; x_wconf 78' lang='lat' dir='ltr'><strong>juxta</strong></span> <span class='ocrx_word' id='word_1_210' title='bbox 2354 1575 2597 1644; x_wconf 80' lang='lat' dir='ltr'><strong>Apostoli</strong></span> <span class='ocrx_word' id='word_1_211' title='bbox 2645 1576 2963 1630; x_wconf 90' lang='lat' dir='ltr'><strong>sententiam</strong></span> <span class='ocrx_word' id='word_1_212' title='bbox 3005 1591 3150 1629; x_wconf 85' lang='lat' dir='ltr'><strong>nemo</strong></span> <span class='ocrx_word' id='word_1_213' title='bbox 3179 1591 3387 1629; x_wconf 80' lang='lat' dir='ltr'><strong>carnem</strong></span> 
     </span>
    </p>
   </div>
   <div class='ocr_carea' id='block_1_30' title="bbox 1814 1662 3383 1735">
    <p class='ocr_par' dir='ltr' id='par_1_30' title="bbox 1814 1662 3383 1735">
     <span class='ocr_line' id='line_1_30' title="bbox 1814 1662 3383 1735; baseline 0.001 -19"><span class='ocrx_word' id='word_1_214' title='bbox 1814 1679 1965 1716; x_wconf 83' lang='lat' dir='ltr'><strong>suam</strong></span> <span class='ocrx_word' id='word_1_215' title='bbox 2002 1662 2122 1715; x_wconf 82' lang='lat' dir='ltr'><strong>odio</strong></span> <span class='ocrx_word' id='word_1_216' title='bbox 2148 1663 2319 1725; x_wconf 81' lang='lat' dir='ltr'><strong>habet,</strong></span> <span class='ocrx_word' id='word_1_217' title='bbox 2356 1662 2445 1716; x_wconf 82' lang='lat' dir='ltr'><strong>sed</strong></span> <span class='ocrx_word' id='word_1_218' title='bbox 2480 1665 2635 1717; x_wconf 81' lang='lat' dir='ltr'><strong>etiam</strong></span> <span class='ocrx_word' id='word_1_219' title='bbox 2663 1663 2793 1732; x_wconf 75' lang='lat' dir='ltr'><strong>foret</strong></span> <span class='ocrx_word' id='word_1_220' title='bbox 2822 1674 2870 1717; x_wconf 86' lang='lat' dir='ltr'><strong>et</strong></span> <span class='ocrx_word' id='word_1_221' title='bbox 2894 1666 3057 1718; x_wconf 82' lang='lat' dir='ltr'><strong>nutrit</strong></span> <span class='ocrx_word' id='word_1_222' title='bbox 3086 1664 3299 1735; x_wconf 79' lang='lat' dir='ltr'><strong>(Ephes.</strong></span> <span class='ocrx_word' id='word_1_223' title='bbox 3326 1681 3383 1730; x_wconf 87' lang='lat' dir='ltr'><strong>v,</strong></span> 
     </span>
    </p>
   </div>
   <div class='ocr_carea' id='block_1_31' title="bbox 1816 1752 3393 1827">
    <p class='ocr_par' dir='ltr' id='par_1_31' title="bbox 1816 1752 3393 1827">
     <span class='ocr_line' id='line_1_31' title="bbox 1816 1752 3393 1827; baseline -0.001 -18"><span class='ocrx_word' id='word_1_224' title='bbox 1816 1752 1944 1827; x_wconf 74' lang='lat'><strong>29);</strong></span> <span class='ocrx_word' id='word_1_225' title='bbox 1978 1763 2179 1825; x_wconf 91' lang='lat' dir='ltr'><strong>quanto</strong></span> <span class='ocrx_word' id='word_1_226' title='bbox 2213 1754 2385 1824; x_wconf 90' lang='lat' dir='ltr'><strong>magis</strong></span> <span class='ocrx_word' id='word_1_227' title='bbox 2428 1754 2482 1807; x_wconf 90' lang='lat' dir='ltr'><strong>in</strong></span> <span class='ocrx_word' id='word_1_228' title='bbox 2534 1754 2727 1822; x_wconf 88' lang='lat' dir='ltr'><strong>capitis</strong></span> <span class='ocrx_word' id='word_1_229' title='bbox 2766 1754 3014 1817; x_wconf 87' lang='lat' dir='ltr'><strong>sanitate,</strong></span> <span class='ocrx_word' id='word_1_230' title='bbox 3063 1755 3116 1809; x_wconf 93' lang='lat' dir='ltr'><strong>in</strong></span> <span class='ocrx_word' id='word_1_231' title='bbox 3168 1770 3276 1824; x_wconf 89' lang='lat' dir='ltr'><strong>quo</strong></span> <span class='ocrx_word' id='word_1_232' title='bbox 3307 1762 3393 1809; x_wconf 88' lang='lat' dir='ltr'><strong>est</strong></span> 
     </span>
    </p>
   </div>
   <div class='ocr_carea' id='block_1_32' title="bbox 1819 1843 3391 1915">
    <p class='ocr_par' dir='ltr' id='par_1_32' title="bbox 1819 1843 3391 1915">
     <span class='ocr_line' id='line_1_32' title="bbox 1819 1843 3391 1915; baseline -0.001 -14"><span class='ocrx_word' id='word_1_233' title='bbox 1819 1848 1984 1902; x_wconf 88' lang='lat' dir='ltr'><strong>totius</strong></span> <span class='ocrx_word' id='word_1_234' title='bbox 2029 1846 2273 1915; x_wconf 90' lang='lat' dir='ltr'><strong>corporis</strong></span> <span class='ocrx_word' id='word_1_235' title='bbox 2312 1844 2572 1915; x_wconf 79' lang='lat' dir='ltr'><strong>perfectio</strong></span> <span class='ocrx_word' id='word_1_236' title='bbox 2608 1853 2662 1899; x_wconf 89' lang='lat' dir='ltr'><strong>et</strong></span> <span class='ocrx_word' id='word_1_237' title='bbox 2689 1843 2855 1913; x_wconf 80' lang='lat' dir='ltr'><strong>gloria</strong></span> <span class='ocrx_word' id='word_1_238' title='bbox 2885 1845 3080 1909; x_wconf 89' lang='lat' dir='ltr'><strong>omnis,</strong></span> <span class='ocrx_word' id='word_1_239' title='bbox 3121 1846 3391 1900; x_wconf 86' lang='lat' dir='ltr'><strong>membro-</strong></span> 
     </span>
    </p>
   </div>
   <div class='ocr_carea' id='block_1_33' title="bbox 206 1923 2762 2007">
    <p class='ocr_par' dir='ltr' id='par_1_33' title="bbox 206 1923 2762 2007">
     <span class='ocr_line' id='line_1_33' title="bbox 206 1923 2762 2007; baseline -0.004 -22"><span class='ocrx_word' id='word_1_240' title='bbox 206 1945 234 1973; x_wconf 80' lang='grc' dir='ltr'>ι</span> <span class='ocrx_word' id='word_1_241' title='bbox 260 1931 319 1986; x_wconf 85' lang='lat' dir='ltr'><strong>In</strong></span> <span class='ocrx_word' id='word_1_242' title='bbox 346 1932 451 1986; x_wconf 88' lang='lat' dir='ltr'><strong>alia</strong></span> <span class='ocrx_word' id='word_1_243' title='bbox 477 1931 722 1985; x_wconf 86' lang='lat' dir='ltr'><strong>chartula</strong></span> <span class='ocrx_word' id='word_1_244' title='bbox 749 1930 939 1999; x_wconf 91' lang='lat' dir='ltr'><strong>scripsi</strong></span> <span class='ocrx_word' id='word_1_245' title='bbox 964 1930 1030 1984; x_wconf 91' lang='lat' dir='ltr'><strong>de</strong></span> <span class='ocrx_word' id='word_1_246' title='bbox 1050 1929 1102 1983; x_wconf 86' lang='lat' dir='ltr'><strong>vi</strong></span> <span class='ocrx_word' id='word_1_247' title='bbox 1128 1929 1273 1991; x_wconf 90' lang='lat' dir='ltr'><strong>solis,</strong></span> <span class='ocrx_word' id='word_1_248' title='bbox 1298 1927 1584 1996; x_wconf 75' lang='lat' dir='ltr'><strong>inaequales</strong></span> <span class='ocrx_word' id='word_1_249' title='bbox 1597 1942 1720 1982; x_wconf 81' lang='lat' dir='ltr'><strong>eur-</strong></span> <span class='ocrx_word' id='word_1_250' title='bbox 1748 1923 1796 1984; x_wconf 87' lang='lat' dir='ltr'><strong>B</strong></span> <span class='ocrx_word' id='word_1_251' title='bbox 1822 1954 1940 1992; x_wconf 75' lang='lat' dir='ltr'><strong>mm</strong></span> <span class='ocrx_word' id='word_1_252' title='bbox 1974 1952 2231 2007; x_wconf 66' lang='lat' dir='ltr'><strong>compago</strong></span> <span class='ocrx_word' id='word_1_253' title='bbox 2256 1936 2492 2006; x_wconf 61' lang='lat' dir='ltr'><strong>gaudere</strong></span> <span class='ocrx_word' id='word_1_254' title='bbox 2514 1937 2671 1992; x_wconf 52' lang='lat' dir='ltr'><strong>debet</strong></span> <span class='ocrx_word' id='word_1_255' title='bbox 2695 1935 2762 1990; x_wconf 68' lang='grc' dir='ltr'><strong>«η</strong></span> 
     </span>
    </p>
   </div>
   <div class='ocr_carea' id='block_1_34' title="bbox 132 2018 1464 2089">
    <p class='ocr_par' dir='ltr' id='par_1_34' title="bbox 132 2018 1464 2089">
     <span class='ocr_line' id='line_1_34' title="bbox 132 2018 1464 2089; baseline -0.005 -13"><span class='ocrx_word' id='word_1_256' title='bbox 132 2038 230 2077; x_wconf 86' lang='lat' dir='ltr'><strong>sus</strong></span> <span class='ocrx_word' id='word_1_257' title='bbox 260 2021 566 2075; x_wconf 81' lang='lat' dir='ltr'><strong>errantibus</strong></span> <span class='ocrx_word' id='word_1_258' title='bbox 603 2019 771 2073; x_wconf 90' lang='lat' dir='ltr'><strong>stellis</strong></span> <span class='ocrx_word' id='word_1_259' title='bbox 796 2019 1059 2083; x_wconf 78' lang='lat' dir='ltr'><strong>facientis,</strong></span> <span class='ocrx_word' id='word_1_260' title='bbox 1090 2027 1149 2072; x_wconf 93' lang='lat' dir='ltr'><strong>ut</strong></span> <span class='ocrx_word' id='word_1_261' title='bbox 1169 2026 1325 2089; x_wconf 88' lang='lat' dir='ltr'><strong>poeta</strong></span> <span class='ocrx_word' id='word_1_262' title='bbox 1355 2018 1464 2077; x_wconf 86' lang='lat' dir='ltr'><strong>ait:</strong></span> 
     </span>
    </p>
   </div>
   <div class='ocr_carea' id='block_1_35' title="bbox 431 2150 1351 2222">
    <p class='ocr_par' dir='ltr' id='par_1_35' title="bbox 431 2150 1351 2222">
     <span class='ocr_line' id='line_1_35' title="bbox 431 2150 1351 2222; baseline 0.004 -15"><span class='ocrx_word' id='word_1_263' title='bbox 431 2194 445 2207; x_wconf 94' lang='lat'><strong>.</strong></span> <span class='ocrx_word' id='word_1_264' title='bbox 522 2153 615 2207; x_wconf 92' lang='lat' dir='ltr'><strong>Sol</strong></span> <span class='ocrx_word' id='word_1_265' title='bbox 644 2160 884 2222; x_wconf 89' lang='lat' dir='ltr'><strong>tempora</strong></span> <span class='ocrx_word' id='word_1_266' title='bbox 906 2150 1096 2205; x_wconf 78' lang='lat' dir='ltr'><strong>dividit</strong></span> <span class='ocrx_word' id='word_1_267' title='bbox 1123 2151 1271 2215; x_wconf 88' lang='lat' dir='ltr'><strong>anni,</strong></span> <span class='ocrx_word' id='word_1_268' title='bbox 1348 2208 1351 2211; x_wconf 44' lang='grc' dir='ltr'>η</span> 
     </span>
    </p>
   </div>
   <div class='ocr_carea' id='block_1_36' title="bbox 432 2240 1337 2311">
    <p class='ocr_par' dir='ltr' id='par_1_36' title="bbox 432 2240 1337 2311">
     <span class='ocr_line' id='line_1_36' title="bbox 432 2240 1337 2311; baseline -0.004 -14"><span class='ocrx_word' id='word_1_269' title='bbox 432 2284 447 2297; x_wconf 90' lang='grc'><strong>.</strong></span> <span class='ocrx_word' id='word_1_270' title='bbox 508 2244 693 2297; x_wconf 80' lang='lat' dir='ltr'><strong>Mutat</strong></span> <span class='ocrx_word' id='word_1_271' title='bbox 722 2250 1039 2311; x_wconf 85' lang='lat' dir='ltr'><strong>noctemque</strong></span> <span class='ocrx_word' id='word_1_272' title='bbox 1066 2240 1337 2309; x_wconf 84' lang='lat' dir='ltr'><strong>diemque,</strong></span> 
     </span>
    </p>
   </div>
   <div class='ocr_carea' id='block_1_37' title="bbox 428 2332 1330 2402">
    <p class='ocr_par' dir='ltr' id='par_1_37' title="bbox 428 2332 1330 2402">
     <span class='ocr_line' id='line_1_37' title="bbox 428 2332 1330 2402; baseline -0.009 -14"><span class='ocrx_word' id='word_1_273' title='bbox 428 2375 442 2388; x_wconf 91' lang='lat'><strong>.</strong></span> <span class='ocrx_word' id='word_1_274' title='bbox 518 2334 806 2402; x_wconf 80' lang='lat' dir='ltr'><strong>Radiisque</strong></span> <span class='ocrx_word' id='word_1_275' title='bbox 829 2332 1136 2402; x_wconf 87' lang='lat' dir='ltr'><strong>petentibus</strong></span> <span class='ocrx_word' id='word_1_276' title='bbox 1165 2337 1330 2390; x_wconf 88' lang='lat' dir='ltr'><strong>astra,</strong></span> 
     </span>
    </p>
   </div>
   <div class='ocr_carea' id='block_1_38' title="bbox 235 2420 1611 2497">
    <p class='ocr_par' dir='ltr' id='par_1_38' title="bbox 235 2420 1611 2497">
     <span class='ocr_line' id='line_1_38' title="bbox 235 2420 1611 2497; baseline -0.004 -17"><span class='ocrx_word' id='word_1_277' title='bbox 235 2428 354 2497; x_wconf 85' lang='lat' dir='ltr'><strong>Ipse</strong></span> <span class='ocrx_word' id='word_1_278' title='bbox 373 2434 540 2489; x_wconf 88' lang='lat' dir='ltr'><strong>vetat,</strong></span> <span class='ocrx_word' id='word_1_279' title='bbox 568 2438 864 2492; x_wconf 89' lang='lat' dir='ltr'><strong>cursusque</strong></span> <span class='ocrx_word' id='word_1_280' title='bbox 885 2436 1049 2492; x_wconf 84' lang='lat' dir='ltr'><strong>vagos</strong></span> <span class='ocrx_word' id='word_1_281' title='bbox 1083 2420 1315 2475; x_wconf 88' lang='lat' dir='ltr'><strong>statione</strong></span> <span class='ocrx_word' id='word_1_282' title='bbox 1350 2425 1611 2474; x_wconf 84' lang='lat' dir='ltr'><strong>moratur.</strong></span> 
     </span>
    </p>
   </div>
   <div class='ocr_carea' id='block_1_39' title="bbox 134 2548 1727 2631">
    <p class='ocr_par' dir='ltr' id='par_1_39' title="bbox 134 2548 1727 2631">
     <span class='ocr_line' id='line_1_39' title="bbox 134 2548 1727 2631; baseline -0.009 -15"><span class='ocrx_word' id='word_1_283' title='bbox 134 2548 300 2631; x_wconf 82' lang='lat' dir='ltr'><strong>Quod</strong></span> <span class='ocrx_word' id='word_1_284' title='bbox 335 2559 630 2628; x_wconf 74' lang='lat' dir='ltr'><strong>srrpissime</strong></span> <span class='ocrx_word' id='word_1_285' title='bbox 660 2558 945 2621; x_wconf 89' lang='lat' dir='ltr'><strong>Saturnus,</strong></span> <span class='ocrx_word' id='word_1_286' title='bbox 975 2555 1123 2611; x_wconf 81' lang='lat' dir='ltr'><strong>Jovis</strong></span> <span class='ocrx_word' id='word_1_287' title='bbox 1152 2564 1206 2609; x_wconf 89' lang='lat' dir='ltr'><strong>et</strong></span> <span class='ocrx_word' id='word_1_288' title='bbox 1244 2553 1385 2607; x_wconf 80' lang='lat' dir='ltr'><strong>Mars</strong></span> <span class='ocrx_word' id='word_1_289' title='bbox 1407 2550 1520 2621; x_wconf 92' lang='lat' dir='ltr'><strong>pati</strong></span> <span class='ocrx_word' id='word_1_290' title='bbox 1543 2549 1727 2604; x_wconf 87' lang='lat' dir='ltr'><strong>viden-</strong></span> 
     </span>
    </p>
   </div>
   <div class='ocr_carea' id='block_1_40' title="bbox 138 2641 1725 2715">
    <p class='ocr_par' dir='ltr' id='par_1_40' title="bbox 138 2641 1725 2715">
     <span class='ocr_line' id='line_1_40' title="bbox 138 2641 1725 2715; baseline -0.008 -9"><span class='ocrx_word' id='word_1_291' title='bbox 138 2662 258 2706; x_wconf 88' lang='lat' dir='ltr'><strong>tur.</strong></span> <span class='ocrx_word' id='word_1_292' title='bbox 284 2649 479 2703; x_wconf 76' lang='lat' dir='ltr'><strong>Vestra</strong></span> <span class='ocrx_word' id='word_1_293' title='bbox 517 2661 645 2701; x_wconf 88' lang='lat' dir='ltr'><strong>vero</strong></span> <span class='ocrx_word' id='word_1_294' title='bbox 673 2641 975 2701; x_wconf 79' lang='lat' dir='ltr'><strong>veneranda</strong></span> <span class='ocrx_word' id='word_1_295' title='bbox 1011 2647 1273 2715; x_wconf 85' lang='lat' dir='ltr'><strong>sapientia</strong></span> <span class='ocrx_word' id='word_1_296' title='bbox 1319 2652 1374 2699; x_wconf 89' lang='lat' dir='ltr'><strong>et</strong></span> <span class='ocrx_word' id='word_1_297' title='bbox 1418 2641 1725 2697; x_wconf 87' lang='lat' dir='ltr'><strong>acutissima</strong></span> 
     </span>
    </p>
   </div>
   <div class='ocr_carea' id='block_1_41' title="bbox 137 2731 1727 2802">
    <p class='ocr_par' dir='ltr' id='par_1_41' title="bbox 137 2731 1727 2802">
     <span class='ocr_line' id='line_1_41' title="bbox 137 2731 1727 2802; baseline -0.006 -7"><span class='ocrx_word' id='word_1_298' title='bbox 137 2738 377 2795; x_wconf 87' lang='lat' dir='ltr'><strong>scientia</strong></span> <span class='ocrx_word' id='word_1_299' title='bbox 408 2736 605 2799; x_wconf 88' lang='lat' dir='ltr'><strong>videat,</strong></span> <span class='ocrx_word' id='word_1_300' title='bbox 638 2735 723 2789; x_wconf 85' lang='lat' dir='ltr'><strong>vel</strong></span> <span class='ocrx_word' id='word_1_301' title='bbox 762 2735 817 2789; x_wconf 92' lang='lat' dir='ltr'><strong>ln</strong></span> <span class='ocrx_word' id='word_1_302' title='bbox 860 2736 983 2797; x_wconf 90' lang='lat' dir='ltr'><strong>hac,</strong></span> <span class='ocrx_word' id='word_1_303' title='bbox 1015 2735 1100 2790; x_wconf 86' lang='lat' dir='ltr'><strong>vel</strong></span> <span class='ocrx_word' id='word_1_304' title='bbox 1139 2736 1192 2788; x_wconf 87' lang='lat' dir='ltr'><strong>in</strong></span> <span class='ocrx_word' id='word_1_305' title='bbox 1224 2734 1332 2800; x_wconf 90' lang='lat' dir='ltr'><strong>illa,</strong></span> <span class='ocrx_word' id='word_1_306' title='bbox 1382 2734 1427 2788; x_wconf 90' lang='lat' dir='ltr'><strong>si</strong></span> <span class='ocrx_word' id='word_1_307' title='bbox 1470 2733 1599 2802; x_wconf 89' lang='lat' dir='ltr'><strong>quid</strong></span> <span class='ocrx_word' id='word_1_308' title='bbox 1643 2731 1727 2786; x_wconf 92' lang='lat' dir='ltr'><strong>di-</strong></span> 
     </span>
    </p>
   </div>
   <div class='ocr_carea' id='block_1_42' title="bbox 139 2822 1729 2902">
    <p class='ocr_par' dir='ltr' id='par_1_42' title="bbox 139 2822 1729 2902">
     <span class='ocr_line' id='line_1_42' title="bbox 139 2822 1729 2902; baseline -0.007 -17"><span class='ocrx_word' id='word_1_309' title='bbox 139 2845 314 2902; x_wconf 89' lang='lat' dir='ltr'><strong>gnum</strong></span> <span class='ocrx_word' id='word_1_310' title='bbox 356 2827 439 2882; x_wconf 88' lang='lat' dir='ltr'><strong>vel</strong></span> <span class='ocrx_word' id='word_1_311' title='bbox 473 2825 763 2881; x_wconf 89' lang='lat' dir='ltr'><strong>verisimile</strong></span> <span class='ocrx_word' id='word_1_312' title='bbox 807 2825 977 2879; x_wconf 90' lang='lat' dir='ltr'><strong>videri</strong></span> <span class='ocrx_word' id='word_1_313' title='bbox 1005 2824 1228 2889; x_wconf 89' lang='lat' dir='ltr'><strong>debeat;</strong></span> <span class='ocrx_word' id='word_1_314' title='bbox 1253 2840 1320 2878; x_wconf 91' lang='lat' dir='ltr'><strong>an</strong></span> <span class='ocrx_word' id='word_1_315' title='bbox 1349 2824 1491 2877; x_wconf 91' lang='lat' dir='ltr'><strong>aliud</strong></span> <span class='ocrx_word' id='word_1_316' title='bbox 1529 2822 1729 2891; x_wconf 87' lang='lat' dir='ltr'><strong>aliquid</strong></span> 
     </span>
    </p>
   </div>
   <div class='ocr_carea' id='block_1_43' title="bbox 138 2910 1730 2989">
    <p class='ocr_par' dir='ltr' id='par_1_43' title="bbox 138 2910 1730 2989">
     <span class='ocr_line' id='line_1_43' title="bbox 138 2910 1730 2989; baseline -0.006 -17"><span class='ocrx_word' id='word_1_317' title='bbox 138 2922 213 2976; x_wconf 85' lang='lat' dir='ltr'><strong>de</strong></span> <span class='ocrx_word' id='word_1_318' title='bbox 266 2918 430 2971; x_wconf 82' lang='lat' dir='ltr'><strong>tantis</strong></span> <span class='ocrx_word' id='word_1_319' title='bbox 470 2916 856 2989; x_wconf 67' lang='lat' dir='ltr'><strong>quaestionibus</strong></span> <span class='ocrx_word' id='word_1_320' title='bbox 902 2915 1225 2970; x_wconf 90' lang='lat' dir='ltr'><strong>credendum</strong></span> <span class='ocrx_word' id='word_1_321' title='bbox 1273 2914 1362 2968; x_wconf 90' lang='lat' dir='ltr'><strong>sit.</strong></span> <span class='ocrx_word' id='word_1_322' title='bbox 1414 2910 1730 2965; x_wconf 86' lang='lat' dir='ltr'><strong>Nullatenus</strong></span> 
     </span>
    </p>
   </div>
   <div class='ocr_carea' id='block_1_44' title="bbox 142 3000 1729 3079">
    <p class='ocr_par' dir='ltr' id='par_1_44' title="bbox 142 3000 1729 3079">
     <span class='ocr_line' id='line_1_44' title="bbox 142 3000 1729 3079; baseline -0.006 -16"><span class='ocrx_word' id='word_1_323' title='bbox 142 3015 372 3079; x_wconf 87' lang='lat' dir='ltr'><strong>propter</strong></span> <span class='ocrx_word' id='word_1_324' title='bbox 398 3007 754 3076; x_wconf 87' lang='lat' dir='ltr'><strong>ignorantiam</strong></span> <span class='ocrx_word' id='word_1_325' title='bbox 783 3022 879 3060; x_wconf 88' lang='lat' dir='ltr'><strong>vos</strong></span> <span class='ocrx_word' id='word_1_326' title='bbox 906 3007 1236 3075; x_wconf 87' lang='lat' dir='ltr'><strong>interrogare</strong></span> <span class='ocrx_word' id='word_1_327' title='bbox 1262 3002 1540 3059; x_wconf 75' lang='lat' dir='ltr'><strong>aestimavi.</strong></span> <span class='ocrx_word' id='word_1_328' title='bbox 1566 3000 1729 3066; x_wconf 87' lang='lat' dir='ltr'><strong>Quid—</strong></span> 
     </span>
    </p>
   </div>
   <div class='ocr_carea' id='block_1_45' title="bbox 1890 2026 3394 2100">
    <p class='ocr_par' dir='ltr' id='par_1_45' title="bbox 1890 2026 3394 2100">
     <span class='ocr_line' id='line_1_45' title="bbox 1890 2026 3394 2100; baseline -0.001 -18"><span class='ocrx_word' id='word_1_329' title='bbox 1890 2027 1996 2082; x_wconf 89' lang='lat' dir='ltr'><strong>Sed</strong></span> <span class='ocrx_word' id='word_1_330' title='bbox 2021 2035 2079 2082; x_wconf 94' lang='lat' dir='ltr'><strong>ut</strong></span> <span class='ocrx_word' id='word_1_331' title='bbox 2112 2028 2179 2081; x_wconf 92' lang='lat' dir='ltr'><strong>de</strong></span> <span class='ocrx_word' id='word_1_332' title='bbox 2205 2027 2592 2096; x_wconf 88' lang='lat' dir='ltr'><strong>pulverulentis</strong></span> <span class='ocrx_word' id='word_1_333' title='bbox 2619 2027 2925 2097; x_wconf 53' lang='lat' dir='ltr'><strong>Campaniae.</strong></span> <span class='ocrx_word' id='word_1_334' title='bbox 2952 2027 3120 2100; x_wconf 88' lang='lat' dir='ltr'><strong>glebis</strong></span> <span class='ocrx_word' id='word_1_335' title='bbox 3141 2027 3208 2082; x_wconf 87' lang='lat' dir='ltr'><strong>ad</strong></span> <span class='ocrx_word' id='word_1_336' title='bbox 3234 2026 3394 2081; x_wconf 69' lang='lat' dir='ltr'><strong>etule-</strong></span> 
     </span>
    </p>
   </div>
   <div class='ocr_carea' id='block_1_46' title="bbox 1820 2116 3397 2195">
    <p class='ocr_par' dir='ltr' id='par_1_46' title="bbox 1820 2116 3397 2195">
     <span class='ocr_line' id='line_1_46' title="bbox 1820 2116 3397 2195; baseline -0.001 -22"><span class='ocrx_word' id='word_1_337' title='bbox 1820 2118 1918 2173; x_wconf 92' lang='lat' dir='ltr'><strong>stis</strong></span> <span class='ocrx_word' id='word_1_338' title='bbox 1944 2118 2193 2195; x_wconf 79' lang='lat' dir='ltr'><strong>culminis</strong></span> <span class='ocrx_word' id='word_1_339' title='bbox 2228 2119 2619 2173; x_wconf 87' lang='lat' dir='ltr'><strong>nobilissimam</strong></span> <span class='ocrx_word' id='word_1_340' title='bbox 2650 2119 3122 2187; x_wconf 87' lang='lat' dir='ltr'><strong>acutissimamque</strong></span> <span class='ocrx_word' id='word_1_341' title='bbox 3151 2116 3397 2172; x_wconf 89' lang='lat' dir='ltr'><strong>conside-</strong></span> 
     </span>
    </p>
   </div>
   <div class='ocr_carea' id='block_1_47' title="bbox 1823 2208 3397 2264">
    <p class='ocr_par' dir='ltr' id='par_1_47' title="bbox 1823 2208 3397 2264">
     <span class='ocr_line' id='line_1_47' title="bbox 1823 2208 3397 2264; baseline -0.003 0"><span class='ocrx_word' id='word_1_342' title='bbox 1823 2210 2083 2264; x_wconf 88' lang='lat' dir='ltr'><strong>rationem</strong></span> <span class='ocrx_word' id='word_1_343' title='bbox 2113 2224 2200 2264; x_wconf 92' lang='lat' dir='ltr'><strong>me</strong></span> <span class='ocrx_word' id='word_1_344' title='bbox 2242 2208 2421 2263; x_wconf 90' lang='lat' dir='ltr'><strong>subito</strong></span> <span class='ocrx_word' id='word_1_345' title='bbox 2468 2209 2811 2262; x_wconf 89' lang='lat' dir='ltr'><strong>transtuleris</strong></span> <span class='ocrx_word' id='word_1_346' title='bbox 2841 2225 2855 2260; x_wconf 90' lang='lat'><strong>:</strong></span> <span class='ocrx_word' id='word_1_347' title='bbox 2892 2208 3067 2262; x_wconf 83' lang='lat' dir='ltr'><strong>denuo</strong></span> <span class='ocrx_word' id='word_1_348' title='bbox 3104 2208 3159 2261; x_wconf 93' lang='lat' dir='ltr'><strong>in</strong></span> <span class='ocrx_word' id='word_1_349' title='bbox 3199 2220 3397 2261; x_wconf 91' lang='lat' dir='ltr'><strong>arcano</strong></span> 
     </span>
    </p>
   </div>
   <div class='ocr_carea' id='block_1_48' title="bbox 1825 2296 3399 2369">
    <p class='ocr_par' dir='ltr' id='par_1_48' title="bbox 1825 2296 3399 2369">
     <span class='ocr_line' id='line_1_48' title="bbox 1825 2296 3399 2369; baseline -0.001 -16"><span class='ocrx_word' id='word_1_350' title='bbox 1825 2299 2054 2369; x_wconf 88' lang='lat' dir='ltr'><strong>pectoris</strong></span> <span class='ocrx_word' id='word_1_351' title='bbox 2080 2298 2186 2353; x_wconf 91' lang='lat' dir='ltr'><strong>mei</strong></span> <span class='ocrx_word' id='word_1_352' title='bbox 2211 2297 2580 2369; x_wconf 80' lang='lat' dir='ltr'><strong>Pythagorica:</strong></span> <span class='ocrx_word' id='word_1_353' title='bbox 2605 2298 2900 2367; x_wconf 69' lang='lat' dir='ltr'><strong>disciplinae</strong></span> <span class='ocrx_word' id='word_1_354' title='bbox 2924 2297 3225 2355; x_wconf 85' lang='lat' dir='ltr'><strong>scientiam.</strong></span> <span class='ocrx_word' id='word_1_355' title='bbox 3257 2296 3399 2351; x_wconf 86' lang='lat' dir='ltr'><strong>unde</strong></span> 
     </span>
    </p>
   </div>
   <div class='ocr_carea' id='block_1_49' title="bbox 1824 2384 3400 2453">
    <p class='ocr_par' dir='ltr' id='par_1_49' title="bbox 1824 2384 3400 2453">
     <span class='ocr_line' id='line_1_49' title="bbox 1824 2384 3400 2453; baseline -0.006 -6"><span class='ocrx_word' id='word_1_356' title='bbox 1824 2391 2051 2447; x_wconf 90' lang='lat' dir='ltr'><strong>necdum</strong></span> <span class='ocrx_word' id='word_1_357' title='bbox 2073 2388 2336 2453; x_wconf 87' lang='lat' dir='ltr'><strong>discessit,</strong></span> <span class='ocrx_word' id='word_1_358' title='bbox 2360 2403 2619 2443; x_wconf 88' lang='lat' dir='ltr'><strong>renovare</strong></span> <span class='ocrx_word' id='word_1_359' title='bbox 2644 2386 2854 2451; x_wconf 88' lang='lat' dir='ltr'><strong>niteris,</strong></span> <span class='ocrx_word' id='word_1_360' title='bbox 2877 2388 3003 2440; x_wconf 90' lang='lat' dir='ltr'><strong>dum</strong></span> <span class='ocrx_word' id='word_1_361' title='bbox 3032 2398 3118 2439; x_wconf 89' lang='lat' dir='ltr'><strong>me</strong></span> <span class='ocrx_word' id='word_1_362' title='bbox 3139 2385 3192 2439; x_wconf 89' lang='lat' dir='ltr'><strong>in</strong></span> <span class='ocrx_word' id='word_1_363' title='bbox 3221 2384 3400 2452; x_wconf 85' lang='lat' dir='ltr'><strong>hujus-</strong></span> 
     </span>
    </p>
   </div>
   <div class='ocr_carea' id='block_1_50' title="bbox 1824 2460 3397 2541">
    <p class='ocr_par' dir='ltr' id='par_1_50' title="bbox 1824 2460 3397 2541">
     <span class='ocr_line' id='line_1_50' title="bbox 1824 2460 3397 2541; baseline -0.004 -9"><span class='ocrx_word' id='word_1_364' title='bbox 1824 2478 1967 2532; x_wconf 88' lang='lat' dir='ltr'><strong>modi</strong></span> <span class='ocrx_word' id='word_1_365' title='bbox 1995 2460 2337 2535; x_wconf 73' lang='lat' dir='ltr'><strong>honestarum</strong></span> <span class='ocrx_word' id='word_1_366' title='bbox 2359 2478 2556 2532; x_wconf 89' lang='lat' dir='ltr'><strong>artium</strong></span> <span class='ocrx_word' id='word_1_367' title='bbox 2585 2474 3100 2532; x_wconf 89' lang='lat' dir='ltr'><strong>considerationibus</strong></span> <span class='ocrx_word' id='word_1_368' title='bbox 3122 2487 3397 2541; x_wconf 87' lang='lat' dir='ltr'><strong>nunquam</strong></span> 
     </span>
    </p>
   </div>
   <div class='ocr_carea' id='block_1_51' title="bbox 1824 2561 3401 2635">
    <p class='ocr_par' dir='ltr' id='par_1_51' title="bbox 1824 2561 3401 2635">
     <span class='ocr_line' id='line_1_51' title="bbox 1824 2561 3401 2635; baseline -0.004 -15"><span class='ocrx_word' id='word_1_369' title='bbox 1824 2565 2081 2632; x_wconf 88' lang='lat' dir='ltr'><strong>desidem,</strong></span> <span class='ocrx_word' id='word_1_370' title='bbox 2112 2568 2355 2635; x_wconf 85' lang='lat' dir='ltr'><strong>quamvis</strong></span> <span class='ocrx_word' id='word_1_371' title='bbox 2385 2567 2563 2622; x_wconf 92' lang='lat' dir='ltr'><strong>minus</strong></span> <span class='ocrx_word' id='word_1_372' title='bbox 2592 2566 2830 2630; x_wconf 90' lang='lat' dir='ltr'><strong>doctum,</strong></span> <span class='ocrx_word' id='word_1_373' title='bbox 2854 2564 3153 2619; x_wconf 82' lang='lat' dir='ltr'><strong>invenistis.</strong></span> <span class='ocrx_word' id='word_1_374' title='bbox 3187 2561 3295 2617; x_wconf 83' lang='lat' dir='ltr'><strong>Nec</strong></span> <span class='ocrx_word' id='word_1_375' title='bbox 3323 2561 3401 2615; x_wconf 86' lang='lat' dir='ltr'><strong>fa-</strong></span> 
     </span>
    </p>
   </div>
   <div class='ocr_carea' id='block_1_52' title="bbox 1826 2655 3403 2728">
    <p class='ocr_par' dir='ltr' id='par_1_52' title="bbox 1826 2655 3403 2728">
     <span class='ocr_line' id='line_1_52' title="bbox 1826 2655 3403 2728; baseline -0.004 -14"><span class='ocrx_word' id='word_1_376' title='bbox 1826 2660 2045 2715; x_wconf 88' lang='lat' dir='ltr'><strong>stidiosa</strong></span> <span class='ocrx_word' id='word_1_377' title='bbox 2090 2659 2343 2728; x_wconf 82' lang='lat' dir='ltr'><strong>segnities</strong></span> <span class='ocrx_word' id='word_1_378' title='bbox 2387 2659 2698 2728; x_wconf 87' lang='lat' dir='ltr'><strong>legentium,</strong></span> <span class='ocrx_word' id='word_1_379' title='bbox 2736 2658 3118 2714; x_wconf 66' lang='lat' dir='ltr'><strong>benevolentia:</strong></span> <span class='ocrx_word' id='word_1_380' title='bbox 3162 2655 3403 2724; x_wconf 86' lang='lat' dir='ltr'><strong>magistri</strong></span> 
     </span>
    </p>
   </div>
   <div class='ocr_carea' id='block_1_53' title="bbox 1822 2748 3406 2820">
    <p class='ocr_par' dir='ltr' id='par_1_53' title="bbox 1822 2748 3406 2820">
     <span class='ocr_line' id='line_1_53' title="bbox 1822 2748 3406 2820; baseline -0.004 -15"><span class='ocrx_word' id='word_1_381' title='bbox 1822 2751 1966 2820; x_wconf 87' lang='lat' dir='ltr'><strong>juste</strong></span> <span class='ocrx_word' id='word_1_382' title='bbox 2017 2750 2259 2818; x_wconf 82' lang='lat' dir='ltr'><strong>deputari</strong></span> <span class='ocrx_word' id='word_1_383' title='bbox 2298 2748 2477 2812; x_wconf 73' lang='lat' dir='ltr'><strong>debet,</strong></span> <span class='ocrx_word' id='word_1_384' title='bbox 2526 2750 2571 2803; x_wconf 89' lang='lat' dir='ltr'><strong>si</strong></span> <span class='ocrx_word' id='word_1_385' title='bbox 2622 2748 2867 2819; x_wconf 79' lang='lat' dir='ltr'><strong>plurimis</strong></span> <span class='ocrx_word' id='word_1_386' title='bbox 2908 2748 3167 2817; x_wconf 83' lang='lat' dir='ltr'><strong>inclytum</strong></span> <span class='ocrx_word' id='word_1_387' title='bbox 3216 2754 3406 2800; x_wconf 61' lang='lat' dir='ltr'><strong>vesti-tu</strong></span> 
     </span>
    </p>
   </div>
   <div class='ocr_carea' id='block_1_54' title="bbox 1829 2836 3406 2915">
    <p class='ocr_par' dir='ltr' id='par_1_54' title="bbox 1829 2836 3406 2915">
     <span class='ocr_line' id='line_1_54' title="bbox 1829 2836 3406 2915; baseline -0.003 -22"><span class='ocrx_word' id='word_1_388' title='bbox 1829 2840 2140 2894; x_wconf 86' lang='lat' dir='ltr'><strong>intentionis</strong></span> <span class='ocrx_word' id='word_1_389' title='bbox 2164 2839 2399 2905; x_wconf 82' lang='lat' dir='ltr'><strong>studium</strong></span> <span class='ocrx_word' id='word_1_390' title='bbox 2426 2839 2796 2915; x_wconf 83' lang='lat' dir='ltr'><strong>sequentibus,</strong></span> <span class='ocrx_word' id='word_1_391' title='bbox 2819 2836 2998 2892; x_wconf 80' lang='lat' dir='ltr'><strong>forsan</strong></span> <span class='ocrx_word' id='word_1_392' title='bbox 3021 2836 3247 2890; x_wconf 71' lang='lat' dir='ltr'><strong>Athena:</strong></span> <span class='ocrx_word' id='word_1_393' title='bbox 3270 2850 3406 2889; x_wconf 88' lang='lat' dir='ltr'><strong>nova</strong></span> 
     </span>
    </p>
   </div>
   <div class='ocr_carea' id='block_1_55' title="bbox 1827 2926 3409 3000">
    <p class='ocr_par' dir='ltr' id='par_1_55' title="bbox 1827 2926 3409 3000">
     <span class='ocr_line' id='line_1_55' title="bbox 1827 2926 3409 3000; baseline -0.002 -18"><span class='ocrx_word' id='word_1_394' title='bbox 1827 2928 2178 3000; x_wconf 83' lang='lat' dir='ltr'><strong>perficeretur</strong></span> <span class='ocrx_word' id='word_1_395' title='bbox 2208 2929 2261 2982; x_wconf 89' lang='lat' dir='ltr'><strong>in</strong></span> <span class='ocrx_word' id='word_1_396' title='bbox 2286 2927 2537 2990; x_wconf 86' lang='lat' dir='ltr'><strong>Francia,</strong></span> <span class='ocrx_word' id='word_1_397' title='bbox 2564 2927 2671 2980; x_wconf 90' lang='lat' dir='ltr'><strong>imo</strong></span> <span class='ocrx_word' id='word_1_398' title='bbox 2692 2926 2862 2981; x_wconf 89' lang='lat' dir='ltr'><strong>multo</strong></span> <span class='ocrx_word' id='word_1_399' title='bbox 2891 2926 3256 2990; x_wconf 78' lang='lat' dir='ltr'><strong>excellentior,</strong></span> <span class='ocrx_word' id='word_1_400' title='bbox 3282 2927 3409 2995; x_wconf 88' lang='lat' dir='ltr'><strong>quia</strong></span> 
     </span>
    </p>
   </div>
   <div class='ocr_carea' id='block_1_56' title="bbox 1829 3008 3409 3084">
    <p class='ocr_par' dir='ltr' id='par_1_56' title="bbox 1829 3008 3409 3084">
     <span class='ocr_line' id='line_1_56' title="bbox 1829 3008 3409 3084; baseline -0.002 -14"><span class='ocrx_word' id='word_1_401' title='bbox 1829 3017 1944 3072; x_wconf 62' lang='lat' dir='ltr'><strong>haec</strong></span> <span class='ocrx_word' id='word_1_402' title='bbox 1974 3015 2175 3071; x_wconf 86' lang='lat' dir='ltr'><strong>Christi</strong></span> <span class='ocrx_word' id='word_1_403' title='bbox 2224 3014 2435 3069; x_wconf 85' lang='lat' dir='ltr'><strong>Domini</strong></span> <span class='ocrx_word' id='word_1_404' title='bbox 2473 3014 2750 3069; x_wconf 88' lang='lat' dir='ltr'><strong>nobilitata</strong></span> <span class='ocrx_word' id='word_1_405' title='bbox 2797 3013 3138 3084; x_wconf 82' lang='lat' dir='ltr'><strong>magisterio,</strong></span> <span class='ocrx_word' id='word_1_406' title='bbox 3192 3008 3409 3069; x_wconf 80' lang='lat' dir='ltr'><strong>omnem</strong></span> 
     </span>
    </p>
   </div>
   <div class='ocr_carea' id='block_1_57' title="bbox 144 3081 1882 3172">
    <p class='ocr_par' dir='ltr' id='par_1_57' title="bbox 144 3081 1882 3169">
     <span class='ocr_line' id='line_1_57' title="bbox 144 3081 1882 3169; baseline -0.006 -16"><span class='ocrx_word' id='word_1_407' title='bbox 144 3088 283 3169; x_wconf 87' lang='lat' dir='ltr'><strong>quid</strong></span> <span class='ocrx_word' id='word_1_408' title='bbox 321 3097 446 3152; x_wconf 91' lang='lat' dir='ltr'><strong>inde</strong></span> <span class='ocrx_word' id='word_1_409' title='bbox 492 3095 755 3159; x_wconf 88' lang='lat' dir='ltr'><strong>sentiatis,</strong></span> <span class='ocrx_word' id='word_1_410' title='bbox 799 3096 1023 3149; x_wconf 89' lang='lat' dir='ltr'><strong>obsecro</strong></span> <span class='ocrx_word' id='word_1_411' title='bbox 1071 3103 1130 3149; x_wconf 91' lang='lat' dir='ltr'><strong>ut</strong></span> <span class='ocrx_word' id='word_1_412' title='bbox 1181 3081 1735 3165; x_wconf 41' lang='lat' dir='ltr'><strong>benigna&#39;voluntate</strong></span> <span class='ocrx_word' id='word_1_413' title='bbox 1830 3106 1882 3161; x_wconf 74' lang='grc' dir='ltr'><strong>Α,</strong></span> 
     </span>
    </p>
   </div>
   <div class='ocr_carea' id='block_1_58' title="bbox 1671 3081 3409 3172">
    <p class='ocr_par' dir='ltr' id='par_1_58' title="bbox 1671 3081 3409 3172">
     <span class='ocr_line' id='line_1_58' title="bbox 1671 3081 3409 3172; baseline -0.005 -10"><span class='ocrx_word' id='word_1_414' title='bbox 1671 3099 1735 3144; x_wconf 54' lang='lat' dir='ltr'><strong>lie</strong></span> <span class='ocrx_word' id='word_1_415' title='bbox 1830 3106 2165 3163; x_wconf 68' lang='lat' dir='ltr'><strong>Academicus</strong></span> <span class='ocrx_word' id='word_1_416' title='bbox 2209 3104 2613 3163; x_wconf 75' lang='lat' dir='ltr'><strong>exercitationis</strong></span> <span class='ocrx_word' id='word_1_417' title='bbox 2663 3081 3267 3172; x_wconf 39' lang='lat' dir='ltr'><strong>superat&#39;sapientiam.</strong></span> <span class='ocrx_word' id='word_1_418' title='bbox 3316 3102 3409 3155; x_wconf 87' lang='lat' dir='ltr'><strong>illa</strong></span> 
     </span>
    </p>
   </div>
   <div class='ocr_carea' id='block_1_59' title="bbox 144 3184 3413 3264">
    <p class='ocr_par' dir='ltr' id='par_1_59' title="bbox 144 3184 3413 3264">
     <span class='ocr_line' id='line_1_59' title="bbox 144 3184 3413 3264; baseline -0.004 -19"><span class='ocrx_word' id='word_1_419' title='bbox 144 3189 309 3245; x_wconf 86' lang='lat' dir='ltr'><strong>nobis</strong></span> <span class='ocrx_word' id='word_1_420' title='bbox 352 3188 687 3242; x_wconf 84' lang='lat' dir='ltr'><strong>innotescere</strong></span> <span class='ocrx_word' id='word_1_421' title='bbox 714 3200 820 3239; x_wconf 91' lang='lat' dir='ltr'><strong>non</strong></span> <span class='ocrx_word' id='word_1_422' title='bbox 843 3185 1222 3255; x_wconf 86' lang='lat' dir='ltr'><strong>dedignemini.</strong></span> <span class='ocrx_word' id='word_1_423' title='bbox 1254 3184 1369 3237; x_wconf 80' lang='lat' dir='ltr'><strong>Non</strong></span> <span class='ocrx_word' id='word_1_424' title='bbox 1393 3198 1510 3237; x_wconf 91' lang='lat' dir='ltr'><strong>sum</strong></span> <span class='ocrx_word' id='word_1_425' title='bbox 1534 3184 1733 3236; x_wconf 89' lang='lat' dir='ltr'><strong>nimius</strong></span> <span class='ocrx_word' id='word_1_426' title='bbox 1762 3242 1804 3264; x_wconf 43' lang='grc' dir='ltr'><em>Α</em></span> <span class='ocrx_word' id='word_1_427' title='bbox 1835 3198 2206 3255; x_wconf 43' lang='lat' dir='ltr'><strong>tantummodo</strong></span> <span class='ocrx_word' id='word_1_428' title='bbox 2246 3196 2538 3255; x_wconf 51' lang='lat' dir='ltr'><strong>piam-dcis</strong></span> <span class='ocrx_word' id='word_1_429' title='bbox 2580 3196 2788 3250; x_wconf 55' lang='lat' dir='ltr'><strong>erudita</strong></span> <span class='ocrx_word' id='word_1_430' title='bbox 2824 3194 3136 3264; x_wconf 55' lang='lat' dir='ltr'><strong>discipnnis,</strong></span> <span class='ocrx_word' id='word_1_431' title='bbox 3176 3194 3413 3263; x_wconf 65' lang='grc' dir='ltr'><strong>ερριρηίε</strong></span> 
     </span>
    </p>
   </div>
   <div class='ocr_carea' id='block_1_60' title="bbox 142 3273 1733 3339">
    <p class='ocr_par' dir='ltr' id='par_1_60' title="bbox 142 3273 1733 3339">
     <span class='ocr_line' id='line_1_60' title="bbox 142 3273 1733 3339; baseline -0.006 -5"><span class='ocrx_word' id='word_1_432' title='bbox 142 3294 287 3334; x_wconf 76' lang='lat' dir='ltr'><strong>mea:</strong></span> <span class='ocrx_word' id='word_1_433' title='bbox 308 3275 586 3332; x_wconf 72' lang='lat' dir='ltr'><strong>sententia:</strong></span> <span class='ocrx_word' id='word_1_434' title='bbox 614 3273 885 3339; x_wconf 88' lang='lat' dir='ltr'><strong>defensor,</strong></span> <span class='ocrx_word' id='word_1_435' title='bbox 915 3273 1004 3329; x_wconf 90' lang='lat' dir='ltr'><strong>sed</strong></span> <span class='ocrx_word' id='word_1_436' title='bbox 1035 3274 1259 3329; x_wconf 86' lang='lat' dir='ltr'><strong>devotus</strong></span> <span class='ocrx_word' id='word_1_437' title='bbox 1287 3273 1530 3331; x_wconf 83' lang='lat' dir='ltr'><strong>veritatis</strong></span> <span class='ocrx_word' id='word_1_438' title='bbox 1560 3281 1733 3325; x_wconf 80' lang='lat' dir='ltr'><strong>secta-</strong></span> 
     </span>
    </p>
   </div>
   <div class='ocr_carea' id='block_1_61' title="bbox 144 3358 1733 3433">
    <p class='ocr_par' dir='ltr' id='par_1_61' title="bbox 144 3358 1733 3433">
     <span class='ocr_line' id='line_1_61' title="bbox 144 3358 1733 3433; baseline -0.006 -13"><span class='ocrx_word' id='word_1_439' title='bbox 144 3378 256 3423; x_wconf 89' lang='lat' dir='ltr'><strong>tor.</strong></span> <span class='ocrx_word' id='word_1_440' title='bbox 286 3358 417 3422; x_wconf 66' lang='lat' dir='ltr'><strong>Haec</strong></span> <span class='ocrx_word' id='word_1_441' title='bbox 443 3380 572 3420; x_wconf 86' lang='lat' dir='ltr'><strong>vero</strong></span> <span class='ocrx_word' id='word_1_442' title='bbox 600 3362 841 3432; x_wconf 85' lang='lat' dir='ltr'><strong>subjecta</strong></span> <span class='ocrx_word' id='word_1_443' title='bbox 872 3363 1042 3433; x_wconf 79' lang='lat' dir='ltr'><strong>ﬁgura</strong></span> <span class='ocrx_word' id='word_1_444' title='bbox 1083 3363 1133 3417; x_wconf 91' lang='lat' dir='ltr'><strong>in</strong></span> <span class='ocrx_word' id='word_1_445' title='bbox 1164 3362 1339 3433; x_wconf 91' lang='lat' dir='ltr'><strong>primo</strong></span> <span class='ocrx_word' id='word_1_446' title='bbox 1379 3375 1536 3414; x_wconf 88' lang='lat' dir='ltr'><strong>versu</strong></span> <span class='ocrx_word' id='word_1_447' title='bbox 1569 3359 1733 3413; x_wconf 85' lang='lat' dir='ltr'><strong>habet</strong></span> 
     </span>
    </p>
   </div>
   <div class='ocr_carea' id='block_1_62' title="bbox 146 3454 1733 3527">
    <p class='ocr_par' dir='ltr' id='par_1_62' title="bbox 146 3454 1733 3527">
     <span class='ocr_line' id='line_1_62' title="bbox 146 3454 1733 3527; baseline -0.005 -11"><span class='ocrx_word' id='word_1_448' title='bbox 146 3464 335 3521; x_wconf 89' lang='lat' dir='ltr'><strong>horas,</strong></span> <span class='ocrx_word' id='word_1_449' title='bbox 365 3459 418 3512; x_wconf 91' lang='lat' dir='ltr'><strong>in</strong></span> <span class='ocrx_word' id='word_1_450' title='bbox 442 3459 637 3527; x_wconf 91' lang='lat' dir='ltr'><strong>quibus</strong></span> <span class='ocrx_word' id='word_1_451' title='bbox 665 3457 821 3525; x_wconf 76' lang='lat'><strong>102</strong></span> <span class='ocrx_word' id='word_1_452' title='bbox 854 3456 1002 3525; x_wconf 83' lang='lat' dir='ltr'><strong>signa</strong></span> <span class='ocrx_word' id='word_1_453' title='bbox 1025 3456 1232 3527; x_wconf 89' lang='lat' dir='ltr'><strong>singula</strong></span> <span class='ocrx_word' id='word_1_454' title='bbox 1253 3455 1520 3519; x_wconf 90' lang='lat' dir='ltr'><strong>oriuntur,</strong></span> <span class='ocrx_word' id='word_1_455' title='bbox 1544 3454 1625 3508; x_wconf 82' lang='lat' dir='ltr'><strong>vel</strong></span> <span class='ocrx_word' id='word_1_456' title='bbox 1648 3468 1733 3508; x_wconf 90' lang='lat' dir='ltr'><strong>oc-</strong></span> 
     </span>
    </p>
   </div>
   <div class='ocr_carea' id='block_1_63' title="bbox 145 3544 1736 3613">
    <p class='ocr_par' dir='ltr' id='par_1_63' title="bbox 145 3544 1736 3613">
     <span class='ocr_line' id='line_1_63' title="bbox 145 3544 1736 3613; baseline -0.006 -10"><span class='ocrx_word' id='word_1_457' title='bbox 145 3549 361 3612; x_wconf 87' lang='lat' dir='ltr'><strong>cidunt,</strong></span> <span class='ocrx_word' id='word_1_458' title='bbox 394 3545 476 3599; x_wconf 89' lang='lat' dir='ltr'><strong>vel</strong></span> <span class='ocrx_word' id='word_1_459' title='bbox 498 3545 564 3598; x_wconf 87' lang='lat' dir='ltr'><strong>de</strong></span> <span class='ocrx_word' id='word_1_460' title='bbox 584 3544 702 3598; x_wconf 91' lang='lat' dir='ltr'><strong>loco</strong></span> <span class='ocrx_word' id='word_1_461' title='bbox 737 3552 1037 3597; x_wconf 86' lang='lat' dir='ltr'><strong>moventur.</strong></span> <span class='ocrx_word' id='word_1_462' title='bbox 1068 3544 1124 3597; x_wconf 86' lang='lat' dir='ltr'><strong>in</strong></span> <span class='ocrx_word' id='word_1_463' title='bbox 1152 3544 1386 3599; x_wconf 90' lang='lat' dir='ltr'><strong>secundo</strong></span> <span class='ocrx_word' id='word_1_464' title='bbox 1417 3544 1576 3611; x_wconf 83' lang='lat' dir='ltr'><strong>habet</strong></span> <span class='ocrx_word' id='word_1_465' title='bbox 1601 3559 1736 3613; x_wconf 88' lang='lat' dir='ltr'><strong>pun—</strong></span> 
     </span>
    </p>
   </div>
   <div class='ocr_carea' id='block_1_64' title="bbox 147 3630 1734 3703">
    <p class='ocr_par' dir='ltr' id='par_1_64' title="bbox 147 3630 1734 3703">
     <span class='ocr_line' id='line_1_64' title="bbox 147 3630 1734 3703; baseline -0.003 -13"><span class='ocrx_word' id='word_1_466' title='bbox 147 3645 272 3690; x_wconf 89' lang='lat' dir='ltr'><strong>ctos</strong></span> <span class='ocrx_word' id='word_1_467' title='bbox 308 3635 361 3688; x_wconf 93' lang='lat' dir='ltr'><strong>in</strong></span> <span class='ocrx_word' id='word_1_468' title='bbox 408 3632 635 3703; x_wconf 89' lang='lat' dir='ltr'><strong>singulis</strong></span> <span class='ocrx_word' id='word_1_469' title='bbox 679 3631 847 3700; x_wconf 87' lang='lat' dir='ltr'><strong>signis</strong></span> <span class='ocrx_word' id='word_1_470' title='bbox 892 3630 1095 3685; x_wconf 88' lang='lat' dir='ltr'><strong>decem.</strong></span> <span class='ocrx_word' id='word_1_471' title='bbox 1136 3632 1352 3687; x_wconf 85' lang='lat' dir='ltr'><strong>Tertius</strong></span> <span class='ocrx_word' id='word_1_472' title='bbox 1378 3640 1558 3700; x_wconf 89' lang='lat' dir='ltr'><strong>partes</strong></span> <span class='ocrx_word' id='word_1_473' title='bbox 1585 3646 1734 3687; x_wconf 86' lang='lat' dir='ltr'><strong>eom-</strong></span> 
     </span>
    </p>
   </div>
   <div class='ocr_carea' id='block_1_65' title="bbox 149 3721 1735 3797">
    <p class='ocr_par' dir='ltr' id='par_1_65' title="bbox 149 3721 1735 3797">
     <span class='ocr_line' id='line_1_65' title="bbox 149 3721 1735 3797; baseline -0.004 -17"><span class='ocrx_word' id='word_1_474' title='bbox 149 3732 349 3797; x_wconf 90' lang='lat' dir='ltr'><strong>putat,</strong></span> <span class='ocrx_word' id='word_1_475' title='bbox 388 3731 521 3794; x_wconf 90' lang='lat' dir='ltr'><strong>quot</strong></span> <span class='ocrx_word' id='word_1_476' title='bbox 571 3723 805 3777; x_wconf 81' lang='lat' dir='ltr'><strong>habeant</strong></span> <span class='ocrx_word' id='word_1_477' title='bbox 853 3722 1059 3792; x_wconf 83' lang='lat' dir='ltr'><strong>singula</strong></span> <span class='ocrx_word' id='word_1_478' title='bbox 1104 3723 1277 3793; x_wconf 88' lang='lat' dir='ltr'><strong>signa.</strong></span> <span class='ocrx_word' id='word_1_479' title='bbox 1323 3723 1573 3789; x_wconf 87' lang='lat' dir='ltr'><strong>Quartus,</strong></span> <span class='ocrx_word' id='word_1_480' title='bbox 1621 3721 1735 3775; x_wconf 91' lang='lat' dir='ltr'><strong>dies</strong></span> 
     </span>
    </p>
   </div>
   <div class='ocr_carea' id='block_1_66' title="bbox 148 3810 1730 3886">
    <p class='ocr_par' dir='ltr' id='par_1_66' title="bbox 148 3810 1730 3886">
     <span class='ocr_line' id='line_1_66' title="bbox 148 3810 1730 3886; baseline -0.006 -15"><span class='ocrx_word' id='word_1_481' title='bbox 148 3816 353 3886; x_wconf 67' lang='lat' dir='ltr'><strong>quibus</strong></span> <span class='ocrx_word' id='word_1_482' title='bbox 375 3822 620 3868; x_wconf 90' lang='lat' dir='ltr'><strong>moratur</strong></span> <span class='ocrx_word' id='word_1_483' title='bbox 660 3812 784 3868; x_wconf 90' lang='lat' dir='ltr'><strong>luna</strong></span> <span class='ocrx_word' id='word_1_484' title='bbox 809 3812 863 3866; x_wconf 88' lang='lat' dir='ltr'><strong>in</strong></span> <span class='ocrx_word' id='word_1_485' title='bbox 903 3826 1224 3880; x_wconf 85' lang='lat' dir='ltr'><strong>unoquoque</strong></span> <span class='ocrx_word' id='word_1_486' title='bbox 1264 3812 1434 3881; x_wconf 90' lang='lat' dir='ltr'><strong>signo.</strong></span> <span class='ocrx_word' id='word_1_487' title='bbox 1483 3810 1730 3875; x_wconf 87' lang='lat' dir='ltr'><strong>Quintus,</strong></span> 
     </span>
    </p>
   </div>
   <div class='ocr_carea' id='block_1_67' title="bbox 150 3900 1731 3973">
    <p class='ocr_par' dir='ltr' id='par_1_67' title="bbox 150 3900 1731 3973">
     <span class='ocr_line' id='line_1_67' title="bbox 150 3900 1731 3973; baseline -0.004 -14"><span class='ocrx_word' id='word_1_488' title='bbox 150 3907 321 3961; x_wconf 87' lang='lat' dir='ltr'><strong>horas</strong></span> <span class='ocrx_word' id='word_1_489' title='bbox 352 3919 472 3973; x_wconf 63' lang='lat' dir='ltr'><strong>quae</strong></span> <span class='ocrx_word' id='word_1_490' title='bbox 500 3901 825 3971; x_wconf 84' lang='lat' dir='ltr'><strong>adjiciuntur</strong></span> <span class='ocrx_word' id='word_1_491' title='bbox 862 3902 1070 3956; x_wconf 89' lang='lat' dir='ltr'><strong>diebus.</strong></span> <span class='ocrx_word' id='word_1_492' title='bbox 1112 3900 1329 3965; x_wconf 75' lang='lat' dir='ltr'><strong>Sextus,</strong></span> <span class='ocrx_word' id='word_1_493' title='bbox 1370 3900 1554 3955; x_wconf 87' lang='lat' dir='ltr'><strong>uncias</strong></span> <span class='ocrx_word' id='word_1_494' title='bbox 1589 3907 1731 3965; x_wconf 90' lang='lat' dir='ltr'><strong>octo,</strong></span> 
     </span>
    </p>
   </div>
   <div class='ocr_carea' id='block_1_68' title="bbox 152 3991 1733 4066">
    <p class='ocr_par' dir='ltr' id='par_1_68' title="bbox 152 3991 1733 4066">
     <span class='ocr_line' id='line_1_68' title="bbox 152 3991 1733 4066; baseline -0.006 -14"><span class='ocrx_word' id='word_1_495' title='bbox 152 4012 280 4066; x_wconf 72' lang='lat' dir='ltr'><strong>qum</strong></span> <span class='ocrx_word' id='word_1_496' title='bbox 321 4001 608 4065; x_wconf 90' lang='lat' dir='ltr'><strong>supersunt</strong></span> <span class='ocrx_word' id='word_1_497' title='bbox 637 3994 892 4047; x_wconf 86' lang='lat' dir='ltr'><strong>horarum</strong></span> <span class='ocrx_word' id='word_1_498' title='bbox 935 4006 1177 4056; x_wconf 89' lang='lat' dir='ltr'><strong>numero,</strong></span> <span class='ocrx_word' id='word_1_499' title='bbox 1204 3999 1259 4048; x_wconf 89' lang='lat' dir='ltr'><strong>et</strong></span> <span class='ocrx_word' id='word_1_500' title='bbox 1287 3991 1431 4046; x_wconf 88' lang='lat' dir='ltr'><strong>bisse</strong></span> <span class='ocrx_word' id='word_1_501' title='bbox 1452 4000 1733 4045; x_wconf 88' lang='lat' dir='ltr'><strong>vocantur.</strong></span> 
     </span>
    </p>
   </div>
   <div class='ocr_carea' id='block_1_69' title="bbox 153 4082 1739 4155">
    <p class='ocr_par' dir='ltr' id='par_1_69' title="bbox 153 4082 1739 4155">
     <span class='ocr_line' id='line_1_69' title="bbox 153 4082 1739 4155; baseline -0.004 -13"><span class='ocrx_word' id='word_1_502' title='bbox 153 4087 285 4142; x_wconf 59' lang='lat' dir='ltr'><strong>Hac</strong></span> <span class='ocrx_word' id='word_1_503' title='bbox 312 4084 493 4138; x_wconf 88' lang='lat' dir='ltr'><strong>omnia</strong></span> <span class='ocrx_word' id='word_1_504' title='bbox 520 4091 740 4153; x_wconf 88' lang='lat' dir='ltr'><strong>propter</strong></span> <span class='ocrx_word' id='word_1_505' title='bbox 781 4082 1093 4137; x_wconf 77' lang='lat' dir='ltr'><strong>facilitatem</strong></span> <span class='ocrx_word' id='word_1_506' title='bbox 1137 4083 1489 4155; x_wconf 89' lang='lat' dir='ltr'><strong>cognoscendi</strong></span> <span class='ocrx_word' id='word_1_507' title='bbox 1522 4097 1739 4137; x_wconf 89' lang='lat' dir='ltr'><strong>cursum</strong></span> 
     </span>
    </p>
   </div>
   <div class='ocr_carea' id='block_1_70' title="bbox 154 4168 1740 4231">
    <p class='ocr_par' dir='ltr' id='par_1_70' title="bbox 154 4168 1740 4231">
     <span class='ocr_line' id='line_1_70' title="bbox 154 4168 1740 4231; baseline -0.003 -4"><span class='ocrx_word' id='word_1_508' title='bbox 154 4176 298 4229; x_wconf 77' lang='lat' dir='ltr'><strong>luna:</strong></span> <span class='ocrx_word' id='word_1_509' title='bbox 321 4172 376 4227; x_wconf 90' lang='lat' dir='ltr'><strong>in</strong></span> <span class='ocrx_word' id='word_1_510' title='bbox 397 4186 561 4226; x_wconf 89' lang='lat' dir='ltr'><strong>unam</strong></span> <span class='ocrx_word' id='word_1_511' title='bbox 582 4168 895 4225; x_wconf 83' lang='lat' dir='ltr'><strong>coacerva‘vi</strong></span> <span class='ocrx_word' id='word_1_512' title='bbox 919 4168 1222 4224; x_wconf 84' lang='lat' dir='ltr'><strong>formulam.</strong></span> <span class='ocrx_word' id='word_1_513' title='bbox 1253 4169 1310 4224; x_wconf 88' lang='lat' dir='ltr'><strong>Si</strong></span> <span class='ocrx_word' id='word_1_514' title='bbox 1339 4178 1515 4231; x_wconf 88' lang='lat' dir='ltr'><strong>tamen</strong></span> <span class='ocrx_word' id='word_1_515' title='bbox 1538 4170 1740 4227; x_wconf 85' lang='lat' dir='ltr'><strong>veraci-</strong></span> 
     </span>
    </p>
   </div>
   <div class='ocr_carea' id='block_1_71' title="bbox 154 4254 1738 4329">
    <p class='ocr_par' dir='ltr' id='par_1_71' title="bbox 154 4254 1738 4329">
     <span class='ocr_line' id='line_1_71' title="bbox 154 4254 1738 4329; baseline -0.003 -12"><span class='ocrx_word' id='word_1_516' title='bbox 154 4272 244 4317; x_wconf 81' lang='lat' dir='ltr'><strong>ter</strong></span> <span class='ocrx_word' id='word_1_517' title='bbox 280 4254 495 4316; x_wconf 86' lang='lat' dir='ltr'><strong>inventa</strong></span> <span class='ocrx_word' id='word_1_518' title='bbox 533 4269 615 4315; x_wconf 91' lang='lat' dir='ltr'><strong>est</strong></span> <span class='ocrx_word' id='word_1_519' title='bbox 649 4260 806 4323; x_wconf 91' lang='lat' dir='ltr'><strong>ratio,</strong></span> <span class='ocrx_word' id='word_1_520' title='bbox 850 4274 1012 4329; x_wconf 88' lang='lat' dir='ltr'><strong>quam</strong></span> <span class='ocrx_word' id='word_1_521' title='bbox 1066 4267 1243 4313; x_wconf 89' lang='lat' dir='ltr'><strong>vestra</strong></span> <span class='ocrx_word' id='word_1_522' title='bbox 1291 4259 1738 4319; x_wconf 77' lang='lat' dir='ltr'><strong>excellentissima</strong></span> 
     </span>
    </p>
   </div>
   <div class='ocr_carea' id='block_1_72' title="bbox 155 4351 718 4423">
    <p class='ocr_par' dir='ltr' id='par_1_72' title="bbox 155 4351 718 4423">
     <span class='ocr_line' id='line_1_72' title="bbox 155 4351 718 4423; baseline -0.005 -15"><span class='ocrx_word' id='word_1_523' title='bbox 155 4352 411 4423; x_wconf 62' lang='lat' dir='ltr'><strong>quaesivit</strong></span> <span class='ocrx_word' id='word_1_524' title='bbox 433 4351 718 4423; x_wconf 86' lang='lat' dir='ltr'><strong>sapientia.</strong></span> 
     </span>
    </p>
   </div>
   <div class='ocr_carea' id='block_1_73' title="bbox 585 4464 1317 4521">
    <p class='ocr_par' dir='ltr' id='par_1_73' title="bbox 585 4464 1317 4521">
     <span class='ocr_line' id='line_1_73' title="bbox 585 4464 1317 4521; baseline -0.001 -1"><span class='ocrx_word' id='word_1_525' title='bbox 585 4465 615 4507; x_wconf 70' lang='grc' dir='ltr'>δ</span> <span class='ocrx_word' id='word_1_526' title='bbox 646 4464 982 4521; x_wconf 76' lang='lat' dir='ltr'><strong>EPISTOLA</strong></span> <span class='ocrx_word' id='word_1_527' title='bbox 1033 4464 1317 4520; x_wconf 70' lang='lat' dir='ltr'><strong>LXXXVI.</strong></span> 
     </span>
    </p>
   </div>
   <div class='ocr_carea' id='block_1_74' title="bbox 427 4553 1227 4619">
    <p class='ocr_par' dir='ltr' id='par_1_74' title="bbox 427 4553 1227 4619">
     <span class='ocr_line' id='line_1_74' title="bbox 427 4553 1227 4619; baseline 0.004 -13"><span class='ocrx_word' id='word_1_528' title='bbox 427 4553 448 4596; x_wconf 60' lang='grc' dir='ltr'><strong>κ’</strong></span> <span class='ocrx_word' id='word_1_529' title='bbox 502 4616 507 4619; x_wconf 26' lang='grc' dir='ltr'>ι</span> <span class='ocrx_word' id='word_1_530' title='bbox 622 4564 633 4569; x_wconf 88' lang='grc'><em>”</em></span> <span class='ocrx_word' id='word_1_531' title='bbox 673 4570 741 4611; x_wconf 71' lang='lat' dir='ltr'><strong>An</strong></span> <span class='ocrx_word' id='word_1_532' title='bbox 776 4571 993 4610; x_wconf 76' lang='lat' dir='ltr'><strong>nousuu</strong></span> <span class='ocrx_word' id='word_1_533' title='bbox 1033 4570 1227 4611; x_wconf 67' lang='lat' dir='ltr'><strong>usus».</strong></span> 
     </span>
    </p>
   </div>
   <div class='ocr_carea' id='block_1_75' title="bbox 762 4645 1141 4718">
    <p class='ocr_par' dir='ltr' id='par_1_75' title="bbox 762 4645 1141 4718">
     <span class='ocr_line' id='line_1_75' title="bbox 762 4645 1141 4718; baseline 0.008 -18"><span class='ocrx_word' id='word_1_534' title='bbox 762 4646 940 4718; x_wconf 78' lang='lat' dir='ltr'><strong>(Auno</strong></span> <span class='ocrx_word' id='word_1_535' title='bbox 993 4645 1141 4716; x_wconf 82' lang='lat'><strong>798.)</strong></span> 
     </span>
    </p>
   </div>
   <div class='ocr_carea' id='block_1_76' title="bbox 159 4734 1737 4808">
    <p class='ocr_par' dir='ltr' id='par_1_76' title="bbox 159 4734 1737 4808">
     <span class='ocr_line' id='line_1_76' title="bbox 159 4734 1737 4808; baseline -0.004 -15"><span class='ocrx_word' id='word_1_536' title='bbox 159 4737 514 4808; x_wconf 74' lang='lat' dir='ltr'><strong>Assignantur</strong></span> <span class='ocrx_word' id='word_1_537' title='bbox 538 4750 712 4789; x_wconf 78' lang='lat' dir='ltr'><strong>causa:</strong></span> <span class='ocrx_word' id='word_1_538' title='bbox 736 4736 799 4808; x_wconf 81' lang='lat' dir='ltr'><strong>9b</strong></span> <span class='ocrx_word' id='word_1_539' title='bbox 827 4751 957 4805; x_wconf 80' lang='lat' dir='ltr'><strong>quas</strong></span> <span class='ocrx_word' id='word_1_540' title='bbox 985 4734 1112 4787; x_wconf 87' lang='lat' dir='ltr'><strong>luna</strong></span> <span class='ocrx_word' id='word_1_541' title='bbox 1140 4734 1313 4788; x_wconf 88' lang='lat' dir='ltr'><strong>minor</strong></span> <span class='ocrx_word' id='word_1_542' title='bbox 1342 4734 1417 4808; x_wconf 74' lang='lat' dir='ltr'><strong>rel</strong></span> <span class='ocrx_word' id='word_1_543' title='bbox 1445 4736 1617 4808; x_wconf 79' lang='lat' dir='ltr'><strong>major</strong></span> <span class='ocrx_word' id='word_1_544' title='bbox 1642 4752 1737 4804; x_wconf 79' lang='lat' dir='ltr'><strong>ap-</strong></span> 
     </span>
    </p>
   </div>
   <div class='ocr_carea' id='block_1_77' title="bbox 333 4804 1569 4875">
    <p class='ocr_par' dir='ltr' id='par_1_77' title="bbox 333 4804 1569 4875">
     <span class='ocr_line' id='line_1_77' title="bbox 333 4804 1569 4875; baseline 0 -18"><span class='ocrx_word' id='word_1_545' title='bbox 333 4813 521 4875; x_wconf 82' lang='lat' dir='ltr'><strong>pareat</strong></span> <span class='ocrx_word' id='word_1_546' title='bbox 541 4821 697 4875; x_wconf 87' lang='lat' dir='ltr'><strong>quam</strong></span> <span class='ocrx_word' id='word_1_547' title='bbox 721 4804 855 4875; x_wconf 77' lang='lat' dir='ltr'><strong>{erat</strong></span> <span class='ocrx_word' id='word_1_548' title='bbox 875 4814 1290 4858; x_wconf 79' lang='lat' dir='ltr'><strong>astronomorum</strong></span> <span class='ocrx_word' id='word_1_549' title='bbox 1317 4804 1569 4858; x_wconf 82' lang='lat' dir='ltr'><strong>calculus.</strong></span> 
     </span>
    </p>
   </div>
   <div class='ocr_carea' id='block_1_78' title="bbox 232 4910 1588 4985">
    <p class='ocr_par' dir='ltr' id='par_1_78' title="bbox 232 4910 1588 4985">
     <span class='ocr_line' id='line_1_78' title="bbox 232 4910 1588 4985; baseline 0.001 -17"><span class='ocrx_word' id='word_1_550' title='bbox 232 4913 335 4968; x_wconf 78' lang='lat' dir='ltr'><strong>Det</strong></span> <span class='ocrx_word' id='word_1_551' title='bbox 373 4910 466 4966; x_wconf 91' lang='lat' dir='ltr'><strong>tibi</strong></span> <span class='ocrx_word' id='word_1_552' title='bbox 493 4920 805 4981; x_wconf 88' lang='lat' dir='ltr'><strong>perpetuam</strong></span> <span class='ocrx_word' id='word_1_553' title='bbox 831 4912 1067 4985; x_wconf 83' lang='lat' dir='ltr'><strong>clemens</strong></span> <span class='ocrx_word' id='word_1_554' title='bbox 1094 4913 1149 4967; x_wconf 85' lang='lat' dir='ltr'><strong>in</strong></span> <span class='ocrx_word' id='word_1_555' title='bbox 1176 4913 1315 4967; x_wconf 89' lang='lat' dir='ltr'><strong>secla</strong></span> <span class='ocrx_word' id='word_1_556' title='bbox 1341 4913 1588 4978; x_wconf 88' lang='lat' dir='ltr'><strong>salutem,</strong></span> 
     </span>
    </p>
   </div>
   <div class='ocr_carea' id='block_1_79' title="bbox 304 4981 1463 5067">
    <p class='ocr_par' dir='ltr' id='par_1_79' title="bbox 304 4981 1463 5067">
     <span class='ocr_line' id='line_1_79' title="bbox 304 4981 1463 5067; baseline 0.002 -13"><span class='ocrx_word' id='word_1_557' title='bbox 304 5000 372 5054; x_wconf 81' lang='lat' dir='ltr'><strong>Et</strong></span> <span class='ocrx_word' id='word_1_558' title='bbox 394 4998 559 5054; x_wconf 90' lang='lat' dir='ltr'><strong>decus</strong></span> <span class='ocrx_word' id='word_1_559' title='bbox 588 4998 818 5067; x_wconf 87' lang='lat' dir='ltr'><strong>imperii,</strong></span> <span class='ocrx_word' id='word_1_560' title='bbox 842 4981 1009 5066; x_wconf 67' lang='lat' dir='ltr'><strong>David</strong></span> <span class='ocrx_word' id='word_1_561' title='bbox 1032 5004 1240 5056; x_wconf 87' lang='lat' dir='ltr'><strong>amate!</strong></span> <span class='ocrx_word' id='word_1_562' title='bbox 1271 5003 1431 5058; x_wconf 88' lang='lat' dir='ltr'><strong>Deus.</strong></span> <span class='ocrx_word' id='word_1_563' title='bbox 1460 5038 1463 5041; x_wconf 52' lang='grc' dir='ltr'>ν</span> 
     </span>
    </p>
   </div>
   <div class='ocr_carea' id='block_1_80' title="bbox 234 5071 1743 5167">
    <p class='ocr_par' dir='ltr' id='par_1_80' title="bbox 234 5071 1743 5167">
     <span class='ocr_line' id='line_1_80' title="bbox 234 5071 1743 5167; baseline 0.003 -24"><span class='ocrx_word' id='word_1_564' title='bbox 234 5086 565 5146; x_wconf 56' lang='lat' dir='ltr'><strong>Veneranda;</strong></span> <span class='ocrx_word' id='word_1_565' title='bbox 596 5071 932 5144; x_wconf 79' lang='lat' dir='ltr'><strong>auctoritatis</strong></span> <span class='ocrx_word' id='word_1_566' title='bbox 955 5099 1148 5144; x_wconf 71' lang='lat' dir='ltr'><strong>vestra:</strong></span> <span class='ocrx_word' id='word_1_567' title='bbox 1170 5076 1323 5167; x_wconf 84' lang='lat' dir='ltr'><strong>omni</strong></span> <span class='ocrx_word' id='word_1_568' title='bbox 1348 5093 1507 5147; x_wconf 87' lang='lat' dir='ltr'><strong>melle</strong></span> <span class='ocrx_word' id='word_1_569' title='bbox 1541 5085 1743 5148; x_wconf 86' lang='lat' dir='ltr'><strong>dulcio-</strong></span> 
     </span>
    </p>
   </div>
   <div class='ocr_carea' id='block_1_81' title="bbox 157 5177 1741 5253">
    <p class='ocr_par' dir='ltr' id='par_1_81' title="bbox 157 5177 1741 5253">
     <span class='ocr_line' id='line_1_81' title="bbox 157 5177 1741 5253; baseline -0.001 -17"><span class='ocrx_word' id='word_1_570' title='bbox 157 5197 251 5236; x_wconf 86' lang='lat' dir='ltr'><strong>rcs</strong></span> <span class='ocrx_word' id='word_1_571' title='bbox 280 5180 484 5249; x_wconf 86' lang='lat' dir='ltr'><strong>apices,</strong></span> <span class='ocrx_word' id='word_1_572' title='bbox 509 5193 605 5253; x_wconf 88' lang='lat' dir='ltr'><strong>per</strong></span> <span class='ocrx_word' id='word_1_573' title='bbox 627 5177 809 5234; x_wconf 88' lang='lat' dir='ltr'><strong>aridos</strong></span> <span class='ocrx_word' id='word_1_574' title='bbox 831 5189 852 5217; x_wconf 75' lang='grc' dir='ltr'><em>ε</em></span> <span class='ocrx_word' id='word_1_575' title='bbox 880 5177 1106 5249; x_wconf 70' lang='lat' dir='ltr'><strong>Belgica:</strong></span> <span class='ocrx_word' id='word_1_576' title='bbox 1130 5178 1547 5246; x_wconf 84' lang='lat' dir='ltr'><strong>latitudinisiter</strong></span> <span class='ocrx_word' id='word_1_577' title='bbox 1563 5182 1741 5253; x_wconf 86' lang='lat' dir='ltr'><strong>agenti</strong></span> 
     </span>
    </p>
   </div>
   <div class='ocr_carea' id='block_1_82' title="bbox 157 5267 1742 5339">
    <p class='ocr_par' dir='ltr' id='par_1_82' title="bbox 157 5267 1742 5339">
     <span class='ocr_line' id='line_1_82' title="bbox 157 5267 1742 5339; baseline 0.001 -16"><span class='ocrx_word' id='word_1_578' title='bbox 157 5285 384 5339; x_wconf 85' lang='lat' dir='ltr'><strong>campos</strong></span> <span class='ocrx_word' id='word_1_579' title='bbox 433 5276 790 5325; x_wconf 84' lang='lat' dir='ltr'><strong>occurrerunt</strong></span> <span class='ocrx_word' id='word_1_580' title='bbox 831 5267 984 5324; x_wconf 90' lang='lat' dir='ltr'><strong>mibi.</strong></span> <span class='ocrx_word' id='word_1_581' title='bbox 1031 5268 1088 5327; x_wconf 87' lang='lat' dir='ltr'><strong>in</strong></span> <span class='ocrx_word' id='word_1_582' title='bbox 1137 5269 1349 5338; x_wconf 88' lang='lat' dir='ltr'><strong>quibus,</strong></span> <span class='ocrx_word' id='word_1_583' title='bbox 1381 5268 1509 5323; x_wconf 91' lang='lat' dir='ltr'><strong>dum</strong></span> <span class='ocrx_word' id='word_1_584' title='bbox 1552 5278 1742 5325; x_wconf 79' lang='lat' dir='ltr'><strong>vestra:</strong></span> 
     </span>
    </p>
   </div>
   <div class='ocr_carea' id='block_1_83' title="bbox 158 5358 1744 5433">
    <p class='ocr_par' dir='ltr' id='par_1_83' title="bbox 158 5358 1744 5433">
     <span class='ocr_line' id='line_1_83' title="bbox 158 5358 1744 5433; baseline -0.001 -17"><span class='ocrx_word' id='word_1_585' title='bbox 158 5358 515 5431; x_wconf 64' lang='lat' dir='ltr'><strong>reatitudinis</strong></span> <span class='ocrx_word' id='word_1_586' title='bbox 552 5362 962 5433; x_wconf 79' lang='lat' dir='ltr'><strong>pmsperitstem</strong></span> <span class='ocrx_word' id='word_1_587' title='bbox 1007 5359 1191 5431; x_wconf 77' lang='lat' dir='ltr'><strong>legens</strong></span> <span class='ocrx_word' id='word_1_588' title='bbox 1232 5358 1490 5425; x_wconf 76' lang='lat' dir='ltr'><strong>intellexi,</strong></span> <span class='ocrx_word' id='word_1_589' title='bbox 1520 5368 1576 5416; x_wconf 88' lang='lat' dir='ltr'><strong>et</strong></span> <span class='ocrx_word' id='word_1_590' title='bbox 1610 5359 1744 5429; x_wconf 65' lang='lat' dir='ltr'><strong>tide-</strong></span> 
     </span>
    </p>
   </div>
   <div class='ocr_carea' id='block_1_84' title="bbox 232 5488 1740 5583">
    <p class='ocr_par' dir='ltr' id='par_1_84' title="bbox 232 5488 1740 5583">
     <span class='ocr_line' id='line_1_84' title="bbox 232 5488 1740 5583; baseline 0.006 -41"><span class='ocrx_word' id='word_1_591' title='bbox 232 5500 259 5583; x_wconf 45' lang='lat' dir='ltr'><strong>I-</strong></span> <span class='ocrx_word' id='word_1_592' title='bbox 293 5488 363 5544; x_wconf 86' lang='lat' dir='ltr'><strong>In</strong></span> <span class='ocrx_word' id='word_1_593' title='bbox 388 5490 501 5550; x_wconf 80' lang='lat' dir='ltr'><strong>alia</strong></span> <span class='ocrx_word' id='word_1_594' title='bbox 526 5492 786 5583; x_wconf 56' lang='lat' dir='ltr'><strong>chartula.</strong></span> <span class='ocrx_word' id='word_1_595' title='bbox 821 5494 944 5557; x_wconf 69' lang='lat' dir='ltr'><strong>lianc</strong></span> <span class='ocrx_word' id='word_1_596' title='bbox 987 5494 1229 5555; x_wconf 86' lang='lat' dir='ltr'><strong>chartula</strong></span> <span class='ocrx_word' id='word_1_597' title='bbox 1270 5494 1498 5559; x_wconf 74' lang='lat' dir='ltr'><strong>necdum</strong></span> <span class='ocrx_word' id='word_1_598' title='bbox 1533 5496 1740 5551; x_wconf 79' lang='lat' dir='ltr'><strong>detecta</strong></span> 
     </span>
    </p>
   </div>
   <div class='ocr_carea' id='block_1_85' title="bbox 158 5569 1743 5718">
    <p class='ocr_par' dir='ltr' id='par_1_85' title="bbox 158 5569 1743 5718">
     <span class='ocr_line' id='line_1_85' title="bbox 158 5569 1743 5718; baseline -0.007 -22"><span class='ocrx_word' id='word_1_599' title='bbox 158 5569 265 5718; x_wconf 35' lang='lat' dir='ltr'><strong>ci&quot;:</strong></span> <span class='ocrx_word' id='word_1_600' title='bbox 875 5634 1075 5692; x_wconf 85' lang='lat' dir='ltr'><strong>Canisii</strong></span> <span class='ocrx_word' id='word_1_601' title='bbox 1108 5632 1192 5696; x_wconf 75' lang='lat' dir='ltr'><strong>M,</strong></span> <span class='ocrx_word' id='word_1_602' title='bbox 1218 5600 1472 5706; x_wconf 62' lang='grc' dir='ltr'>(Ρ</span> <span class='ocrx_word' id='word_1_603' title='bbox 1498 5632 1605 5706; x_wconf 79' lang='grc'><strong>71).</strong></span> <span class='ocrx_word' id='word_1_604' title='bbox 1644 5634 1743 5692; x_wconf 81' lang='lat' dir='ltr'><strong>llic</strong></span> 
     </span>
    </p>
   </div>
   <div class='ocr_carea' id='block_1_86' title="bbox 162 5696 1500 5771">
    <p class='ocr_par' dir='ltr' id='par_1_86' title="bbox 162 5696 1500 5771">
     <span class='ocr_line' id='line_1_86' title="bbox 162 5696 1500 5771; baseline -0.001 1"><span class='ocrx_word' id='word_1_605' title='bbox 162 5699 359 5771; x_wconf 65' lang='grc' dir='ltr'><strong>ωηιιέε</strong></span> <span class='ocrx_word' id='word_1_606' title='bbox 545 5696 667 5771; x_wconf 61' lang='grc' dir='ltr'><strong>ορέίι</strong></span> <span class='ocrx_word' id='word_1_607' title='bbox 698 5696 976 5771; x_wconf 59' lang='grc' dir='ltr'><strong>ἴφιῖὲειιο.</strong></span> <span class='ocrx_word' id='word_1_608' title='bbox 1224 5696 1235 5771; x_wconf 59' lang='grc' dir='ltr'><strong><em>Ῠ</em></strong></span> <span class='ocrx_word' id='word_1_609' title='bbox 1496 5745 1500 5749; x_wconf 67' lang='grc'>‹</span> 
     </span>
    </p>
   </div>
   <div class='ocr_carea' id='block_1_87' title="bbox 236 5764 1740 5854">
    <p class='ocr_par' dir='ltr' id='par_1_87' title="bbox 236 5764 1740 5854">
     <span class='ocr_line' id='line_1_87' title="bbox 236 5764 1740 5854; baseline 0.005 -27"><span class='ocrx_word' id='word_1_610' title='bbox 236 5781 259 5809; x_wconf 75' lang='grc' dir='ltr'><strong>ο</strong></span> <span class='ocrx_word' id='word_1_611' title='bbox 299 5769 547 5854; x_wconf 63' lang='lat' dir='ltr'><strong>Belgicq.</strong></span> <span class='ocrx_word' id='word_1_612' title='bbox 580 5764 1053 5854; x_wconf 51' lang='lat' dir='ltr'><strong>&quot;recipiet-prem}:</strong></span> <span class='ocrx_word' id='word_1_613' title='bbox 1077 5775 1143 5831; x_wconf 88' lang='lat' dir='ltr'><strong>de</strong></span> <span class='ocrx_word' id='word_1_614' title='bbox 1169 5770 1362 5854; x_wconf 77' lang='lat' dir='ltr'><strong>itinere</strong></span> <span class='ocrx_word' id='word_1_615' title='bbox 1508 5774 1740 5854; x_wconf 62' lang='lat' dir='ltr'><strong>Alcuino</strong></span> 
     </span>
    </p>
   </div>
   <div class='ocr_carea' id='block_1_88' title="bbox 166 5838 1741 5911">
    <p class='ocr_par' dir='ltr' id='par_1_88' title="bbox 166 5838 1741 5911">
     <span class='ocr_line' id='line_1_88' title="bbox 166 5838 1741 5911; baseline 0.004 -16"><span class='ocrx_word' id='word_1_616' title='bbox 166 5838 423 5911; x_wconf 69' lang='lat' dir='ltr'><strong>suscepto</strong></span> <span class='ocrx_word' id='word_1_617' title='bbox 455 5838 527 5894; x_wconf 83' lang='lat' dir='ltr'><strong>ad</strong></span> <span class='ocrx_word' id='word_1_618' title='bbox 552 5838 933 5899; x_wconf 68' lang='lat' dir='ltr'><strong>monasterium</strong></span> <span class='ocrx_word' id='word_1_619' title='bbox 966 5843 1166 5911; x_wconf 78' lang='lat' dir='ltr'><strong>Wieus,</strong></span> <span class='ocrx_word' id='word_1_620' title='bbox 1208 5848 1301 5903; x_wconf 80' lang='lat' dir='ltr'><strong>seu</strong></span> <span class='ocrx_word' id='word_1_621' title='bbox 1339 5843 1525 5901; x_wconf 85' lang='lat' dir='ltr'><strong>cellam</strong></span> <span class='ocrx_word' id='word_1_622' title='bbox 1560 5843 1616 5901; x_wconf 86' lang='lat' dir='ltr'><strong>S.</strong></span> <span class='ocrx_word' id='word_1_623' title='bbox 1648 5844 1741 5901; x_wconf 76' lang='lat' dir='ltr'><strong>Jo-</strong></span> 
     </span>
    </p>
   </div>
   <div class='ocr_carea' id='block_1_89' title="bbox 1836 3286 3413 3377">
    <p class='ocr_par' dir='ltr' id='par_1_89' title="bbox 1836 3286 3413 3377">
     <span class='ocr_line' id='line_1_89' title="bbox 1836 3286 3413 3377; baseline -0.003 -33"><span class='ocrx_word' id='word_1_624' title='bbox 1836 3289 2123 3344; x_wconf 88' lang='lat' dir='ltr'><strong>informata</strong></span> <span class='ocrx_word' id='word_1_625' title='bbox 2152 3286 2345 3377; x_wconf 71' lang='lat' dir='ltr'><strong>claruit</strong></span> <span class='ocrx_word' id='word_1_626' title='bbox 2383 3290 2618 3353; x_wconf 90' lang='lat' dir='ltr'><strong>artibus;</strong></span> <span class='ocrx_word' id='word_1_627' title='bbox 2660 3289 2776 3344; x_wconf 71' lang='lat' dir='ltr'><strong>haec</strong></span> <span class='ocrx_word' id='word_1_628' title='bbox 2813 3288 2975 3344; x_wconf 90' lang='lat' dir='ltr'><strong>etiam</strong></span> <span class='ocrx_word' id='word_1_629' title='bbox 3005 3288 3222 3356; x_wconf 89' lang='lat' dir='ltr'><strong>insuper</strong></span> <span class='ocrx_word' id='word_1_630' title='bbox 3249 3287 3413 3356; x_wconf 81' lang='lat' dir='ltr'><strong>septi—</strong></span> 
     </span>
    </p>
   </div>
   <div class='ocr_carea' id='block_1_90' title="bbox 1834 3376 3414 3457">
    <p class='ocr_par' dir='ltr' id='par_1_90' title="bbox 1834 3376 3414 3457">
     <span class='ocr_line' id='line_1_90' title="bbox 1834 3376 3414 3457; baseline -0.002 -23"><span class='ocrx_word' id='word_1_631' title='bbox 1834 3376 1992 3435; x_wconf 70' lang='lat' dir='ltr'><strong>l‘ormi</strong></span> <span class='ocrx_word' id='word_1_632' title='bbox 2022 3379 2192 3439; x_wconf 85' lang='lat' dir='ltr'><strong>sancti</strong></span> <span class='ocrx_word' id='word_1_633' title='bbox 2224 3376 2457 3446; x_wconf 79' lang='lat' dir='ltr'><strong>Spiritus</strong></span> <span class='ocrx_word' id='word_1_634' title='bbox 2492 3378 2822 3457; x_wconf 82' lang='lat' dir='ltr'><strong>plenitudine</strong></span> <span class='ocrx_word' id='word_1_635' title='bbox 2866 3378 3034 3433; x_wconf 85' lang='lat' dir='ltr'><strong>ditata</strong></span> <span class='ocrx_word' id='word_1_636' title='bbox 3070 3393 3285 3433; x_wconf 88' lang='lat' dir='ltr'><strong>omnem</strong></span> <span class='ocrx_word' id='word_1_637' title='bbox 3315 3392 3414 3431; x_wconf 74' lang='lat' dir='ltr'><strong>sa:-</strong></span> 
     </span>
    </p>
   </div>
   <div class='ocr_carea' id='block_1_91' title="bbox 1833 3468 3409 3539">
    <p class='ocr_par' dir='ltr' id='par_1_91' title="bbox 1833 3468 3409 3539">
     <span class='ocr_line' id='line_1_91' title="bbox 1833 3468 3409 3539; baseline -0.002 -14"><span class='ocrx_word' id='word_1_638' title='bbox 1833 3469 2032 3525; x_wconf 88' lang='lat' dir='ltr'><strong>eularis</strong></span> <span class='ocrx_word' id='word_1_639' title='bbox 2056 3470 2330 3538; x_wconf 68' lang='lat' dir='ltr'><strong>sapientiae</strong></span> <span class='ocrx_word' id='word_1_640' title='bbox 2356 3470 2571 3525; x_wconf 81' lang='lat' dir='ltr'><strong>excellit</strong></span> <span class='ocrx_word' id='word_1_641' title='bbox 2600 3470 2934 3539; x_wconf 86' lang='lat' dir='ltr'><strong>dignitatem.</strong></span> <span class='ocrx_word' id='word_1_642' title='bbox 2965 3469 3043 3523; x_wconf 77' lang='lat' dir='ltr'><strong>Ex</strong></span> <span class='ocrx_word' id='word_1_643' title='bbox 3070 3468 3222 3537; x_wconf 87' lang='lat' dir='ltr'><strong>cujus</strong></span> <span class='ocrx_word' id='word_1_644' title='bbox 3251 3469 3409 3530; x_wconf 91' lang='lat' dir='ltr'><strong>dono,</strong></span> 
     </span>
    </p>
   </div>
   <div class='ocr_carea' id='block_1_92' title="bbox 1834 3543 3414 3632">
    <p class='ocr_par' dir='ltr' id='par_1_92' title="bbox 1834 3543 3414 3632">
     <span class='ocr_line' id='line_1_92' title="bbox 1834 3543 3414 3632; baseline -0.001 -16"><span class='ocrx_word' id='word_1_645' title='bbox 1834 3561 1881 3616; x_wconf 88' lang='lat' dir='ltr'><strong>si</strong></span> <span class='ocrx_word' id='word_1_646' title='bbox 1906 3561 2033 3629; x_wconf 86' lang='lat' dir='ltr'><strong>quid</strong></span> <span class='ocrx_word' id='word_1_647' title='bbox 2080 3561 2301 3632; x_wconf 82' lang='lat' dir='ltr'><strong>dignum</strong></span> <span class='ocrx_word' id='word_1_648' title='bbox 2341 3562 2407 3615; x_wconf 91' lang='lat' dir='ltr'><strong>ad</strong></span> <span class='ocrx_word' id='word_1_649' title='bbox 2432 3561 2766 3631; x_wconf 81' lang='lat' dir='ltr'><strong>interrogata</strong></span> <span class='ocrx_word' id='word_1_650' title='bbox 2818 3562 3141 3630; x_wconf 88' lang='lat' dir='ltr'><strong>respondere</strong></span> <span class='ocrx_word' id='word_1_651' title='bbox 3180 3543 3414 3626; x_wconf 75' lang='lat' dir='ltr'><strong>valeam,</strong></span> 
     </span>
    </p>
   </div>
   <div class='ocr_carea' id='block_1_93' title="bbox 1834 3650 2124 3718">
    <p class='ocr_par' dir='ltr' id='par_1_93' title="bbox 1834 3650 2124 3718">
     <span class='ocr_line' id='line_1_93' title="bbox 1834 3650 2124 3718; baseline 0.014 -16"><span class='ocrx_word' id='word_1_652' title='bbox 1834 3650 2124 3718; x_wconf 88' lang='lat' dir='ltr'><strong>proferam.</strong></span> 
     </span>
    </p>
   </div>
   <div class='ocr_carea' id='block_1_94' title="bbox 1903 3738 3415 3817">
    <p class='ocr_par' dir='ltr' id='par_1_94' title="bbox 1903 3738 3415 3817">
     <span class='ocr_line' id='line_1_94' title="bbox 1903 3738 3415 3817; baseline 0.002 -16"><span class='ocrx_word' id='word_1_653' title='bbox 1903 3748 2182 3817; x_wconf 88' lang='lat' dir='ltr'><strong>Inquisitio</strong></span> <span class='ocrx_word' id='word_1_654' title='bbox 2235 3764 2361 3802; x_wconf 88' lang='lat' dir='ltr'><strong>vero</strong></span> <span class='ocrx_word' id='word_1_655' title='bbox 2416 3738 2609 3807; x_wconf 70' lang='lat' dir='ltr'><strong>vestra:</strong></span> <span class='ocrx_word' id='word_1_656' title='bbox 2654 3750 2943 3817; x_wconf 73' lang='lat' dir='ltr'><strong>ingeniosa:</strong></span> <span class='ocrx_word' id='word_1_657' title='bbox 2998 3758 3053 3803; x_wconf 91' lang='lat' dir='ltr'><strong>et</strong></span> <span class='ocrx_word' id='word_1_658' title='bbox 3101 3750 3415 3804; x_wconf 76' lang='lat' dir='ltr'><strong>clarissima:</strong></span> 
     </span>
    </p>
   </div>
   <div class='ocr_carea' id='block_1_95' title="bbox 1836 3838 3419 3911">
    <p class='ocr_par' dir='ltr' id='par_1_95' title="bbox 1836 3838 3419 3911">
     <span class='ocr_line' id='line_1_95' title="bbox 1836 3838 3419 3911; baseline -0.002 -16"><span class='ocrx_word' id='word_1_659' title='bbox 1836 3840 2110 3910; x_wconf 70' lang='lat' dir='ltr'><strong>sapientiae</strong></span> <span class='ocrx_word' id='word_1_660' title='bbox 2143 3842 2255 3893; x_wconf 61' lang='lat' dir='ltr'><strong>bare</strong></span> <span class='ocrx_word' id='word_1_661' title='bbox 2283 3838 2422 3894; x_wconf 88' lang='lat' dir='ltr'><strong>fuit:</strong></span> <span class='ocrx_word' id='word_1_662' title='bbox 2454 3838 2563 3892; x_wconf 86' lang='lat' dir='ltr'><strong>Cur</strong></span> <span class='ocrx_word' id='word_1_663' title='bbox 2588 3840 2780 3911; x_wconf 77' lang='lat' dir='ltr'><strong>species</strong></span> <span class='ocrx_word' id='word_1_664' title='bbox 2823 3839 3026 3893; x_wconf 84' lang='lat' dir='ltr'><strong>lunaris</strong></span> <span class='ocrx_word' id='word_1_665' title='bbox 3061 3840 3291 3909; x_wconf 86' lang='lat' dir='ltr'><strong>corporis</strong></span> <span class='ocrx_word' id='word_1_666' title='bbox 3318 3842 3419 3892; x_wconf 76' lang='lat' dir='ltr'><strong>mi-</strong></span> 
     </span>
    </p>
   </div>
   <div class='ocr_carea' id='block_1_96' title="bbox 1839 3928 3416 4003">
    <p class='ocr_par' dir='ltr' id='par_1_96' title="bbox 1839 3928 3416 4003">
     <span class='ocr_line' id='line_1_96' title="bbox 1839 3928 3416 4003; baseline -0.002 -19"><span class='ocrx_word' id='word_1_667' title='bbox 1839 3948 1935 3985; x_wconf 87' lang='lat' dir='ltr'><strong>nor</strong></span> <span class='ocrx_word' id='word_1_668' title='bbox 1964 3939 2175 4001; x_wconf 80' lang='lat' dir='ltr'><strong>apparet</strong></span> <span class='ocrx_word' id='word_1_669' title='bbox 2202 3929 2357 4003; x_wconf 84' lang='lat' dir='ltr'><strong>[Cod.</strong></span> <span class='ocrx_word' id='word_1_670' title='bbox 2378 3930 2522 3994; x_wconf 57' lang='grc' dir='ltr'><strong>νειμ,</strong></span> <span class='ocrx_word' id='word_1_671' title='bbox 2552 3928 2843 4001; x_wconf 82' lang='lat' dir='ltr'><strong>appareret]</strong></span> <span class='ocrx_word' id='word_1_672' title='bbox 2876 3930 3041 3983; x_wconf 87' lang='lat' dir='ltr'><strong>oculis</strong></span> <span class='ocrx_word' id='word_1_673' title='bbox 3072 3930 3416 3993; x_wconf 83' lang='lat' dir='ltr'><strong>cernentium,</strong></span> 
     </span>
    </p>
   </div>
   <div class='ocr_carea' id='block_1_97' title="bbox 1835 4021 3421 4094">
    <p class='ocr_par' dir='ltr' id='par_1_97' title="bbox 1835 4021 3421 4094">
     <span class='ocr_line' id='line_1_97' title="bbox 1835 4021 3421 4094; baseline -0.001 -17"><span class='ocrx_word' id='word_1_674' title='bbox 1835 4040 1990 4094; x_wconf 86' lang='lat' dir='ltr'><strong>quam</strong></span> <span class='ocrx_word' id='word_1_675' title='bbox 2036 4022 2409 4077; x_wconf 80' lang='lat' dir='ltr'><strong>calculantium</strong></span> <span class='ocrx_word' id='word_1_676' title='bbox 2458 4023 2734 4076; x_wconf 79' lang='lat' dir='ltr'><strong>curiositas</strong></span> <span class='ocrx_word' id='word_1_677' title='bbox 2768 4021 2922 4092; x_wconf 78' lang='lat'><strong>103</strong></span> <span class='ocrx_word' id='word_1_678' title='bbox 2958 4023 3013 4075; x_wconf 91' lang='lat' dir='ltr'><strong>in</strong></span> <span class='ocrx_word' id='word_1_679' title='bbox 3058 4023 3284 4075; x_wconf 79' lang='lat' dir='ltr'><strong>numeris</strong></span> <span class='ocrx_word' id='word_1_680' title='bbox 3333 4038 3421 4083; x_wconf 88' lang='lat' dir='ltr'><strong>no—</strong></span> 
     </span>
    </p>
   </div>
   <div class='ocr_carea' id='block_1_98' title="bbox 1838 4113 3423 4184">
    <p class='ocr_par' dir='ltr' id='par_1_98' title="bbox 1838 4113 3423 4184">
     <span class='ocr_line' id='line_1_98' title="bbox 1838 4113 3423 4184; baseline -0.001 -17"><span class='ocrx_word' id='word_1_681' title='bbox 1838 4116 1997 4167; x_wconf 85' lang='lat' dir='ltr'><strong>ctium</strong></span> <span class='ocrx_word' id='word_1_682' title='bbox 2024 4114 2295 4179; x_wconf 79' lang='lat' dir='ltr'><strong>inveniret,</strong></span> <span class='ocrx_word' id='word_1_683' title='bbox 2327 4113 2404 4167; x_wconf 73' lang='lat' dir='ltr'><strong>uel</strong></span> <span class='ocrx_word' id='word_1_684' title='bbox 2432 4114 2875 4170; x_wconf 77' lang='lat' dir='ltr'><strong>considerantium</strong></span> <span class='ocrx_word' id='word_1_685' title='bbox 2906 4113 3200 4168; x_wconf 85' lang='lat' dir='ltr'><strong>sollicitudo</strong></span> <span class='ocrx_word' id='word_1_686' title='bbox 3225 4114 3277 4167; x_wconf 87' lang='lat' dir='ltr'><strong>in</strong></span> <span class='ocrx_word' id='word_1_687' title='bbox 3305 4130 3423 4184; x_wconf 79' lang='lat' dir='ltr'><strong>par-</strong></span> 
     </span>
    </p>
   </div>
   <div class='ocr_carea' id='block_1_99' title="bbox 1838 4190 3423 4274">
    <p class='ocr_par' dir='ltr' id='par_1_99' title="bbox 1838 4190 3423 4274">
     <span class='ocr_line' id='line_1_99' title="bbox 1838 4190 3423 4274; baseline 0.002 -20"><span class='ocrx_word' id='word_1_688' title='bbox 1838 4202 1977 4255; x_wconf 80' lang='lat' dir='ltr'><strong>tibus</strong></span> <span class='ocrx_word' id='word_1_689' title='bbox 2007 4200 2259 4271; x_wconf 76' lang='lat' dir='ltr'><strong>Signiferi</strong></span> <span class='ocrx_word' id='word_1_690' title='bbox 2283 4204 2598 4273; x_wconf 85' lang='lat' dir='ltr'><strong>conspicerct</strong></span> <span class='ocrx_word' id='word_1_691' title='bbox 2627 4221 2645 4265; x_wconf 86' lang='lat'><strong><em>;</em></strong></span> <span class='ocrx_word' id='word_1_692' title='bbox 2677 4220 2768 4256; x_wconf 78' lang='lat' dir='ltr'><strong>nec</strong></span> <span class='ocrx_word' id='word_1_693' title='bbox 2796 4204 2866 4255; x_wconf 83' lang='lat' dir='ltr'><strong>ad</strong></span> <span class='ocrx_word' id='word_1_694' title='bbox 2882 4190 2883 4193; x_wconf 9' lang='grc' dir='ltr'><strong>η</strong></span> <span class='ocrx_word' id='word_1_695' title='bbox 2901 4204 3104 4261; x_wconf 79' lang='lat' dir='ltr'><strong>easdcm</strong></span> <span class='ocrx_word' id='word_1_696' title='bbox 3135 4206 3423 4274; x_wconf 83' lang='lat' dir='ltr'><strong>septimana</strong></span> 
     </span>
    </p>
   </div>
   <div class='ocr_carea' id='block_1_100' title="bbox 1841 4284 3421 4363">
    <p class='ocr_par' dir='ltr' id='par_1_100' title="bbox 1841 4284 3421 4363">
     <span class='ocr_line' id='line_1_100' title="bbox 1841 4284 3421 4363; baseline 0.003 -21"><span class='ocrx_word' id='word_1_697' title='bbox 1841 4288 1994 4360; x_wconf 87' lang='lat' dir='ltr'><strong>[Cod.</strong></span> <span class='ocrx_word' id='word_1_698' title='bbox 2038 4290 2181 4353; x_wconf 80' lang='lat' dir='ltr'><strong>\&#39;at.,</strong></span> <span class='ocrx_word' id='word_1_699' title='bbox 2210 4290 2424 4362; x_wconf 85' lang='lat' dir='ltr'><strong>septem]</strong></span> <span class='ocrx_word' id='word_1_700' title='bbox 2476 4292 2531 4344; x_wconf 88' lang='lat' dir='ltr'><strong>in</strong></span> <span class='ocrx_word' id='word_1_701' title='bbox 2565 4286 2781 4361; x_wconf 58' lang='lat' dir='ltr'><strong>&#39;quintas</strong></span> <span class='ocrx_word' id='word_1_702' title='bbox 2822 4284 3051 4346; x_wconf 79' lang='lat' dir='ltr'><strong>decimas</strong></span> <span class='ocrx_word' id='word_1_703' title='bbox 3095 4291 3219 4345; x_wconf 80' lang='lat' dir='ltr'><strong>Kal.</strong></span> <span class='ocrx_word' id='word_1_704' title='bbox 3251 4293 3421 4363; x_wconf 76' lang='lat' dir='ltr'><strong>April.</strong></span> 
     </span>
    </p>
   </div>
   <div class='ocr_carea' id='block_1_101' title="bbox 1840 4377 3425 4452">
    <p class='ocr_par' dir='ltr' id='par_1_101' title="bbox 1840 4377 3425 4452">
     <span class='ocr_line' id='line_1_101' title="bbox 1840 4377 3425 4452; baseline 0.005 -22"><span class='ocrx_word' id='word_1_705' title='bbox 1840 4378 1967 4431; x_wconf 88' lang='lat' dir='ltr'><strong>luna</strong></span> <span class='ocrx_word' id='word_1_706' title='bbox 1998 4377 2334 4433; x_wconf 78' lang='lat' dir='ltr'><strong>Geminorum</strong></span> <span class='ocrx_word' id='word_1_707' title='bbox 2369 4380 2425 4433; x_wconf 88' lang='lat' dir='ltr'><strong>in</strong></span> <span class='ocrx_word' id='word_1_708' title='bbox 2451 4390 2659 4450; x_wconf 83' lang='lat' dir='ltr'><strong>aspectu</strong></span> <span class='ocrx_word' id='word_1_709' title='bbox 2680 4382 2965 4449; x_wconf 78' lang='lat' dir='ltr'><strong>perveniret</strong></span> <span class='ocrx_word' id='word_1_710' title='bbox 2989 4390 3181 4452; x_wconf 86' lang='lat' dir='ltr'><strong>partes,</strong></span> <span class='ocrx_word' id='word_1_711' title='bbox 3205 4381 3274 4435; x_wconf 83' lang='lat' dir='ltr'><strong>ad</strong></span> <span class='ocrx_word' id='word_1_712' title='bbox 3293 4399 3425 4452; x_wconf 79' lang='lat' dir='ltr'><strong>quas</strong></span> 
     </span>
    </p>
   </div>
   <div class='ocr_carea' id='block_1_102' title="bbox 1838 4469 3423 4544">
    <p class='ocr_par' dir='ltr' id='par_1_102' title="bbox 1838 4469 3423 4544">
     <span class='ocr_line' id='line_1_102' title="bbox 1838 4469 3423 4544; baseline 0.003 -22"><span class='ocrx_word' id='word_1_713' title='bbox 1838 4469 1931 4524; x_wconf 83' lang='lat' dir='ltr'><strong>illa</strong></span> <span class='ocrx_word' id='word_1_714' title='bbox 1959 4470 2315 4541; x_wconf 75' lang='lat' dir='ltr'><strong>multiplicata</strong></span> <span class='ocrx_word' id='word_1_715' title='bbox 2331 4488 2424 4541; x_wconf 81' lang='lat' dir='ltr'><strong>per</strong></span> <span class='ocrx_word' id='word_1_716' title='bbox 2452 4483 2671 4543; x_wconf 82' lang='lat' dir='ltr'><strong>punctos</strong></span> <span class='ocrx_word' id='word_1_717' title='bbox 2701 4473 2998 4542; x_wconf 82' lang='lat' dir='ltr'><strong>supputatio</strong></span> <span class='ocrx_word' id='word_1_718' title='bbox 3025 4474 3304 4544; x_wconf 79' lang='lat' dir='ltr'><strong>perducere</strong></span> <span class='ocrx_word' id='word_1_719' title='bbox 3327 4474 3423 4527; x_wconf 82' lang='lat' dir='ltr'><strong>dc-</strong></span> 
     </span>
    </p>
   </div>
   <div class='ocr_carea' id='block_1_103' title="bbox 1766 4552 3426 4645">
    <p class='ocr_par' dir='ltr' id='par_1_103' title="bbox 1766 4552 3426 4645">
     <span class='ocr_line' id='line_1_103' title="bbox 1766 4552 3426 4645; baseline 0.004 -32"><span class='ocrx_word' id='word_1_720' title='bbox 1766 4560 1988 4645; x_wconf 65' lang='grc' dir='ltr'><strong>ι)ὺαὶιῖ</strong></span> <span class='ocrx_word' id='word_1_721' title='bbox 2019 4561 2087 4614; x_wconf 82' lang='lat' dir='ltr'><strong>Et</strong></span> <span class='ocrx_word' id='word_1_722' title='bbox 2133 4569 2244 4615; x_wconf 90' lang='lat' dir='ltr'><strong>tres</strong></span> <span class='ocrx_word' id='word_1_723' title='bbox 2288 4560 2447 4628; x_wconf 82' lang='lat' dir='ltr'><strong>hujus</strong></span> <span class='ocrx_word' id='word_1_724' title='bbox 2496 4562 2775 4615; x_wconf 83' lang='lat' dir='ltr'><strong>varietatis</strong></span> <span class='ocrx_word' id='word_1_725' title='bbox 2822 4577 3032 4626; x_wconf 87' lang='lat' dir='ltr'><strong>causas,</strong></span> <span class='ocrx_word' id='word_1_726' title='bbox 3083 4563 3129 4616; x_wconf 86' lang='lat' dir='ltr'><strong>si</strong></span> <span class='ocrx_word' id='word_1_727' title='bbox 3174 4552 3426 4631; x_wconf 66' lang='lat' dir='ltr'><strong>quaelibet</strong></span> 
     </span>
    </p>
   </div>
   <div class='ocr_carea' id='block_1_104' title="bbox 1841 4648 3421 4725">
    <p class='ocr_par' dir='ltr' id='par_1_104' title="bbox 1841 4648 3421 4725">
     <span class='ocr_line' id='line_1_104' title="bbox 1841 4648 3421 4725; baseline 0.001 -22"><span class='ocrx_word' id='word_1_728' title='bbox 1841 4651 2028 4703; x_wconf 88' lang='lat' dir='ltr'><strong>harum</strong></span> <span class='ocrx_word' id='word_1_729' title='bbox 2055 4662 2175 4703; x_wconf 87' lang='lat' dir='ltr'><strong>esse</strong></span> <span class='ocrx_word' id='word_1_730' title='bbox 2199 4656 2500 4716; x_wconf 86' lang='lat' dir='ltr'><strong>putaretur,</strong></span> <span class='ocrx_word' id='word_1_731' title='bbox 2543 4649 2842 4717; x_wconf 84' lang='lat' dir='ltr'><strong>supponitis</strong></span> <span class='ocrx_word' id='word_1_732' title='bbox 2891 4648 3043 4720; x_wconf 72' lang='grc' dir='ltr'><strong>[ϐοά.</strong></span> <span class='ocrx_word' id='word_1_733' title='bbox 3106 4648 3245 4725; x_wconf 60' lang='lat' dir='ltr'><strong>Vah,</strong></span> <span class='ocrx_word' id='word_1_734' title='bbox 3291 4666 3421 4722; x_wconf 89' lang='lat' dir='ltr'><strong>sup-</strong></span> 
     </span>
    </p>
   </div>
   <div class='ocr_carea' id='block_1_105' title="bbox 1837 4737 3424 4810">
    <p class='ocr_par' dir='ltr' id='par_1_105' title="bbox 1837 4737 3424 4810">
     <span class='ocr_line' id='line_1_105' title="bbox 1837 4737 3424 4810; baseline 0.003 -17"><span class='ocrx_word' id='word_1_735' title='bbox 1837 4737 2135 4810; x_wconf 90' lang='lat' dir='ltr'><strong>posuistis],</strong></span> <span class='ocrx_word' id='word_1_736' title='bbox 2181 4747 2240 4792; x_wconf 88' lang='lat' dir='ltr'><strong>ut</strong></span> <span class='ocrx_word' id='word_1_737' title='bbox 2292 4740 2480 4793; x_wconf 87' lang='lat' dir='ltr'><strong>eadem</strong></span> <span class='ocrx_word' id='word_1_738' title='bbox 2530 4752 2793 4809; x_wconf 86' lang='lat' dir='ltr'><strong>ponamus</strong></span> <span class='ocrx_word' id='word_1_739' title='bbox 2838 4739 3003 4794; x_wconf 86' lang='lat' dir='ltr'><strong>verba</strong></span> <span class='ocrx_word' id='word_1_740' title='bbox 3054 4755 3175 4809; x_wconf 65' lang='lat' dir='ltr'><strong>quae</strong></span> <span class='ocrx_word' id='word_1_741' title='bbox 3220 4744 3424 4798; x_wconf 86' lang='lat' dir='ltr'><strong>nostris</strong></span> 
     </span>
    </p>
   </div>
   <div class='ocr_carea' id='block_1_106' title="bbox 1838 4828 3425 4900">
    <p class='ocr_par' dir='ltr' id='par_1_106' title="bbox 1838 4828 3425 4900">
     <span class='ocr_line' id='line_1_106' title="bbox 1838 4828 3425 4900; baseline 0.006 -19"><span class='ocrx_word' id='word_1_742' title='bbox 1838 4838 2032 4883; x_wconf 76' lang='lat' dir='ltr'><strong>vestra:</strong></span> <span class='ocrx_word' id='word_1_743' title='bbox 2080 4828 2360 4884; x_wconf 89' lang='lat' dir='ltr'><strong>laudabilis</strong></span> <span class='ocrx_word' id='word_1_744' title='bbox 2395 4830 2674 4900; x_wconf 70' lang='lat' dir='ltr'><strong>sapientiae</strong></span> <span class='ocrx_word' id='word_1_745' title='bbox 2718 4830 2961 4885; x_wconf 88' lang='lat' dir='ltr'><strong>chartula</strong></span> <span class='ocrx_word' id='word_1_746' title='bbox 2998 4832 3234 4889; x_wconf 89' lang='lat' dir='ltr'><strong>insonuit</strong></span> <span class='ocrx_word' id='word_1_747' title='bbox 3278 4836 3425 4890; x_wconf 89' lang='lat' dir='ltr'><strong>auri-</strong></span> 
     </span>
    </p>
   </div>
   <div class='ocr_carea' id='block_1_107' title="bbox 1755 4914 3424 4995">
    <p class='ocr_par' dir='ltr' id='par_1_107' title="bbox 1755 4914 3424 4995">
     <span class='ocr_line' id='line_1_107' title="bbox 1755 4914 3424 4995; baseline 0.001 -19"><span class='ocrx_word' id='word_1_748' title='bbox 1755 4936 1759 4941; x_wconf 83' lang='lat'><strong><em>‘</em></strong></span> <span class='ocrx_word' id='word_1_749' title='bbox 1838 4923 1972 4977; x_wconf 86' lang='lat' dir='ltr'><strong>bus:</strong></span> <span class='ocrx_word' id='word_1_750' title='bbox 2004 4931 2057 4975; x_wconf 83' lang='lat' dir='ltr'><strong>ut</strong></span> <span class='ocrx_word' id='word_1_751' title='bbox 2078 4922 2189 4976; x_wconf 90' lang='lat' dir='ltr'><strong>sine</strong></span> <span class='ocrx_word' id='word_1_752' title='bbox 2214 4921 2324 4975; x_wconf 83' lang='lat' dir='ltr'><strong>ulla</strong></span> <span class='ocrx_word' id='word_1_753' title='bbox 2342 4920 2406 4994; x_wconf 85' lang='lat' dir='ltr'><strong>[F</strong></span> <span class='ocrx_word' id='word_1_754' title='bbox 2411 4929 2550 4987; x_wconf 85' lang='lat' dir='ltr'><strong>orte,</strong></span> <span class='ocrx_word' id='word_1_755' title='bbox 2580 4922 2684 4975; x_wconf 82' lang='lat' dir='ltr'><strong>sire</strong></span> <span class='ocrx_word' id='word_1_756' title='bbox 2714 4921 2830 4994; x_wconf 84' lang='lat' dir='ltr'><strong>illa]</strong></span> <span class='ocrx_word' id='word_1_757' title='bbox 2859 4923 2986 4977; x_wconf 84' lang='lat' dir='ltr'><strong>dicti</strong></span> <span class='ocrx_word' id='word_1_758' title='bbox 3017 4914 3267 4995; x_wconf 74' lang='lat' dir='ltr'><strong>Signiferi</strong></span> <span class='ocrx_word' id='word_1_759' title='bbox 3294 4926 3424 4978; x_wconf 84' lang='lat' dir='ltr'><strong>obli-</strong></span> 
     </span>
    </p>
   </div>
   <div class='ocr_carea' id='block_1_108' title="bbox 1814 5012 3422 5089">
    <p class='ocr_par' dir='ltr' id='par_1_108' title="bbox 1814 5012 3422 5089">
     <span class='ocr_line' id='line_1_108' title="bbox 1814 5012 3422 5089; baseline -0.001 -23"><span class='ocrx_word' id='word_1_760' title='bbox 1814 5014 2041 5089; x_wconf 71' lang='lat' dir='ltr'><strong>quitas;</strong></span> <span class='ocrx_word' id='word_1_761' title='bbox 2089 5013 2193 5066; x_wconf 77' lang='lat' dir='ltr'><strong>sive</strong></span> <span class='ocrx_word' id='word_1_762' title='bbox 2230 5012 2395 5081; x_wconf 83' lang='lat' dir='ltr'><strong>ipsius</strong></span> <span class='ocrx_word' id='word_1_763' title='bbox 2420 5013 2711 5082; x_wconf 81' lang='lat' dir='ltr'><strong>astrivagus</strong></span> <span class='ocrx_word' id='word_1_764' title='bbox 2756 5012 2812 5066; x_wconf 87' lang='lat' dir='ltr'><strong>in</strong></span> <span class='ocrx_word' id='word_1_765' title='bbox 2843 5012 3032 5087; x_wconf 69' lang='lat' dir='ltr'><strong>a&#39;tltcre</strong></span> <span class='ocrx_word' id='word_1_766' title='bbox 3069 5029 3285 5075; x_wconf 79' lang='lat' dir='ltr'><strong>cursus;</strong></span> <span class='ocrx_word' id='word_1_767' title='bbox 3317 5013 3422 5065; x_wconf 80' lang='lat' dir='ltr'><strong>sire</strong></span> 
     </span>
    </p>
   </div>
   <div class='ocr_carea' id='block_1_109' title="bbox 1838 5100 3419 5172">
    <p class='ocr_par' dir='ltr' id='par_1_109' title="bbox 1838 5100 3419 5172">
     <span class='ocr_line' id='line_1_109' title="bbox 1838 5100 3419 5172; baseline -0.002 -16"><span class='ocrx_word' id='word_1_768' title='bbox 1838 5102 2050 5157; x_wconf 85' lang='lat' dir='ltr'><strong>insolita</strong></span> <span class='ocrx_word' id='word_1_769' title='bbox 2074 5102 2335 5172; x_wconf 64' lang='lat' dir='ltr'><strong>quedam,</strong></span> <span class='ocrx_word' id='word_1_770' title='bbox 2367 5110 2415 5153; x_wconf 83' lang='lat' dir='ltr'><strong>et</strong></span> <span class='ocrx_word' id='word_1_771' title='bbox 2440 5116 2709 5171; x_wconf 78' lang='lat' dir='ltr'><strong>nunquam</strong></span> <span class='ocrx_word' id='word_1_772' title='bbox 2748 5102 3024 5171; x_wconf 81' lang='lat' dir='ltr'><strong>pra&#39;teritis</strong></span> <span class='ocrx_word' id='word_1_773' title='bbox 3054 5108 3186 5153; x_wconf 82' lang='lat' dir='ltr'><strong>retro</strong></span> <span class='ocrx_word' id='word_1_774' title='bbox 3212 5100 3419 5153; x_wconf 76' lang='lat' dir='ltr'><strong>sa’culis</strong></span> 
     </span>
    </p>
   </div>
   <div class='ocr_carea' id='block_1_110' title="bbox 1824 5189 3419 5263">
    <p class='ocr_par' dir='ltr' id='par_1_110' title="bbox 1824 5189 3419 5263">
     <span class='ocr_line' id='line_1_110' title="bbox 1824 5189 3419 5263; baseline -0.003 -17"><span class='ocrx_word' id='word_1_775' title='bbox 1824 5192 1968 5246; x_wconf 84' lang='lat' dir='ltr'><strong>’lucis</strong></span> <span class='ocrx_word' id='word_1_776' title='bbox 1988 5192 2231 5263; x_wconf 74' lang='lat' dir='ltr'><strong>legitima:</strong></span> <span class='ocrx_word' id='word_1_777' title='bbox 2255 5189 2407 5263; x_wconf 85' lang='lat' dir='ltr'><strong>[Cod.</strong></span> <span class='ocrx_word' id='word_1_778' title='bbox 2433 5190 2575 5253; x_wconf 80' lang='lat' dir='ltr'><strong>Vat.,</strong></span> <span class='ocrx_word' id='word_1_779' title='bbox 2602 5190 2729 5245; x_wconf 85' lang='lat' dir='ltr'><strong>locis</strong></span> <span class='ocrx_word' id='word_1_780' title='bbox 2759 5190 3003 5262; x_wconf 80' lang='lat' dir='ltr'><strong>legitime]</strong></span> <span class='ocrx_word' id='word_1_781' title='bbox 3039 5190 3147 5242; x_wconf 76' lang='lat' dir='ltr'><strong>uisa</strong></span> <span class='ocrx_word' id='word_1_782' title='bbox 3166 5189 3419 5242; x_wconf 81' lang='lat' dir='ltr'><strong>detractio</strong></span> 
     </span>
    </p>
   </div>
   <div class='ocr_carea' id='block_1_111' title="bbox 1840 5277 3419 5352">
    <p class='ocr_par' dir='ltr' id='par_1_111' title="bbox 1840 5277 3419 5352">
     <span class='ocr_line' id='line_1_111' title="bbox 1840 5277 3419 5352; baseline -0.003 -16"><span class='ocrx_word' id='word_1_783' title='bbox 1840 5283 2053 5352; x_wconf 76' lang='lat' dir='ltr'><strong>faceret.</strong></span> <span class='ocrx_word' id='word_1_784' title='bbox 2083 5282 2251 5349; x_wconf 86' lang='lat' dir='ltr'><strong>Quam</strong></span> <span class='ocrx_word' id='word_1_785' title='bbox 2280 5296 2380 5336; x_wconf 90' lang='lat' dir='ltr'><strong>nos</strong></span> <span class='ocrx_word' id='word_1_786' title='bbox 2403 5296 2617 5349; x_wconf 89' lang='lat' dir='ltr'><strong>quoque</strong></span> <span class='ocrx_word' id='word_1_787' title='bbox 2648 5280 3055 5336; x_wconf 84' lang='lat' dir='ltr'><strong>diminutionem</strong></span> <span class='ocrx_word' id='word_1_788' title='bbox 3079 5278 3282 5332; x_wconf 91' lang='lat' dir='ltr'><strong>lunaris</strong></span> <span class='ocrx_word' id='word_1_789' title='bbox 3312 5277 3419 5332; x_wconf 88' lang='lat' dir='ltr'><strong>for-</strong></span> 
     </span>
    </p>
   </div>
   <div class='ocr_carea' id='block_1_112' title="bbox 1841 5372 3421 5446">
    <p class='ocr_par' dir='ltr' id='par_1_112' title="bbox 1841 5372 3421 5446">
     <span class='ocr_line' id='line_1_112' title="bbox 1841 5372 3421 5446; baseline -0.002 -17"><span class='ocrx_word' id='word_1_790' title='bbox 1841 5375 1999 5430; x_wconf 75' lang='lat' dir='ltr'><strong>mula:</strong></span> <span class='ocrx_word' id='word_1_791' title='bbox 2043 5374 2406 5446; x_wconf 80' lang='lat' dir='ltr'><strong>perspicaeius</strong></span> <span class='ocrx_word' id='word_1_792' title='bbox 2455 5372 2758 5439; x_wconf 89' lang='lat' dir='ltr'><strong>intuentes,</strong></span> <span class='ocrx_word' id='word_1_793' title='bbox 2803 5372 3009 5434; x_wconf 86' lang='lat' dir='ltr'><strong>eadem,</strong></span> <span class='ocrx_word' id='word_1_794' title='bbox 3050 5385 3170 5440; x_wconf 65' lang='lat' dir='ltr'><strong>qum</strong></span> <span class='ocrx_word' id='word_1_795' title='bbox 3223 5372 3421 5426; x_wconf 85' lang='lat' dir='ltr'><strong>vestris</strong></span> 
     </span>
    </p>
   </div>
   <div class='ocr_carea' id='block_1_113' title="bbox 1841 5499 3417 5571">
    <p class='ocr_par' dir='ltr' id='par_1_113' title="bbox 1841 5499 3417 5571">
     <span class='ocr_line' id='line_1_113' title="bbox 1841 5499 3417 5571; baseline -0.003 -9"><span class='ocrx_word' id='word_1_796' title='bbox 1841 5504 1960 5563; x_wconf 75' lang='lat' dir='ltr'><strong>(loci</strong></span> <span class='ocrx_word' id='word_1_797' title='bbox 1989 5520 2098 5562; x_wconf 64' lang='lat' dir='ltr'><strong>sua!</strong></span> <span class='ocrx_word' id='word_1_798' title='bbox 2116 5518 2261 5559; x_wconf 72' lang='lat' dir='ltr'><strong>etme</strong></span> <span class='ocrx_word' id='word_1_799' title='bbox 2288 5517 2318 5556; x_wconf 89' lang='lat' dir='ltr'><strong>a</strong></span> <span class='ocrx_word' id='word_1_800' title='bbox 2337 5501 2531 5557; x_wconf 87' lang='lat' dir='ltr'><strong>Carolo</strong></span> <span class='ocrx_word' id='word_1_801' title='bbox 2554 5503 2833 5571; x_wconf 70' lang='lat' dir='ltr'><strong>traditam.</strong></span> <span class='ocrx_word' id='word_1_802' title='bbox 2857 5509 2909 5555; x_wconf 88' lang='lat' dir='ltr'><strong>ct</strong></span> <span class='ocrx_word' id='word_1_803' title='bbox 2944 5501 3099 5571; x_wconf 79' lang='lat' dir='ltr'><strong>sitam</strong></span> <span class='ocrx_word' id='word_1_804' title='bbox 3126 5500 3179 5553; x_wconf 87' lang='lat' dir='ltr'><strong>in</strong></span> <span class='ocrx_word' id='word_1_805' title='bbox 3212 5499 3417 5571; x_wconf 87' lang='lat' dir='ltr'><strong>Belgio,</strong></span> 
     </span>
    </p>
   </div>
   <div class='ocr_carea' id='block_1_114' title="bbox 1841 5568 3415 5647">
    <p class='ocr_par' dir='ltr' id='par_1_114' title="bbox 1841 5568 3415 5647">
     <span class='ocr_line' id='line_1_114' title="bbox 1841 5568 3415 5647; baseline -0.004 -14"><span class='ocrx_word' id='word_1_806' title='bbox 1841 5579 1909 5633; x_wconf 88' lang='lat' dir='ltr'><strong>de</strong></span> <span class='ocrx_word' id='word_1_807' title='bbox 1938 5590 2074 5647; x_wconf 26' lang='lat' dir='ltr'><strong>quo;</strong></span> <span class='ocrx_word' id='word_1_808' title='bbox 2093 5574 2256 5629; x_wconf 83' lang='lat' dir='ltr'><strong>etiam</strong></span> <span class='ocrx_word' id='word_1_809' title='bbox 2302 5570 2423 5629; x_wconf 86' lang='lat' dir='ltr'><strong>vide</strong></span> <span class='ocrx_word' id='word_1_810' title='bbox 2453 5572 2730 5641; x_wconf 88' lang='lat' dir='ltr'><strong>epistolam</strong></span> <span class='ocrx_word' id='word_1_811' title='bbox 2780 5570 2848 5623; x_wconf 73' lang='lat'><strong>12</strong></span> <span class='ocrx_word' id='word_1_812' title='bbox 2876 5570 3017 5625; x_wconf 87' lang='lat' dir='ltr'><strong>inter</strong></span> <span class='ocrx_word' id='word_1_813' title='bbox 3063 5568 3415 5637; x_wconf 83' lang='lat' dir='ltr'><strong>Chesniatias,</strong></span> 
     </span>
    </p>
   </div>
   <div class='ocr_carea' id='block_1_115' title="bbox 1842 5644 3427 5787">
    <p class='ocr_par' dir='ltr' id='par_1_115' title="bbox 1842 5644 3427 5787">
     <span class='ocr_line' id='line_1_115' title="bbox 1842 5644 3427 5787; baseline 0 -18"><span class='ocrx_word' id='word_1_814' title='bbox 1842 5644 2125 5787; x_wconf 38' lang='lat' dir='ltr'><strong>magis}</strong></span> <span class='ocrx_word' id='word_1_815' title='bbox 2154 5678 2408 5787; x_wconf 29' lang='lat' dir='ltr'><strong>llic&#39;linis</strong></span> <span class='ocrx_word' id='word_1_816' title='bbox 2431 5710 2671 5787; x_wconf 63' lang='lat' dir='ltr'><strong>epistolm</strong></span> <span class='ocrx_word' id='word_1_817' title='bbox 2692 5711 2830 5780; x_wconf 89' lang='lat' dir='ltr'><strong>apud</strong></span> <span class='ocrx_word' id='word_1_818' title='bbox 2857 5707 3129 5765; x_wconf 88' lang='lat' dir='ltr'><strong>Canisium</strong></span> <span class='ocrx_word' id='word_1_819' title='bbox 3165 5728 3176 5765; x_wconf 90' lang='lat'><strong>:</strong></span> <span class='ocrx_word' id='word_1_820' title='bbox 3211 5711 3427 5782; x_wconf 80' lang='lat' dir='ltr'><strong>reliqua.</strong></span> 
     </span>
    </p>
   </div>
   <div class='ocr_carea' id='block_1_116' title="bbox 1843 5781 2849 5843">
    <p class='ocr_par' dir='ltr' id='par_1_116' title="bbox 1843 5781 2849 5843">
     <span class='ocr_line' id='line_1_116' title="bbox 1843 5781 2849 5843; baseline -0.01 0"><span class='ocrx_word' id='word_1_821' title='bbox 1843 5781 2193 5843; x_wconf 55' lang='lat' dir='ltr'><strong>ex—m&#39;sfcod.</strong></span> <span class='ocrx_word' id='word_1_822' title='bbox 2226 5781 2429 5836; x_wconf 73' lang='lat' dir='ltr'><strong>addidit</strong></span> <span class='ocrx_word' id='word_1_823' title='bbox 2464 5781 2849 5843; x_wconf 78' lang='lat' dir='ltr'><strong>Quercctanus.</strong></span> 
     </span>
    </p>
   </div>
  </div>
