4400 6494
719 478 823 533 283
1559 465 1616 517 Β.
1661 466 1718 518 F.
1765 461 1989 515 ALBINI
2032 459 2160 513 SliL‘
2215 456 2484 511 ALCL'INI
2525 451 2808 508 OPILRL‘M
2848 449 3026 504 PARS
3064 449 3107 503 Ι.
3893 438 4041 494 284

721 589 1004 640 inluescrat
1037 579 1322 642 mentibus,
1367 577 1530 631 motio
1560 577 1726 630 nostri
1763 590 1975 643 quoque
1999 571 2176 626 cordis
2215 579 2292 623 tc-
2319 570 2364 625 Α
2397 563 2571 617 Vitatis
2586 576 2744 632 posse
2765 561 2902 614 "alii
2925 558 3081 631 [COdo
3121 555 3261 620 ναῖοι
3281 563 3467 624 1³05188
3492 549 3700 616 “alia”
3723 560 3779 605 ει
3793 555 4045 620 εροιιεε

721 675 840 745 Iigit
863 668 1156 742 querelam.
1191 668 1298 723 Sed
1343 667 1517 721 tribus
1545 683 1574 720 a
1602 677 1779 720 vestra
1814 663 2112 718 veneranda
2142 663 2290 716 inda-
2389 663 2720 724 sequentem.

718 765 932 833 gatione
973 759 1258 832 propositis
1306 756 1462 826 hujus
1512 755 1881 811 diminutionis
1923 752 2108 807 causis
2163 750 2294 803 alias

718 871 934 927 quoque
987 862 1098 909 tres
1145 849 1404 920 probabili
1456 848 1664 902 ratione
1723 845 2023 900 invenimus
2079 857 2291 907 causas,

719 949 860 1002 unde
888 947 1003 999 hmc
1029 951 1174 997 tanta
1206 939 1488 995 diminutio
1523 937 1675 1004 juxta
1719 945 1957 990 veterum
2002 931 2296 1001 indagatio-

718 1054 842 1093 ncm
867 1034 1155 1089 multorum
1182 1031 1390 1086 defendi
1415 1029 1693 1098 potuisset.
1719 1026 1849 1079 Nam
1880 1026 1993 1080 lucc
2016 1024 2298 1079 diminutio

719 1127 1101 1198 aspicientibus
1127 1125 1180 1178 in
1212 1123 1384 1176 lunari
1412 1136 1636 1190 corpore
1665 1119 1798 1174 solet
1827 1118 1938 1173 fieri
1966 1127 2086 1186 post
2112 1117 2298 1186 imple-

721 1232 830 1286 tam
871 1219 1039 1274 saltus
1076 1215 1526 1284 supputationem,
1567 1229 1687 1282 qua:
1727 1228 1828 1282 per
1868 1211 2052 1265 decem
2105 1224 2297 1264 novem

719 1325 890 1362 annos
915 1308 998 1362 vix
1024 1307 1238 1360 tandem
1261 1303 1600 1373 implebitur;
1627 1318 1690 1356 ac
1712 1301 1872 1372 veluti
1896 1298 2301 1368 approximante

720 1401 912 1454 ultimo
937 1413 1081 1453 anno
1105 1396 1290 1452 circuli
1321 1392 1826 1455 deccnnovennalis,
1856 1405 1964 1458 quo
2009 1404 2146 1442 unus
2187 1387 2302 1442 dies

722 1489 891 1541 saltus
917 1486 1294 1555 supputatione
1322 1482 1704 1537 transiliendus
1733 1489 1833 1542 est,
1863 1479 2157 1547 smpissime
2185 1491 2300 1529 ma-

720 1579 805 1646 jor
841 1577 963 1630 luna
998 1577 1256 1645 aspicitur
1297 1589 1453 1642 quam
1502 1572 1676 1627 :etatis
1725 1571 1862 1624 ratio
1904 1569 2169 1624 ostendat.
2214 1566 2303 1620 Sic

722 1669 886 1720 «iam
936 1673 1058 1734 post
1093 1665 1249 1733 huius
1296 1664 1462 1717 saltus
1507 1662 1958 1731 supputationem,
2010 1660 2063 1712 in
2113 1658 2304 1728 primis

725 1759 912 1813 circuli
953 1758 1436 1812 deccnnovcnnalis
1461 1756 1616 1810 annis
1653 1754 1830 1808 minor
1866 1766 2007 1821 saepe
2036 1750 2306 1804 invenitur

725 1866 886 1918 quam
915 1850 1293 1903 calculantium
1315 1849 1562 1901 decantet
1585 1844 1862 1898 memoria.
1892 1843 1985 1896 Est
2011 1855 2224 1910 quoque
2250 1850 2305 1895 et

726 1939 893 1992 altera
924 1955 1082 1992 causa
1121 1953 1226 2006 qua
1274 1936 1448 1990 minor
1485 1934 1652 1988 videri
1693 1934 1829 1988 solet
1865 1948 1961 2002 per
2005 1933 2150 1986 vices
2178 1931 2302 1985 luna

2463 762 2674 822 Vestra,
2703 772 2912 828 precor,
2941 755 3190 810 Christus
3211 752 3519 808 caelestibus
3545 749 3752 822 inclyta
3779 747 3984 805 donis

2532 851 2806 913 lulustret,
2842 847 3045 918 repleat
3063 855 3302 916 pectora,
3331 844 3480 914 pacis
3511 857 3686 898 amor.

2464 941 2644 997 Dulcis
2677 956 2831 994 amor
2864 939 3006 1003 vitm,
3030 937 3198 991 dulcis
3225 936 3360 1001 laus,
3391 933 3562 1005 gloria
3587 931 3766 990 dulcis

2536 1030 2618 1086 Sit
2643 1030 2738 1085 tibi
2760 1037 3036 1098 perpetua,
3068 1013 3233 1080 David
3259 1032 3454 1089 amate,
3481 1023 3648 1078 salus.

2819 1137 2846 1177 δ
2878 1135 3070 1190 EPIST
3078 1133 3210 1190 OLA
3246 1130 3548 1188 LXXXVII.

2993 1242 3060 1281 AD
3100 1238 3367 1280 ABNONEI.

2717 1319 2894 1390 (Anno
2919 1309 3045 1382 798,
3071 1315 3222 1370 initio
3243 1314 3444 1369 mensis
3463 1311 3652 1383 Junii).

2403 1411 2468 1464 In
2499 1408 2766 1464 Hunniant
2785 1406 3197 1478 proﬁcitcentem
3223 1404 3465 1478 hortatur
3485 1402 3555 1455 ad
3580 1419 3710 1472 opus
3738 1401 4028 1472 apostoli—

2881 1471 3000 1529 eum
3022 1473 3148 1528 bene
3184 1471 3499 1528 obeundum.

2486 1581 2819 1637 Charissimo
2876 1579 3240 1646 uuanimoque
3306 1575 3482 1630 amico
3537 1573 3748 1642 Aquilae
3791 1586 4024 1642 super—

2405 1656 2724 1742 spcculatori
2767 1671 2821 1725 in
2848 1670 3046 1725 Christi
3081 1670 3348 1725 charitate
3375 1667 3625 1723 salutem.

2475 1764 2674 1830 Quarta
2723 1762 2855 1816 feria
2905 1769 3027 1830 post
3069 1770 3309 1816 sanctam
3353 1758 3728 1821 Pentecostcn,
3777 1758 4026 1812 litteras

2409 1865 2512 1909 tunc
2543 1853 2888 1909 beatitudinis
2922 1852 3127 1922 accepi,
3155 1851 3419 1906 charitate
3460 1851 3820 1920 conscriptas,
3868 1862 4028 1904 cosa-

2418 1947 2538 2001 silio
2586 1943 2984 2006 corroboratas,
3041 1941 3144 1996 fide
3188 1940 3464 2012 sigillatas,
3503 1940 3557 1994 in
3607 1939 3804 2008 quibus
3859 1938 4030 1995 εἰωι

727 2045 888 2096 quam
919 2028 1202 2083 calculatio
1248 2026 1641 2082 numerantium
1688 2025 1832 2079 illam
1862 2025 2145 2078 ostendat:
2179 2025 2303 2078 dum

726 2118 888 2188 paulo
924 2127 1047 2173 ante
1089 2133 1390 2186 vesperam,
1436 2117 1518 2171 vel
1562 2117 1720 2169 unius
1756 2115 1902 2168 hora:
1936 2111 2307 2168 tantummodo

725 2211 905 2281 spatio
947 2209 1256 2263 accenditur
1296 2208 1439 2269 luna,
1481 2221 1602 2276 qure
1649 2204 1832 2259 statim
1875 2211 2145 2258 transacto
2180 2202 2309 2257 solis

725 2314 926 2356 occasu
954 2300 1125 2367 prima
1153 2299 1485 2367 supputanda
1528 2306 1630 2352 est.
1673 2296 1779 2354 Nec
1823 2296 2017 2349 mirum
2048 2295 2093 2348 si
2135 2296 2310 2349 minor

729 2401 988 2460 appareat
1024 2391 1276 2453 secunda,
1319 2391 1400 2442 vel
1441 2391 1618 2451 tertia,
1667 2389 1751 2444 vel
1802 2389 1854 2441 in
1901 2387 2112 2440 caeteris
2148 2386 2308 2439 etiam

729 2481 980 2536 :etatibus
1005 2482 1115 2534 suis
1139 2481 1284 2542 luna,
1309 2495 1489 2549 quam,
1515 2480 1560 2532 si
1583 2488 1701 2547 post
1727 2493 1888 2532 unam
1910 2478 2097 2532 horam
2120 2476 2313 2546 prioris
2338 2507 2343 2511 -

725 2573 902 2627 noctis
929 2569 1283 2634 accendatur;
1312 2579 1368 2623 ct
1393 2579 1514 2638 post
1539 2569 1724 2638 viginti
1765 2569 1898 2623 duas
1940 2568 2024 2622 vel
2072 2577 2182 2622 tres
2223 2567 2314 2620 ho-

732 2674 841 2722 ras,
869 2659 996 2712 dum
1031 2661 1097 2712 ad
1135 2674 1410 2726 vesperam
1443 2658 1771 2726 pervenerit,
1824 2657 1995 2725 prima
2041 2663 2314 2725 compute-

733 2760 839 2804 tur.
867 2749 933 2803 Ει
957 2749 1069 2804 luce
1099 2750 1295 2818 poterit
1316 2763 1436 2802 esse
1463 2749 1601 2802 ratio
1639 2757 1699 2800 ut
1727 2763 1826 2815 per
1851 2747 1996 2800 vices
2021 2747 2197 2799 minor
2223 2760 2316 2814 ap-

733 2850 920 2910 pareat
947 2842 1000 2894 in
1022 2841 1220 2909 specie,
1247 2854 1408 2907 quam
1451 2846 1794 2906 computetur
1835 2837 1888 2890 in
1919 2844 2097 2889 relate.
2135 2835 2238 2890 Sed
2263 2844 2319 2889 et

735 2934 850 2986 haec
879 2945 1090 3000 quoque
1119 2930 1403 2983 minoratio
1442 2930 1494 2982 in
1539 2929 1742 2992 Ariete,
1792 2927 1876 2981 vel
1909 2928 2052 2981 circa
2095 2941 2218 2980 eum
2248 2927 2318 2980 si-

733 3021 871 3092 guis,
899 3021 943 3075 si
970 3020 1174 3075 lunaris
1196 3021 1436 3073 incensio
1456 3020 1719 3082 evenerit,
1754 3019 1949 3088 sacpius
1974 3017 2320 3072 consideran-

735 3115 880 3168 tibus
917 3111 1186 3176 occurrit;
1218 3112 1292 3164 ita
1333 3119 1394 3165 ut
1432 3111 1488 3165 in
1534 3110 1734 3165 Arietis
1781 3111 1934 3180 signo
1984 3109 2123 3162 miro
2161 3108 2320 3160 modo

735 3205 1047 3273 conﬁngere
1075 3201 1266 3265 soleat,
1295 3201 1476 3255 lunam
1517 3202 1716 3270 prioris
1744 3201 1945 3254 mensis
1971 3198 2317 3253 novissimam

740 3308 900 3348 mane
926 3291 1126 3357 videre,
1157 3299 1212 3346 ct
1255 3291 1634 3359 subsequentis
1681 3305 1872 3344 novam
1920 3287 2162 3357 ejusdem
2212 3287 2318 3342 dici

743 3395 965 3452 vespere
1003 3396 1272 3452 apparere
1309 3381 1363 3435 in
1399 3379 1557 3443 caelo,
1598 3389 1657 3433 ut
1694 3388 1818 3450 pote
1865 3387 2014 3433 sexta
2053 3379 2182 3432 hora
2215 3376 2318 3430 dici

742 3473 960 3528 incensa
998 3481 1144 3527 retro
1183 3479 1508 3526 transactam
1556 3485 1736 3535 mane,
1778 3477 1834 3522 et
1861 3477 1984 3538 post
2019 3467 2320 3521 venientem

744 3580 967 3637 vespere
998 3565 1256 3619 ostendit.
2012 3558 2013 3562 “

815 3655 923 3710 Sed
951 3656 997 3708 si
1022 3669 1084 3708 ex
1109 3654 1237 3716 illis,
1253 3669 1387 3722 quas
1407 3661 1584 3708 vestra
1611 3651 1837 3706 inseruit
1858 3649 2173 3714 auctoritas,
2197 3663 2324 3703 cau-

746 3747 824 3803 sis
869 3744 1044 3813 aliqua
1090 3742 1188 3797 fuit
1216 3742 1371 3814 [ϐοά.
1442 3740 1582 3808 Vat.,
1616 3740 1746 3812 fiat],
1797 3741 1910 3795 sive
1954 3755 2023 3794 ex
2071 3739 2156 3793 his
2204 3751 2325 3808 quae

747 3849 934 3896 nostra
960 3837 1136 3908 posuit
1163 3836 1402 3900 solertia,
1430 3850 1649 3890 necesse
1671 3843 1756 3888 est
1776 3842 1953 3887 tamen
1974 3840 2034 3886 ut
2053 3828 2326 3885 Paschalis

749 3932 874 3984 luna
913 3938 1064 3983 stans
1101 3927 1426 3982 omnimodis
1468 3926 1790 3980 inviolabilis
1837 3931 2168 3994 permaneat.
2218 3921 2327 3975 Nec

749 4021 894 4074 enim
939 4018 1056 4072 fleri
1091 4017 1286 4085 poterit
1320 4025 1379 4069 ut
1421 4005 2000 4070 hanc'diminutionem
2027 4006 2224 4081 speciei
2250 4011 2328 4065 lu-

751 4108 899 4162 naris
922 4122 1080 4160 nemo
1101 4105 1340 4175 priorum
1364 4102 1644 4158 doctorum
1669 4103 1753 4158 vel
1779 4112 2084 4156 sanctorum
2108 4103 2329 4156 Patrum

750 4199 991 4262 vidisset,
1023 4204 1075 4252 et
1103 4197 1193 4267 qui
1232 4196 1287 4251 in
1316 4195 1533 4250 Niceno
1551 4195 1779 4250 concilio
1809 4195 2067 4248 rationem
2100 4191 2332 4247 Pascha-

751 4287 818 4342 lis
843 4286 980 4342 lunze
1017 4285 1626 4359 sagacitcrinvenerunt
1665 4293 1719 4339 et
1747 4284 2012 4339 catholice
2048 4283 2332 4338 ordinave-

755 4388 881 4435 runt
922 4397 937 4435 :
1005 4388 1064 4434 ut
1126 4378 1451 4434 omnimodis
1505 4387 1767 4449 perpetuo
1812 4377 1938 4448 jure
1994 4376 2332 4431 sanctissima

755 4470 1170 4526 resurrectionis
1197 4468 1492 4523 Dominicze
1520 4468 1784 4523 festivitas
1807 4470 1861 4522 in
1888 4475 1998 4521 toto
2037 4466 2168 4519 orbe
2198 4479 2330 4519 con-

2407 2035 2586 2107 optavi
2643 2034 2796 2108 [Cod.
2829 2033 2998 2098 Mab.,
3027 2031 3285 2104 hortavi],
3333 2031 3546 2098 audivi;
3589 2030 3729 2085 sicut
3755 2028 4022 2099 speravi,

2407 2126 2618 2200 agnovi.
2670 2123 2778 2179 Nec
2815 2139 2900 2178 me
2943 2138 3066 2194 spes
3098 2121 3288 2178 fefellit
3325 2121 3558 2186 consilii,
3590 2135 3689 2175 nec
3715 2119 4024 2174 societatis

2408 2217 2716 2288 cooperatio
2747 2216 3058 2288 retardavit.
3091 2214 3339 2271 Vestrum
3377 2230 3507 2270 vero
3539 2214 3640 2267 iter
3663 2212 3731 2266 ad
3755 2213 4022 2282 proban-

2410 2312 2530 2365 dam
2556 2310 2631 2364 rei
2662 2309 2944 2364 veritatem
2963 2307 3123 2362 modo
3142 2307 3195 2360 in
3219 2303 3501 2374 prtesentia
3527 2301 3854 2372 dispositum
3880 2310 3973 2355 est
3997 2318 4018 2365 ;

2410 2397 2670 2456 fortitudo
2700 2415 2828 2453 vero
2848 2397 3135 2460 exercitus,
3164 2396 3255 2466 qui
3283 2403 3461 2450 tecum
3490 2393 3656 2454 vadit.
3692 2396 3762 2447 ad
3803 2401 4019 2447 caute-

2414 2491 2517 2545 lam
2544 2499 2598 2545 et
2624 2489 2991 2544 defensionem
3021 2486 3183 2542 vestri
3220 2485 3354 2558 [Al.,
3378 2481 3635 2554 vestram]
3661 2482 3869 2538 directa
3896 2489 4014 2536 est.

2415 2580 2479 2635 Et
2517 2581 2619 2634 hoc
2645 2578 3038 2649 quodammodo
3062 2577 3130 2632 ab
3175 2576 3306 2646 ipsis
3346 2573 3608 2645 processit
3657 2572 3902 2638 Hunnis;
3957 2580 4020 2626 et

2416 2670 2536 2724 ideo
2564 2670 2615 2722 in
2642 2685 2736 2738 spe
2765 2668 3059 2721 voluntatis
3078 2665 3173 2719 Dei
3203 2663 3358 2719 hctus
3381 2663 3484 2718 hoc
3516 2663 3620 2718 iter
3648 2675 3869 2732 perage.
3896 2659 4018 2714 Nos

2417 2774 2544 2815 vero
2567 2768 2638 2822 te,
2672 2758 2903 2811 donante
2927 2756 3059 2821 Deo,
3084 2755 3139 2809 in
3189 2770 3323 2826 pace
3346 2769 3468 2809 cum
3492 2759 3640 2807 certo
3666 2748 3901 2804 consilio
3924 2762 4018 2803 ne—

2415 2857 2712 2904 vertentem
2739 2856 3040 2918 spectemus
3079 2846 3133 2901 in
3161 2846 3266 2911 bis,
3292 2852 3352 2898 ut
3403 2841 3634 2903 aestimo,
3663 2836 4010 2908 regionibus.

2420 2937 2572 3012 [Sed]
2615 2939 2860 3000 obsecro,
2901 2945 2961 2990 ut
2993 2950 3138 2999 mox,
3171 2941 3225 2988 te
3268 2931 3546 2996 redeunte,
3570 2927 3870 2984 dilectionis
3899 2933 4016 2980 tua:

2419 3030 2629 3082 litteras
2673 3027 2874 3100 dirigas
2900 3023 3072 3088 nobis,
3098 3032 3156 3077 ut
3184 3021 3471 3076 curiositas
3507 3025 3690 3076 nostra
3718 3015 4016 3072 certitudi—

2421 3132 2544 3171 nem
2575 3131 2755 3170 rerum
2800 3130 2898 3184 per
2936 3123 3087 3168 tuum
3125 3111 3388 3186 intelligat
3420 3108 3724 3165 consilium.
3754 3106 4014 3176 Regnum

2347 3240 2393 3302 Ο
2426 3209 2605 3302 itaque
2634 3206 2760 3302 illud
2782 3206 2870 3302 diu
2897 3205 3089 3302 stabile
3117 3203 3217 3258 fuit
3240 3209 3293 3258 et
3325 3201 3464 3256 forte
3493 3219 3506 3253 :
3536 3199 3630 3254 sed
3660 3195 3853 3252 fortior
3897 3198 4014 3263 eis,

2425 3298 2516 3368 qui
2553 3297 2682 3351 vicit
2703 3295 2852 3360 illud,
2879 3296 2932 3349 in
2961 3295 3113 3365 cujus
3145 3307 3306 3347 manu
3337 3299 3474 3347 sunt
3511 3305 3697 3346 omnes
3735 3305 3927 3361 regum
3956 3297 4016 3343 et

2423 3403 2708 3458 regnorum
2735 3393 3064 3456 potestates:
3096 3393 3150 3439 et
3175 3397 3550 3454 quemcunque
3581 3380 3830 3445 voluerit,
3854 3380 4019 3435 exal-

2423 3487 2501 3533 tat
2540 3476 2714 3548 (Psal.
2759 3492 2940 3542 Lxxtv,
2994 3475 3069 3547 8),
3124 3483 3180 3531 et
3227 3472 3591 3543 cujuscunque
3627 3486 3722 3526 cor
3751 3469 4016 3535 voluerit,

2423 3569 2625 3634 visitat,
2659 3567 2942 3632 illuminat,
2974 3577 3031 3622 et
3073 3567 3140 3622 ad
3192 3581 3347 3621 suum
3388 3561 3652 3620 convertit
3699 3559 4014 3614 servitium.

2423 3660 2560 3716 Etsi
2602 3659 2745 3713 illius
2770 3658 2942 3729 gratia
2995 3655 3243 3726 respiciet
3287 3647 3677 3727 [Al.,respicit]
3707 3663 3868 3718 super
3913 3663 4013 3702 re-

2425 3766 2588 3824 gnum
2615 3749 2952 3814 Hunnorum,
2989 3747 3112 3817 quis
3133 3754 3218 3802 est
3252 3745 3345 3815 qui
3371 3758 3428 3798 se
3465 3740 3784 3798 subtrahere
3811 3737 4019 3792 audeat

2425 3841 2724 3899 ministerio
2755 3839 2943 3896 salutis
2983 3838 3234 3894 illorum?
3260 3835 3426 3892 Pauci
3463 3834 3619 3889 nobis
3642 3838 3850 3888 restant
3886 3829 4019 3885 dies

2425 3931 2584 4002 hujus
2616 3930 2759 3995 vitae,
2792 3937 2849 3986 et
2868 3930 3021 3984 valde
3045 3926 3456 3983 desiderandum
3479 3932 3583 3991 est,
3611 3923 3813 3993 Deique
3842 3921 4014 3978 mise-

2427 4018 2657 4075 ricordia
2695 4014 2806 4071 toto
2820 4017 2995 4072 corde
3030 4015 3386 4086 deprecanda,
3417 4020 3477 4068 ut
3503 4013 3581 4068 illi
3613 4012 3666 4066 in
3709 4026 3872 4081 opere
3898 4010 4004 4066 Dei

2428 4111 2686 4166 liniantur
2731 4107 2865 4182 [.41.,
2897 4106 3224 4181 ﬁrmentur].
3256 4105 3390 4175 Quia
3420 4105 3540 4178 plus
3579 4105 4012 4174 uniuscujusque

2432 4199 2587 4274 [vita]
2631 4201 2705 4255 de
2720 4202 2824 4257 line
2857 4199 3132 4269 iudicatur
3158 4214 3320 4270 quam
3365 4197 3432 4254 de
3461 4197 3632 4252 initio.
3680 4197 3737 4251 In
3772 4195 4013 4265 peccatis

2431 4290 2704 4347 nascimur
2735 4289 2907 4361 (Psal.
2942 4307 2994 4356 ι,
3035 4291 3123 4360 7),
3158 4289 3252 4344 sed
3291 4287 3464 4358 gratia
3505 4285 3858 4346 renascimur,
3889 4297 4013 4353 qua

2433 4395 2532 4435 nos
2559 4380 2610 4434 in
2643 4380 2782 4433 bono
2811 4393 2974 4449 opere
3017 4387 3302 4434 currentes
3324 4375 3633 4440 comitetur,
3657 4385 3712 4429 et
3746 4387 3915 4443 usque
3941 4373 4011 4428 ad

2435 4472 2594 4525 tinem
2626 4469 2838 4522 firmum
2859 4481 3205 4539 perseverare
3229 4465 3409 4522 faciat.
3428 4466 3506 4521 Tu
3533 4480 3682 4531 vero,
3704 4465 3862 4520 Pater
3887 4479 4014 4518 san-

755 4559 992 4615 eorditer
1029 4555 1296 4612 coleretur
1320 4555 1454 4628 [Αι.,
1489 4554 1727 4627 colitur].
1759 4554 1817 4608 Si
1851 4569 1970 4623 quae
2002 4568 2131 4607 vero
2172 4552 2331 4625 hujus
2361 4585 2411 4649 υ
2435 4570 2493 4616 (ιιι

2273 4569 2331 4649 ltS
2361 4585 2411 4649 υ
2435 4570 2538 4625 cte,
2566 4559 2736 4614 amice
2762 4558 2952 4623 ﬁdelis,
2983 4557 3152 4614 frater
3177 4558 3387 4625 dilecte,
3419 4557 3492 4612 illi
3524 4556 3861 4619 charissime,
3889 4569 4011 4608 cum

755 4649 1128 4706 diminutionis
1152 4648 1290 4702 ratio
1331 4649 1509 4702 verior
1538 4649 1593 4719 in
1634 4647 1806 4702 Plinio
1860 4646 2030 4715 possit
2086 4645 2330 4715 reperiri,

756 4743 868 4794 sive
886 4753 910 4780 ι
930 4749 1154 4810 propter
1175 4738 1366 4794 saltim
1387 4754 1560 4808 nuper
1581 4746 1947 4802 transactum;
1976 4737 2090 4791 sive
2117 4745 2336 4806 propter

757 4835 1040 4886 bissextum
1063 4847 1233 4902 prope
1255 4833 1626 4887 imminentem
1652 4849 1665 4884 ε
1689 4831 1950 4899 deprecor
1981 4839 2039 4884 ut
2060 4840 2236 4884 vestra
2251 4830 2339 4898 ju-

758 4925 885 4979 beat
944 4919 1228 4992 prudentia
1274 4920 1571 4988 inquirere,
1618 4920 1878 4988 uobisque
1919 4918 2073 4972 solita
2102 4908 2337 4974 benevo-

758 5013 939 5068 lentia:
964 5013 1163 5083 pietate
1183 5011 1434 5066 intimare
1453 5010 1682 5064 studeat.
1711 5009 1846 5076 Quia
1893 5009 2036 5063 domi
2076 5009 2339 5063 manenti-

760 5105 864 5158 bus
893 5111 1106 5156 nostros
1135 5102 1320 5156 oculos
1341 5101 1596 5157 nebulosa
1622 5117 1884 5172 aquarum
1921 5101 2174 5156 exaltatio
2221 5099 2336 5172 [Ρη

763 5190 1084 5264 exhalatio],
1130 5191 1212 5245 vel
1240 5190 1438 5261 Belgici
1469 5192 1708 5261 pulveris
1750 5194 1853 5248 iter
1897 5193 2179 5262 agentibus
2217 5207 2342 5246 ven-

768 5294 922 5336 tuosa
961 5280 1203 5351 aspersio
1245 5279 1532 5350 caliginare
1569 5279 1717 5334 facit.
1749 5280 1874 5334 Ideo
1903 5290 2080 5335 vestra
2129 5281 2343 5335 bonitas

767 5373 1023 5441 adjuvare
1051 5388 1155 5425 non
1186 5372 1504 5440 dedignetur
1530 5380 1881 5442 quaerentem,
1911 5379 1963 5423 et
1992 5371 2044 5424 in
2066 5371 2205 5423 viam
2250 5387 2341 5425 vc-

844 5516 868 5541 ι
915 5501 1376 5576 Ρνορεενῌιαιιαιη
1415 5522 1576 5576 nuper
1613 5502 1789 5574 (anno
1815 5502 1938 5576 797)
1983 5512 2344 5576 transactum;

772 5572 876 5645 {ire
895 5581 1103 5640 propter
1132 5571 1408 5645 bissextum
1435 5571 1593 5645 prope
1624 5571 1788 5644 (anno
1821 5571 1946 5642 800)
1974 5573 2343 5627 imminentem.

777 5641 1062 5714 DataAergo
1097 5641 1312 5714 videtur
1331 5641 1445 5696 haec
1466 5641 1690 5714 epistola
1719 5660 1860 5700 anno
1900 5646 2024 5699 798.

1095 5710 1551 5792 Edit..|lal)il.lotiii
1576 5716 1628 5779 7,
1656 5715 1846 5792 Pelii!
1860 5714 2063 5792 collata
2080 5728 2204 5792 cum
2225 5712 2344 5767 cod.

781 5794 881 5857 rus.
915 5781 1108 5833 Salisb.
1141 5781 1587 5857 S_cripta_videtur
1618 5799 1758 5838 anno
1785 5785 1887 5840 798
1917 5784 2130 5857 quando
2159 5799 2347 5852 nempe

787 5866 804 5896 ο
844 5851 1129 5918 imperator
1169 5851 1371 5908 Arnoni
1411 5853 1810 5924 archiepiscopo
1847 5851 2344 5924 prrccepitpergere

2436 4652 2795 4724 prosperitate
2838 4653 3000 4718 bona,
3027 4650 3208 4705 divina
3263 4658 3438 4704 tecum
3481 4647 3774 4702 comitante
3817 4643 4016 4714 gratia,

2435 4761 2598 4817 perge
2624 4746 2676 4798 in
2696 4760 2832 4815 opus
2855 4744 2975 4809 Dei,
3007 4750 3202 4799 etcum
3232 4740 3436 4812 gaudio
3449 4744 3732 4793 revertere-
3767 4734 3838 4790 ad
3882 4747 4007 4796 nos;

2436 4845 2488 4890 et
2514 4847 2632 4889 esto
2651 4834 2970 4904 przedicator
2996 4833 3234 4902 pietatis,
3270 4845 3378 4887 non
3402 4825 3731 4884 decimarum
3759 4832 4019 4887 exactor;

2437 4925 2562 4993 quia
2591 4923 2798 4977 novella
2823 4921 3045 4994 [anima]
3067 4919 3372 4991 apostolica
3391 4917 3606 4991 pietatis
3620 4917 3757 4972 lacte
3777 4915 4009 4970 nutrien'

2440 5016 2507 5070 da
2532 5023 2635 5079 est,
2680 5013 2849 5068 donec
2892 5020 3104 5068 crescat
3137 5008 3193 5068 et
3238 5014 3522 5068 roboretur
3547 5011 3615 5065 ad
3641 5009 4014 5078 acceptionom

2441 5107 2596 5163 solidi
2636 5104 2762 5160 cibi.
2790 5103 3040 5170 Decimae,
3073 5113 3133 5159 ut
3159 5104 3374 5168 dicitur,
3407 5099 3682 5156 Saxonum
3733 5099 4011 5154 subverte-

2443 5204 2568 5252 runt
2593 5195 2777 5250 ﬁdem.
2799 5192 2937 5261 Quid
2975 5192 3354 5264 injungendum
3378 5199 3462 5246 est
3485 5192 3671 5262 jugum
3710 5187 4005 5244 cervicibus

2445 5287 2751 5348 idiotarum,
2797 5282 2939 5353 quod
2989 5296 3161 5351 neque
3208 5297 3324 5346 nos,
3375 5295 3547 5350 neque
3594 5278 3794 5333 fratres
3844 5277 4005 5333 nostri

2445 5372 2668 5428 sufferre
2696 5371 3019 5441 potuerunt?
3041 5371 3208 5442 Igitur
3238 5372 3296 5427 in
3325 5371 3428 5426 fide
3448 5368 3648 5426 Christi
3687 5368 3884 5423 salvari
3907 5367 4010 5424 ani-

2448 5505 2502 5558 in
2527 5510 2710 5572 partes
2731 5500 3046 5558 Sclavorum
3064 5509 3119 5558 et
3138 5501 3421 5574 providere
3443 5512 3654 5574 omnem
3681 5491 3827 5574 illam
3854 5496 4006 5574 regio-

2449 5567 2572 5627 nem
2600 5581 2656 5628 et
2682 5574 3106 5628 ecclesiasticum
3130 5567 3366 5626 ofﬁcium
3392 5569 3590 5633 colere,
3611 5567 4008 5637 populosquejn

2450 5643 2554 5696 Ilde
2579 5652 2634 5698 et
2661 5643 3065 5698 Christianitate
3088 5639 3426 5706 prmdieando
3458 5630 3780 5706 confertam,
3809 5630 3924 5706 fut
3943 5630 4012 5685 lo-

2450 5713 2634 5780 quitur
2667 5713 2977 5780 Anonymus
3007 5704 3231 5780 Salisb._r
3247 5709 3314 5764 de
3355 5708 3701 5780 conversione
3730 5704 4008 5780 gajoar-Agt

2451 5769 2668 5838 Caram.
2701 5769 2841 5852 apud
2867 5780 3176 5852 llansizium
3196 5778 3377 5852 Germ.
3405 5779 3553 5836 Sacr.
3579 5787 3708 5832 tom.
3734 5769 3872 5841 ll,'p.
3905 5769 4005 5825 l08.

2453 5853 2629 5923 (Apud
2667 5848 2896 5909 Froben.
2931 5852 3087 5920 epis'.
3115 5848 3230 5920 72.)
