4400 6470
252 409 368 470 285

1685 410 2036 467 ΕΡΙΒΤΟι.Ε
2048 453 2060 464 .

3391 412 3497 470 286

253 542 379 581 mas
399 523 729 580 credentium
751 524 1083 579 conﬁdimus.
1105 522 1255 580 Vade
1284 523 1460 588 modo,
1488 524 1833 580 dilectissime
1864 531 1904 584 Α
1936 523 2049 577 vult
2090 523 2217 577 facit
2259 523 2311 578 in
2338 523 2493 579 cmlo.
2531 524 2631 590 Qui
2673 524 2967 582 laboriosas
3009 526 3293 598 piscatoris
3322 545 3514 587 manus

253 613 453 678 frater,
485 612 539 667 in
572 612 1013 668 benenedictione
1037 612 1153 678 Dei,
1185 622 1239 668 et
1270 613 1630 668 consolatione
1660 614 1833 682 Spiri-

252 712 350 759 tus
399 703 590 759 sancti.
619 703 847 760 Albinus
894 710 1016 756 tuus
1040 714 1124 757 est
1152 713 1327 758 tecum
1364 704 1415 757 in
1464 704 1644 767 corde,
1671 720 1830 773 quem

150 784 159 797 ⁴
251 791 468 847 utinam
494 793 693 848 habeas
730 794 837 847 cito
869 793 1071 847 socium
1104 794 1157 847 in
1179 809 1344 863 opere
1372 795 1485 848 Dei.
1512 795 1618 848 Nos
1650 796 1833 848 matri-

249 878 492 964 culares.
510 895 608 950 pro
639 889 691 936 te
710 896 867 936 orare
895 898 999 937 non
1040 897 1336 948 cessamus,
1363 894 1625 952 quatenus
1654 887 1831 940 divina

150 962 159 981 ‘
249 978 314 1024 te
345 962 544 1039 ubique
578 971 867 1039 praeveniat
894 978 949 1025 et
989 972 1349 1040 subsequatur
1384 974 1578 1042 gratia,
1616 982 1672 1025 ut
1709 990 1829 1027 cum

248 1060 543 1130 multiplici
566 1061 640 1130 pii
667 1061 846 1131 operis
877 1061 1054 1116 fructu
1087 1066 1374 1117 revertaris
1401 1065 1466 1118 ad
1504 1080 1618 1119 nos.
1655 1066 1830 1141 Bonos

246 1161 316 1206 ct
361 1152 637 1221 religiosos
668 1160 842 1206 tecum
880 1152 1047 1207 babes
1068 1155 1267 1219 socios,
1296 1155 1350 1209 in
1395 1170 1619 1224 quorum
1646 1171 1739 1211 ore
1777 1166 1831 1210 et

246 1242 667 1296 conversatione
693 1256 885 1295 nomen
925 1242 1132 1296 Domini
1174 1242 1301 1299 Iesu
1346 1244 1691 1314 glorilicetur.
1722 1245 1829 1301 Nos

249 1343 476 1399 semper
497 1331 738 1400 suspensi
765 1331 969 1391 erimus
1004 1333 1069 1392 de
1098 1334 1268 1388 reditu
1305 1343 1415 1398 tuo,
1442 1336 1611 1390 donec
1653 1338 1831 1392 videa-

150 1430 157 1455 ι
250 1432 383 1475 mus
431 1433 591 1489 quem
628 1434 890 1485 amamus,
930 1422 1316 1491 amplectamur
1364 1427 1615 1480 manibus
1665 1442 1827 1495 quem

249 1505 425 1561 corde
454 1506 833 1563 desideramus.
867 1522 893 1553 ι
922 1510 1156 1566 Tertiam
1189 1528 1316 1567 vero
1346 1522 1551 1581 partem
1577 1516 1640 1570 de
1682 1516 1828 1570 labo-

250 1594 415 1650 ribus
442 1596 548 1652 tuis
565 1611 663 1665 per
691 1597 895 1668 singula
923 1598 1039 1654 loca
1063 1615 1157 1655 seu
1188 1602 1544 1671 episcopatus,
1571 1619 1663 1658 seu
1708 1620 1821 1659 mo-

249 1686 503 1750 nasterii,
551 1689 815 1743 concessit
876 1689 972 1743 tibi
1023 1705 1115 1744 rex
1161 1692 1214 1746 in
1259 1693 1649 1763 eleemosynam
1687 1703 1829 1748 tuam

247 1775 496 1840 tradere,
524 1778 567 1831 si
590 1779 703 1832 dies
730 1787 851 1835 tuus
894 1788 1072 1834 tecum
1100 1791 1452 1851 prosequetur
1489 1782 1640 1855 [Cod.
1686 1783 1823 1851 Sal.,

1933 616 1998 667 ab
2030 615 2189 668 hamo
2225 614 2289 668 ad
2318 614 2554 669 ccelestis
2593 616 2741 686 regni
2775 617 3045 671 transtulit
3072 616 3311 684 clavem;
3354 626 3410 675 et
3446 617 3513 674 de

1931 712 2277 773 persecutore
2314 712 2622 757 sanctorum
2652 704 2811 759 ellicit
2846 708 3251 775 praedicatorem
3290 710 3516 779 populo-

1932 810 2071 847 rum.
2104 794 2228 849 Ilmc
2261 810 2387 849 vero
2415 796 2760 849 considerans
2786 809 2886 849 nec
2909 796 2976 850 de
3001 795 3238 851 fraterna
3264 797 3513 867 desperes

1930 885 2122 949 salute,
2162 901 2261 940 nec
2294 884 2357 941 de
2390 886 2605 957 propria
2641 886 2852 940 dubites
2886 885 3148 941 efﬁcacia.
3184 886 3345 942 Pauci
3387 898 3512 942 sunt

1930 974 2044 1026 dies
2074 973 2293 1037 laboris,
2326 975 2417 1028 sed
2448 974 2663 1041 plurimi
2704 974 2988 1029 mercedis.
3031 974 3239 1029 Labora
3276 976 3407 1047 [ΑΔ.
3435 976 3512 1029 la-

1930 1063 2101 1135 boro],
2134 1064 2313 1119 labora
2347 1080 2447 1134 pro
2477 1080 2561 1119 me
2597 1073 2653 1119 et
2693 1080 2789 1135 pro
2832 1074 2903 1129 te,
2936 1074 2995 1117 ut
3033 1073 3155 1118 tuus
3192 1065 3343 1121 labor
3378 1067 3507 1121 mibi

1930 1154 2203 1221 proﬁciat;
2238 1168 2353 1207 mea
2394 1154 2654 1218 voluntas,
2700 1154 2745 1208 si
2786 1153 2914 1223 quid
2950 1161 3142 1223 potest,
3168 1162 3233 1208 te
3271 1155 3507 1223 adjuvet.

1930 1243 2108 1298 Trabe
2146 1258 2229 1298 me
2264 1252 2385 1314 post
2418 1252 2472 1299 te
2506 1246 2760 1314 precibus
2798 1255 2903 1300 tute
2938 1247 3246 1300 sanctitatis
3276 1264 3290 1301 :
3326 1262 3512 1302 curre-

1930 1347 2048 1387 mus
2074 1331 2251 1398 simul,
2280 1332 2449 1386 donec
2475 1332 2781 1387 introducat
2809 1346 2907 1388 nos
2936 1349 3031 1387 rex
3058 1333 3112 1387 in
3139 1332 3329 1387 cellam
3357 1333 3512 1387 vina-

1925 1423 2087 1487 riam,
2130 1424 2383 1477 ordinans
2425 1424 2477 1478 in
2524 1423 2680 1477 nobis
2721 1438 2831 1477 sua:
2873 1423 3151 1479 cbaritatis
3192 1423 3509 1477 suavitatem

1929 1512 2104 1582 (Cant.
2137 1530 2199 1578 ιι,
2227 1513 2304 1583 4).
2347 1514 2413 1567 Et
2449 1513 2576 1583 quia
2616 1529 2719 1568 vox
2757 1524 2949 1569 vestra:
2987 1515 3289 1571 dilectionis
3318 1515 3383 1570 ad
3414 1530 3513 1571 nos

1927 1606 2204 1673 pervenire
2230 1620 2333 1659 non
2367 1614 2572 1675 potest,
2609 1606 2805 1675 saepius
2829 1609 3018 1663 charta
3046 1625 3207 1679 quam
3238 1610 3511 1667 relationis

1928 1704 2151 1760 vocant,
2180 1705 2380 1751 currat.
2408 1696 2738 1766 Frater,qui
2766 1697 3051 1766 adjuvatur
3078 1714 3108 1752 a
3138 1699 3325 1765 fratre,
3354 1702 3510 1771 quasi

1929 1788 2117 1842 civitas
2144 1788 2293 1841 ﬁrma
2319 1797 2418 1843 est.
2454 1787 2623 1854 Quam
2654 1788 2860 1858 pulchri
2891 1796 3015 1844 sunt
3043 1789 3207 1858 pedes
3239 1792 3509 1861 evangeli-

248 1872 308 1918 te
346 1866 782 1937 prosequeretur]
808 1868 862 1921 in
886 1869 987 1934 via,
1028 1878 1081 1924 et
1118 1871 1220 1925 boc
1246 1872 1492 1927 indiculis
1524 1873 1830 1927 conﬁrmari
1865 1858 1907 1916 Β
1934 1876 2167 1935 zantium
2194 1890 2398 1945 pacem,
2426 1875 2906 1946 evangelizantium
2934 1878 3072 1931 bona
3105 1876 3281 1947 (Rom.
3308 1893 3363 1943 x,
3384 1858 3503 1948 IS).

245 1954 513 2023 praecepit
541 1953 693 2025 [Cod.
730 1956 868 2021 Sat.,
891 1960 1174 2031 praecipit].
1212 1961 1350 2016 Ecce
1375 1962 1651 2017 deﬁciente
1678 1966 1831 2019 char-

248 2040 395 2108 tula,
416 2058 519 2096 non
540 2044 822 2110 cbaritate,
845 2062 1075 2115 pennam
1100 2048 1433 2118 deponimus,
1462 2052 1575 2104 bzec
1597 2061 1828 2105 tantum.

246 2132 420 2187 modo
440 2132 772 2189 salutationis
814 2137 977 2213 verba
1026 2139 1401 2194 subnectentes
1442 2158 1453 2192 :
1516 2141 1675 2195 Vivas
1719 2142 1827 2196 Deo

246 2221 504 2286 feliciter,
538 2225 718 2289 vadas,
749 2234 804 2280 et
842 2226 1127 2295 proﬁciens
1154 2227 1347 2283 ﬂoreas
1396 2230 1448 2283 in
1493 2245 1655 2299 opere
1694 2231 1821 2296 Dei;

244 2316 307 2363 ct
360 2317 413 2361 te
467 2310 663 2379 ubique
708 2322 923 2366 euntem
964 2322 1018 2368 et
1067 2316 1378 2370 redeuntem
1436 2318 1629 2372 summi
1688 2318 1827 2389 regis

244 2394 477 2449 dextera
525 2407 786 2472 protegat,
834 2409 889 2454 et
918 2400 1185 2470 defendat,
1220 2404 1541 2471 venerande,
1595 2404 1829 2464 dilectis-

245 2484 391 2541 sime
412 2494 467 2541 et
501 2486 806 2544 dulcissime

663 2600 689 2641 δ
722 2600 1052 2659 EPISTOLA
1090 2604 1413 2661 LXXXVIII.

855 2708 923 2746 AD
961 2709 1227 2750 ARNONEI.

635 2780 809 2851 (Anno
834 2780 957 2845 798,
985 2796 1168 2835 mense
1192 2780 1457 2851 Octobri.)

242 2866 513 2928 Hortatur
552 2870 621 2941 ad
645 2888 835 2941 manus
871 2870 1207 2941 apostolicum
1248 2872 1463 2940 impigre
1498 2871 1823 2935 obeundum;

319 2952 415 3012 nec
442 2953 495 2991 se
525 2937 602 3012 sel
636 2937 937 3012 inﬁrmitate
967 2942 1215 3009 corporis,
1243 2937 1329 2993 vel
1342 2937 1468 2994 citra
1495 2942 1823 3012 propriarum

318 3006 494 3061 ovium
519 3006 758 3076 impediri
784 3008 1035 3075 patiatur.

1932 1963 2141 2039 [Exalta
2178 1968 2317 2021 sicut
2349 1968 2474 2021 tuba
2502 1982 2687 2021 vocem
2719 1975 2893 2030 tuam,
2935 1977 2990 2022 et
3028 1976 3297 2022 memento
3334 1976 3387 2023 te
3426 1968 3508 2023 di-

1929 2056 2009 2109 xit
2036 2054 2145 2126 [Ita
2171 2055 2313 2121 cod.,'
2339 2054 2474 2124 forte
2502 2054 2774 2126 legendum
2804 2066 3074 2112 memento
3110 2065 3162 2113 te.
3186 2058 3339 2128 sequi
3358 2074 3501 2124 eum,

1930 2144 2020 2213 qui
2056 2142 2210 2214 dixit]
2253 2158 2267 2195 :
2306 2144 2452 2198 Alias
2493 2161 2607 2198 oves
2636 2145 2821 2210 habeo,
2849 2161 2965 2215 quae
3006 2163 3109 2200 non
3149 2158 3269 2201 sunt
3310 2165 3374 2203 ex
3408 2149 3506 2202 hoc

1928 2233 2079 2298 ovili,
2118 2249 2233 2302 qua:
2266 2248 2433 2287 vocem
2470 2226 2637 2286 meam
2663 2233 2917 2299 audiunt,
2958 2244 3005 2289 et
3042 2224 3162 2288 illas
3191 2253 3272 2289 me
3308 2246 3505 2306 oportet

1927 2323 2201 2385 adducere,
2234 2332 2281 2376 at
2309 2321 2401 2389 ﬁat
2433 2338 2591 2377 unum
2620 2322 2752 2376 ovile
2781 2331 2829 2376 et
2858 2340 2993 2377 unus
3026 2334 3205 2393 pastor
3233 2324 3413 2394 (loan.
3446 2341 3500 2390 x,

1931 2412 2038 2483 l6).
2071 2412 2179 2469 Nec
2205 2421 2256 2466 te
2284 2413 2489 2481 priores
2513 2428 2639 2467 oves
2670 2412 2982 2481 impediunt,
3012 2415 3140 2485 quin
3168 2415 3343 2469 minus
3368 2413 3503 2469 alias

1928 2492 2205 2565 adducas,
2236 2510 2288 2556 et
2326 2502 2493 2558 facias
2524 2519 2687 2558 unum
2717 2503 2875 2558 ovile.
2904 2503 3206 2575 Cognoscat
3246 2504 3502 2574 sapientia

1929 2606 2105 2653 vestra
2133 2597 2260 2667 quid
2287 2598 2552 2667 signiﬁcat
2578 2598 2790 2652 devotio
2817 2606 3019 2652 nostra.
3050 2597 3126 2653 De
3150 2613 3316 2668 puero
3344 2612 3502 2667 quem

1926 2690 2187 2744 habemus
2226 2689 2279 2743 in
2308 2689 2465 2743 domo
2494 2697 2698 2752 nostra,
2729 2688 2869 2742 sicut
2898 2687 3067 2743 ﬁlium
3090 2689 3417 2752 erudiemus,
3450 2695 3503 2742 et

1926 2777 2136 2831 volente
2170 2777 2281 2832 Deo
2316 2777 2614 2845 perfectum
2644 2776 2903 2832 faciemus
2930 2778 3103 2832 virum
3133 2764 3211 2832 ex
3236 2776 3345 2831 illo.
3384 2777 3501 2831 Eri-

1925 2882 2043 2920 mus
2071 2866 2119 2920 ei
2141 2866 2412 2933 adjutores
2432 2867 2723 2920 secundum
2745 2882 2962 2922 causam
2984 2876 3037 2921 et
3060 2868 3314 2935 temporis
3338 2867 3501 2921 ratio-

1925 2970 2077 3020 nem;
2103 2964 2156 3011 et
2177 2956 2220 3010 si
2245 2954 2453 3008 volente
2478 2954 2588 3007 Deo
2610 2954 2899 3009 viderimus
2924 2954 3089 3009 facies
3114 2964 3346 3020 nostras,
3371 2964 3498 3011 tunc

1925 3047 2105 3102 omnia
2134 3047 2198 3101 de
2220 3046 2330 3109 illo,
2363 3045 2501 3100 sicut
2530 3045 2595 3100 de
2624 3044 2743 3100 aliis
2768 3044 2968 3110 multis,
3000 3045 3283 3100 consilium
3310 3046 3497 3102 salutis

315 3116 648 3173 εωτίδείιηο
682 3118 734 3172 in
770 3116 983 3173 (Πιτίειο
1018 3118 1161 3173 Patri
1193 3118 1419 3190 [Αίιιιῑιω
1455 3120 1700 3193 Aulmus]
1742 3123 1825 3176 in'
1851 3188 1893 3205 η
1928 3136 2220 3205 capiamus.
2249 3134 2399 3190 Sicut
2426 3133 2524 3188 fuit
2549 3133 2775 3189 Albinus
2801 3143 2936 3197 tuus,
2966 3134 3040 3189 ita
3062 3134 3165 3189 erit
3184 3143 3239 3189 et
3264 3135 3316 3189 in
3339 3142 3496 3189 :cter—
3568 3172 3583 3185 .

226 3212 438 3267 ﬁrmus
462 3210 515 3264 in
542 3210 808 3272 desiderio
835 3210 997 3265 totius
1022 3210 1298 3266 eliaritatis
1324 3211 1565 3265 salutem.

315 3300 470 3355 Fidei
513 3308 703 3357 vestra:
744 3310 797 3356 et
844 3300 1009 3360 ﬁrmae
1050 3300 1330 3355 charitatis
1376 3300 1567 3355 litterae
1614 3317 1697 3355 me
1740 3302 1817 3373 [in

241 3390 409 3446 domo
438 3390 607 3443 sancti
634 3390 867 3461 Martini]
893 3392 1207 3444 invenerunt
1236 3390 1428 3461 [pridie
1455 3390 1633 3446 Nonas
1659 3391 1818 3447 Octo-

238 3476 418 3548 bris],
471 3478 564 3531 sed
612 3478 723 3532 Deo
770 3480 999 3532 donante
1051 3480 1242 3533 melius
1292 3481 1595 3537 habentem.
1650 3483 1714 3536 Et
1768 3492 1818 3537 tc

239 3582 453 3623 summa
479 3566 581 3639 Dei
597 3569 766 3637 gratia
796 3569 985 3623 melius
1009 3584 1070 3621 ac
1100 3569 1287 3623 melius
1317 3570 1514 3625 habere
1538 3574 1812 3638 concedat,

238 3668 298 3715 et
334 3674 471 3731 Opus
496 3658 599 3715 Dei
627 3659 765 3729 quod
805 3660 856 3713 in
887 3660 1133 3713 manibus
1161 3660 1344 3725 babes,
1387 3675 1628 3715 crescere
1656 3662 1816 3716 faciat

234 3766 341 3826 per
369 3752 591 3806 multam
624 3751 956 3805 latitudinem
996 3750 1201 3821 populi;
1243 3758 1295 3803 et
1334 3766 1399 3804 ne
1428 3759 1663 3819 tepescat
1701 3753 1816 3805 ani-

238 3856 367 3895 mus
394 3848 539 3905 tuus,
570 3856 669 3896 nec
696 3841 883 3895 crebra
910 3847 962 3893 te
988 3848 1257 3894 exterreat
1293 3840 1531 3910 corporis
1562 3841 1634 3894 tui
1666 3840 1814 3894 inﬁr-

238 3930 425 3984 mitas.
467 3928 599 3983 Nam
625 3928 795 3986 virtus
823 3946 888 3983 ex
927 3929 1233 3983 inﬁrmitate
1271 3930 1545 3998 perﬁcitur
1573 3929 1655 4000 (Il
1690 3929 1811 3984 Cor.

234 4035 345 4084 xu,
373 4019 451 4089 9),
482 4018 630 4072 Felix
661 4018 809 4073 locus
842 4029 896 4072 et
923 4020 1049 4077 hora
1079 4020 1130 4071 in
1158 4036 1260 4091 qua
1288 4029 1339 4073 te
1368 4021 1641 4075 constituit
1672 4037 1815 4074 sum-

236 4124 365 4165 mus
395 4116 660 4162 terrarum
692 4115 885 4161 rector.
927 4106 1031 4161 Sed
1072 4122 1228 4161 curre
1267 4108 1551 4173 currendo,
1594 4118 1652 4161 ut
1692 4124 1813 4162 cur—

232 4214 356 4255 sum
386 4208 535 4253 tuum
559 4196 821 4267 compleat
856 4196 1017 4261 Deus,
1052 4206 1107 4252 et
1144 4198 1300 4252 ﬁdem
1332 4194 1637 4264 conserves,
1667 4207 1720 4253 et
1747 4199 1813 4254 de

232 4290 449 4359 reliquo
472 4288 565 4343 tibi
591 4296 862 4343 remaneat
886 4302 1083 4342 corona
1103 4287 1283 4358 gloria:
1307 4288 1391 4359 (II
1410 4288 1543 4345 Tim.
1567 4306 1637 4354 tv,
1658 4289 1709 4355 7,
1731 4289 1807 4361 8).

231 4380 344 4441 Nos
379 4395 507 4433 vero
537 4388 879 4447 peccatorum
914 4380 1121 4437 vincula
1150 4380 1341 4450 partim
1371 4380 1547 4436 surculi
1582 4382 1810 4446 catenis,

230 4471 431 4541 partim
458 4471 684 4527 vinculis
713 4474 1019 4528 morborum
1041 4490 1259 4529 currere
1283 4476 1566 4544 abnegant,
1592 4483 1645 4529 et
1667 4474 1807 4544 quod

1921 3241 2048 3279 num
2086 3243 2101 3290 ;
2134 3225 2256 3295 quia
2287 3224 2377 3295 qui
2400 3224 2562 3295 erepit
2589 3219 2869 3281 charitatis
2895 3226 3092 3280 bonum
3120 3225 3375 3302 in_nobis,
3402 3225 3491 3281 ille

1918 3314 2180 3384 perﬁciat,
2211 3324 2267 3369 et
2290 3316 2356 3369 ad
2385 3314 2507 3369 ﬁdei
2536 3315 2855 3381 mercedem,
2884 3317 3066 3381 credo,
3098 3332 3345 3387 magnam
3371 3331 3494 3386 per-

1921 3406 2096 3459 ducat.
2130 3403 2231 3469 Qui
2268 3412 2440 3457 autent
2478 3406 2871 3474 perseveraverit
2910 3406 2963 3458 in
2987 3406 3173 3473 ﬁnem,
3213 3408 3295 3460 hic
3323 3407 3494 3461 salvus

1918 3498 2012 3549 erit
2036 3496 2248 3567 (Matth.
2275 3512 2328 3561 x,
2351 3494 2463 3565 22).
2488 3495 2742 3551 Dominus
2762 3496 3024 3551 custodiat
3044 3497 3320 3552 introitum
3342 3505 3491 3552 tuum

1917 3591 1971 3635 et
2007 3585 2210 3637 exitum
2239 3593 2388 3637 tuum
2428 3600 2495 3638 ex
2536 3586 2638 3639 hoc
2678 3601 2819 3639 nunc
2844 3593 2898 3640 et
2934 3602 3101 3657 usque
3140 3588 3192 3641 in
3231 3597 3488 3643 :eternum

1918 3670 2089 3740 (Psal.
2137 3686 2262 3734 cxx,
2308 3672 2383 3739 8).
2429 3671 2588 3725 V'ivas
2628 3672 2874 3740 feliciter,
2908 3684 2961 3729 et
2995 3674 3186 3731 ﬂoreas
3221 3676 3278 3729 in
3305 3690 3487 3745 opere,

1915 3760 2078 3813 verbo
2104 3759 2217 3812 Dei.
2252 3759 2399 3822 Vale,
2430 3758 2613 3825 frater,
2642 3759 2695 3814 in
2724 3768 3019 3827 aeternum;
3054 3774 3324 3819 memento
3346 3779 3488 3820 sem-

1914 3865 2010 3919 per
2034 3864 2189 3904 orare
2214 3866 2309 3919 pro
2338 3851 2513 3915 nobis,
2554 3858 2608 3905 et
2642 3866 2848 3906 memor
2881 3852 2953 3907 sit
2980 3868 3190 3923 semper
3223 3854 3363 3909 Deus
3390 3853 3486 3910 ad-

1908 3941 2034 4011 juva
2043 3957 2099 3995 re
2129 3952 2201 3997 te.
2526 4022 2533 4029 .

2338 4032 2362 4071 ι¹
2406 4033 2737 4089 EPISTOLA
2780 4034 3064 4091 LXXXIX.

2492 4136 2557 4174 AD
2599 4138 2922 4177 LIOBIADUI.

2520 4211 2697 4281 (Anno
2724 4212 2872 4283 798.)

1912 4305 2158 4361 Liobradi
2184 4306 2475 4379 (Leidradi)
2504 4307 2649 4381 electi
2674 4310 2899 4379 episcopi
2927 4309 3283 4381 Lugdunensis
3308 4315 3477 4369 amici-

2508 4380 2634 4431 tiam
2667 4389 2895 4449 exoptat.

1981 4484 2254 4551 Pontiﬁei,
2289 4486 2470 4554 fratri,
2515 4487 2688 4541 amico
2722 4499 2744 4527 ο
2774 4486 3039 4544 Liobrado
3066 4489 3235 4545 electo
3262 4491 3485 4547 Albinus

231 4534 287 4612 in
341 4558 614 4614 voluntate
665 4571 966 4630 promptum
1013 4572 1133 4625 est,
1187 4563 1238 4615 in
1293 4534 1455 4619 carne
1508 4534 1807 4623 inﬁrmatur
1836 4534 2157 4628 Dsalutem.

230 4645 430 4717 (Marc.
462 4662 570 4711 xlv,
602 4648 713 4720 58).
761 4648 864 4705 Sed
905 4649 996 4703 ﬁat
1042 4649 1287 4704 voluntas
1324 4650 1574 4706 Domini:
1618 4659 1671 4705 et
1714 4652 1807 4721 qui

230 4739 399 4807 cmpit
435 4738 489 4793 in
529 4739 741 4807 spiritu,
784 4740 1045 4810 compleat
1084 4741 1137 4794 in
1176 4755 1358 4808 opere.
1400 4728 1595 4794 Sciant
1619 4756 1809 4796 omnes

227 4835 442 4898 gentes,
468 4828 619 4895 quasi
650 4828 769 4882 stilo
798 4830 969 4886 sitqu
997 4841 1042 4882 ε.
1073 4829 1203 4896 Quis
1231 4845 1328 4898 ego
1354 4829 1455 4885 nisi
1484 4831 1657 4900 pulvis
1684 4846 1806 4902 par-

228 4915 517 4970 vissimus?
563 4917 761 4976 Tamen
808 4920 897 4988 qui
940 4908 1006 4975 de
1046 4922 1262 4988 pulvere
1307 4924 1484 4981 evexit
1523 4923 1803 4989 Dominus,

224 5013 411 5087 potest
434 5006 501 5065 de
523 5016 767 5064 creatura
788 5006 964 5064 facere
987 5024 1103 5078 quae
1132 5012 1242 5069 vult
1265 5030 1277 5063 :
1302 5013 1425 5083 quia
1452 5015 1651 5078 omnia,
1683 5030 1801 5083 qua:

298 5146 324 5174 ι
369 5132 595 5207 Tertiam
623 5146 821 5207 partem
850 5136 913 5190 de
940 5136 1202 5194 laboribus
1224 5140 1347 5192 tuis.
1380 5157 1397 5189 ι
1428 5140 1569 5196 Sane
1598 5156 1799 5196 memo~

224 5204 547 5289 ratu_‘digna
586 5204 671 5261 est
702 5206 918 5289 donatio
952 5222 1109 5289 quam
1144 5224 1235 5262 rex
1272 5208 1472 5289 Λεγιᾳηί
1512 5209 1664 5289 fecit,
1704 5228 1801 5279 per

223 5271 599 5348 singula—loca
648 5292 768 5348 qua:
822 5271 1093 5348 laboribus
1138 5279 1442 5348 apostolicis
1488 5271 1798 5339 exeulturus

224 5348 391 5403 esset,
421 5344 591 5408 partis
618 5344 811 5408 tertia},
846 5368 864 5399 ι
896 5346 1108 5401 llasstz.

264 5356 391 5403 sset,
494 5356 591 5397 rtts
618 5356 811 5408 tentur.
846 5368 864 5399 ι
896 5356 1108 5401 llassn.

264 5356 521 5534 “5&3”
556 5412 700 5476 Edit,
723 5415 1007 5498 Mabill..15
1030 5418 1115 5473 ubi
1142 5418 1327 5475 mutila
1348 5429 1448 5478 est.
1472 5420 1569 5474 Hic
1591 5420 1795 5497 integra

364 5490 406 5532 ιι
441 5495 507 5534 ex
542 5482 662 5534 00d.
696 5499 795 5534 ms.
834 5486 1029 5534 thsh-
1071 5487 1164 5534 Est
1200 5504 1324 5534 vam
1360 5493 1695 5534 resmnmria
1731 5495 1794 5534 ad

223 5482 415 5563 prodit
441 5495 507 5539 ex
696 5499 795 5563 ms.
834 5486 1030 5563 Salisb.
1068 5487 1164 5547 Est
1200 5482 1795 5563 v'eroresponsoriavad

223 5551 505 5674 epistolam
552 5551 805 5633 Arnopis,
848 5558 972 5610 dum
1019 5559 1064 5613 is
1105 5574 1244 5612 anno
1290 5557 1390 5613 798
1436 5551 1488 5613 in
1529 5559 1793 5644 Hunniam

223 5637 252 5673 τι
293 5630 473 5674 usset.
514 5622 596 5674 vel
630 5622 872 5674 abiturus
902 5637 1065 5674 esset-
1101 5629 1285 5674 dnlmm
1322 5630 1461 5674 nnnrl
1497 5646 1523 5674 τι
1563 5646 1793 5674 nmnrm

222 5622 486 5701 abiisset,_
514 5622 596 5675 vel
630 5622 872 5679 abiturus
902 5637 1065 5701 esset,
1101 5629 1285 5701 dolens
1322 5630 1462 5697 quod
1497 5646 1524 5682 a
1563 5634 1794 5701 propriis

220 5693 413 5769 ovibus
439 5692 627 5769 abesse
647 5701 949 5769 cogeretur.
974 5696 1229 5769 Alcuinus
1258 5692 1581 5769 respondet;
1606 5692 1714 5754 Νὲσ
1746 5712 1793 5757 te

222 5762 418 5827 priores
446 5778 561 5818 oves
590 5763 892 5833 impediunt,
921 5774 1023 5820 etc.
1057 5767 1229 5836 (Apud
1252 5762 1479 5825 Froben.
1505 5762 1658 5839 epist.
1678 5772 1788 5842 75.)

1974 4661 2189 4717 Gratias
2222 4679 2322 4732 ago
2359 4663 2467 4718 Deo
2492 4664 2582 4733 qui
2617 4666 2777 4719 talem
2814 4666 2944 4719 mihi
2976 4667 3270 4735 perdonare
3298 4671 3480 4741 digna-

1905 4759 1994 4807 tus
2018 4761 2101 4807 est
2128 4752 2392 4817 amicum,
2423 4753 2475 4807 in
2502 4752 2655 4822 cujus
2686 4754 2787 4809 ﬁde
2816 4755 3038 4821 veritas,
3069 4757 3121 4810 in
3156 4756 3305 4826 cujus
3330 4760 3477 4815 boni-

1906 4850 2014 4898 tate
2058 4843 2384 4912 benignitas,
2428 4844 2481 4897 in
2524 4844 2675 4913 cujus
2712 4845 2933 4901 consilio
2974 4847 3119 4902 salus
3153 4864 3363 4919 semper
3400 4853 3480 4906 in-

1907 4940 2062 4988 venta
2106 4943 2205 4987 est.
2247 4928 2317 4987 Et
2354 4942 2555 5003 quanto
2595 4936 2829 4991 rariores
2870 4954 3012 4994 nunc
3052 4941 3306 5007 temporis
3346 4940 3481 4994 tales

1908 5019 2133 5075 inveniri
2158 5029 2397 5090 possunt,
2432 5030 2580 5078 tanto
2609 5025 2884 5081 cbariores
2911 5026 3097 5081 haberi
3121 5027 3330 5080 debent.
3362 5026 3477 5081 Sic-

1977 5162 1998 5190 ε
2032 5150 2357 5224 ῌαεο-νθὼει
2382 5150 2598 5209 omissa.
2619 5168 2648 5205 a
2690 5153 2827 5209 "ab.
2865 5153 3210 5224 supplendum
3247 5152 3471 5224 ex‘lsai.

1905 5235 1995 5283 ιιι,
2022 5221 2088 5275 15
2117 5236 2132 5273 :
2161 5221 2295 5274 Ecce
2323 5230 2497 5290 gentes
2524 5224 2675 5290 quasi
2710 5224 2851 5278 stilla
2880 5221 3071 5285 situla,
3100 5231 3147 5273 et
3187 5222 3336 5289 quasi
3362 5239 3473 5275 mo-

1903 5301 2131 5368 mentum
2157 5289 2364 5343 statera
2387 5289 2635 5359 reputatio
2656 5304 2776 5347 sunt
2799 5311 2817 5347 :
2840 5308 2953 5345 ecce
2977 5289 3161 5345 insula:
3183 5292 3332 5360 quasi
3354 5292 3472 5360 pulo

1903 5374 2463 5508 ωάεῗέῗίῗὲιρυθτςει.
2490 5428 2563 5508 8ίξ
2582 5445 2646 5508 ex
2662 5446 2799 5508 _ms_.;
3089 5427 3175 5483 7L

1980 5508 2003 5568 ε
2041 5496 2297 5568 Liobrado
2324 5496 2504 5568 electo.
2544 5498 2806 5553 Liodrado
2848 5497 3123 5568 legendum
3165 5505 3317 5568 putat
3360 5498 3458 5554 Ia-

1903 5566 2170 5638 billonius,
2201 5564 2291 5634 qui
2320 5575 2403 5621 est
2426 5567 2715 5623 Lcidradus
2745 5582 2887 5624 anno
2900 5564 3014 5623 1798
3040 5564 3240 5622 electus
3262 5568 3467 5638 episco-

1902 5652 2001 5704 pus
2027 5635 2426 5756 Lugdunensis;
2468 5639 2709 5706 sequenti
2738 5652 2864 5691 vero
2892 5653 3031 5691 anno
3063 5635 3464 5707 pt'imum'ordi-

1904 5715 2075 5756 natus.
2140 5705 2239 5756 'ide
2278 5705 2415 5756 Hist.
2448 5707 2570 5756 Litt.
2600 5708 2665 5756 de
2702 5706 2752 5756 la
2793 5705 3015 5756 France.
3055 5718 3180 5756 tant.
3215 5708 3316 5756 ιγ-
3343 5726 3398 5756 πί
3413 5726 3460 5756 a-

1900 5715 2075 5829 ἲὲἔυε.
2110 5705 2239 5759 Vide
2278 5705 2415 5761 llist.
2448 5705 2570 5762 Litt.
2600 5708 2665 5760 de
2702 5706 2752 5760 la
2792 5705 3015 5773 France,
3055 5705 3180 5761 toni.
3213 5708 3239 5764 1
3259 5708 3317 5777 γ,
3342 5726 3460 5780 ptg.

2028 5790 2162 5829 seua.

2028 5790 2162 5843 seqq.
