4400 6416
327 448 445 504 289

1750 434 2124 490 ειιιδτοιηε.

3480 436 3584 485 ἓυυ

404 520 724 613 Audiviiuus
758 566 971 623 quoque
1019 550 1226 621 aliquos
1263 550 1318 603 in
1351 549 1452 603 illis
1485 547 1725 617 partibus
1763 546 1906 600 atlir—
1933 553 1979 608 Α
2008 546 2152 599 dum.
2183 543 2401 598 Videtur
2425 543 2568 597 enim
2594 542 2879 612 .\poslulus
2900 544 3021 596 huic
3059 544 3416 598 observationi
3462 563 3583 600 csa.-

330 664 508 713 inure,
538 646 704 701 salem
731 657 850 698 esse
873 644 926 697 in
954 641 1278 697 sacriﬁcium
1304 638 1544 711 corporis
1570 635 1771 695 ChriSti
1794 636 1915 689 mit-

328 738 580 792 tendum.
607 750 631 777 ι
661 733 835 802 Quam
868 731 1308 787 consuetudinem
1346 743 1445 783 nec
1482 725 1803 782 universalis
1821 724 1929 785 οι»

324 835 519 881 servat
540 824 797 889 Ecclesia,
826 837 924 876 nec
944 820 1185 875 Romana
1212 820 1444 874 custodit
1459 818 1769 872 auctoritas.
1792 814 1914 867 Tres

325 926 477 978 sunt,
496 915 648 985 juxta
671 913 969 983 apostolum
989 910 1270 973 Joannem,
1286 910 1374 979 qui
1394 908 1744 963 testimonium
1764 906 1911 967 dant,

324 1007 553 1077 spiritus
588 1005 679 1077 (et)
706 1021 841 1074 aqua
862 1012 909 1056 et
951 1002 1162 1071 sanguis
1188 999 1240 1070 (1
1261 1001 1420 1053 Joan.
1446 1016 1500 1061 ν.
1523 998 1601 1068 8).
1626 998 1749 1051 Tria
1789 1002 1916 1051 sunt

326 1112 457 1166 qua:
483 1097 540 1150 in
586 1094 853 1150 sacriﬁcio
897 1090 1055 1160 hujus
1109 1088 1398 1145 testimonii
1442 1087 1714 1142 oﬁ‘erenda
1749 1093 1911 1140 sunt:

321 1188 512 1258 panis,
536 1196 591 1241 et
613 1201 750 1255 aqua
776 1192 831 1240 et
864 1184 1067 1236 vinum.
1091 1180 1244 1235 Sicut
1268 1180 1412 1234 enim
1435 1178 1656 1247 spiritus
1678 1174 1915 1229 viviﬁcat

324 1290 536 1345 corpus
557 1275 734 1344 (Joan.
764 1289 837 1337 vt,
868 1270 982 1343 64),
1016 1270 1089 1323 ita
1123 1268 1277 1338 panis
1302 1267 1581 1322 conﬁrmat
1608 1279 1705 1320 cor
1744 1263 1915 1318 homi-

326 1366 440 1420 nis.
472 1363 626 1418 Sicut
652 1362 794 1415 enim
832 1359 1089 1430 sanguine
1133 1356 1379 1411 liberavit
1421 1371 1519 1409 nos
1542 1353 1805 1416 Christus,
1837 1352 1913 1405 ita

323 1462 387 1507 et
414 1456 547 1508 vino
574 1450 827 1506 laetiﬁcat.
864 1448 995 1503 Item
1023 1450 1087 1502 de
1113 1461 1279 1515 aqua:
1322 1443 1424 1509 Qui
1449 1443 1630 1497 biberit
1664 1459 1730 1496 ea:
1749 1457 1911 1512 aqua,

323 1557 495 1612 quam
535 1556 628 1610 ego
651 1539 785 1593 dabo
807 1540 874 1602 ei,
906 1554 1009 1591 non
1053 1536 1185 1589 sitiet
1224 1536 1279 1587 in
1318 1542 1567 1586 teternum
1604 1530 1787 1602 (Joan.
1834 1546 1912 1595 tv,

329 1632 455 1699 l3).
487 1630 581 1683 Sic.
607 1627 761 1701 (Cod.
791 1626 907 1682 Sal.
927 1667 941 1691 ,
969 1623 1193 1695 scilicet]
1215 1632 1270 1677 et
1294 1623 1464 1691 panis,
1510 1622 1602 1690 qui
1642 1622 1696 1675 in
1722 1637 1915 1691 corpus

326 1720 541 1775 Christi
574 1726 940 1779 consecratur,
969 1719 1167 1784 absque
1201 1715 1463 1768 fermento
1509 1712 1669 1766 ullius
1694 1712 1916 1767 alterius

327 1809 668 1872 infectionis,
693 1807 851 1862 debet
868 1821 987 1860 esse
1010 1804 1418 1866 mundissimus;
1447 1810 1503 1856 et
1543 1817 1681 1870 aqua
1712 1801 1913 1870 absque

2013 635 2318 689 contrarius
2350 634 2404 687 in
2434 651 2500 689 eo
2544 634 2687 698 lum,
2713 634 2801 688 ubi
2829 635 2935 686 ait:
2962 633 3256 703 Comepulti
3282 636 3417 687 cnim
3466 638 3588 690 estis

2011 726 2065 778 in
2097 723 2302 779 Cltristo
2340 741 2430 789 per
2458 724 2763 795 baptismum
2791 722 2969 793 (Rom.
3002 739 3053 777 vt
3072 764 3084 785 ,
3111 723 3189 792 ι).
3213 723 3425 779 Scimus
3442 724 3587 779 enim

2012 811 2306 875 Christum,
2329 812 2453 867 licet
2478 814 2578 867 hoc
2625 813 3015 882 synecdochicc
3054 813 3124 867 sit
3167 814 3587 883 intelligendum,

2014 910 2126 957 tres
2144 904 2261 957 dies
2281 912 2337 957 et
2362 912 2472 957 tres
2491 912 2677 959 noctes
2695 904 2748 957 in
2770 903 3014 973 sepulcro
3036 902 3216 966 fuisse.
3248 906 3361 972 ipso
3379 906 3589 959 dicente

2013 992 2079 1047 ad
2102 990 2339 1067 Judmos:
2382 991 2528 1047 Sicut
2550 992 2649 1061 fuit
2675 992 2842 1046 Jonas
2878 993 2929 1045 iu
2960 1002 3131 1045 reutre
3159 994 3258 1045 reti
3294 994 3458 1045 tribus
3479 994 3589 1045 die-

2013 1084 2107 1136 bus
2134 1092 2184 1135 et
2203 1083 2365 1136 tribus
2397 1082 2653 1147 noctibus,
2698 1084 2771 1136 sic
2796 1084 2891 1137 erit
2940 1094 2987 1135 et
3045 1081 3216 1137 Filius
3265 1085 3488 1137 hominis
3534 1086 3589 1137 in
3626 1116 3629 1119 λ

2013 1171 2166 1224 corde
2192 1181 2345 1225 terra
2371 1171 2537 1224 tribus
2581 1171 2760 1225 diebus
2797 1181 2845 1224 et
2871 1172 3036 1247 tribus
3084 1172 3317 1227 noctibus
3372 1174 3585 1245 (Matth.

2013 1274 2114 1323 xu,
2149 1258 2265 1332 ιθ).
2292 1260 2321 1299 ιο
2348 1259 2576 1314 Possunt
2614 1269 2725 1315 tres
2748 1269 2933 1315 noctes
2980 1271 3092 1316 tres
3141 1264 3465 1326 nicrsioncs,
3515 1263 3592 1332 [et

2012 1356 2125 1405 tres
2143 1346 2280 1420 dies]
2304 1357 2415 1404 tres
2434 1348 2764 1404 elevationes
2807 1351 3109 1419 designare.
3157 1351 3305 1406 Sicut
3342 1353 3590 1407 Christus

2014 1438 2172 1491 tertia
2200 1438 2287 1494 die
2337 1439 2654 1503 resurrexit,
2677 1439 2752 1492 ita
2796 1447 2850 1492 et
2889 1455 2986 1494 uos
3032 1441 3191 1494 tertio
3213 1442 3298 1496 die
3340 1442 3407 1497 de
3447 1442 3591 1497 fonte

2014 1525 2192 1581 vitalis
2216 1525 2414 1581 lavacri
2439 1526 2628 1582 elevati
2645 1565 2661 1589 ,
2690 1527 2745 1579 in
2768 1528 3008 1581 novitate
3034 1528 3155 1583 vita:
3184 1544 3303 1582 cum
3335 1530 3428 1585 illo
3475 1546 3589 1584 am-

2015 1619 2261 1674 bulemus
2289 1617 2472 1688 (Rom.
2495 1634 2570 1682 vr,
2608 1617 2685 1688 4).
2714 1618 2966 1688 Legimus
2991 1628 3048 1674 et
3082 1620 3137 1675 in
3173 1621 3392 1689 epistola
3420 1624 3591 1677 sancti

2015 1723 2165 1778 papa
2194 1707 2409 1771 Leonis,
2444 1723 2605 1776 quam
2653 1707 2721 1761 de
2744 1708 3013 1777 baptismo
3062 1708 3130 1762 ad
3164 1724 3353 1765 omnes
3382 1709 3593 1785 Sicilia:

2016 1800 2334 1868 conscripsit
2361 1800 2661 1867 episcopos,
2684 1796 2774 1851 ubi
2812 1807 2934 1867 post
2958 1812 3252 1868 congruam
3280 1790 3593 1868 diSputatio—

326 1899 486 1953 omni
516 1898 672 1952 sorde
697 1896 1002 1965 purissima,
1027 1901 1081 1948 et
1104 1894 1286 1947 vinum
1334 1893 1536 1960 absque
1572 1891 1717 1946 omni
1765 1906 1911 1944 com—
1943 1886 1987 1945 Β
2015 1888 2098 1942 nis
2134 1889 2353 1953 seriem,
2383 1889 2456 1942 ita
2495 1888 2771 1957 subjunxit
2789 1887 3009 1942 dicens:
3044 1907 3062 1938 ι
3092 1888 3347 1954 Quamvis
3383 1906 3513 1961 ergo
3538 1901 3594 1946 et

329 1990 597 2045 mistione
644 1988 865 2043 alterius
914 1986 1137 2054 liquoris
1202 1983 1328 2054 [nisi
1379 1982 1552 2053 aquae]
1598 1984 1913 2053 purgatissi-

329 2096 511 2134 mum.
547 2079 714 2148 Igitur
738 2091 876 2145 aqua
905 2076 1117 2143 utrique
1141 2074 1440 2128 conveniat.
1475 2073 1553 2125 Ex
1591 2088 1729 2141 aqua
1752 2082 1806 2126 et
1841 2071 1915 2125 la-

330 2170 458 2221 rina
499 2166 655 2235 panis
699 2165 760 2219 ﬁt
812 2164 904 2233 qui
953 2170 1298 2217 consecratur
1346 2162 1399 2215 in
1442 2176 1636 2230 corpus
1680 2160 1909 2215 Christi:

329 2276 485 2330 aqua
505 2268 560 2315 et
582 2260 766 2313 vinum
793 2256 849 2311 in
883 2256 1194 2326 sanguinem
1239 2254 1643 2308 consecrabitur
1688 2252 1909 2307 Christi.

331 2349 397 2413 Si
428 2349 577 2403 enim
603 2362 739 2418 aqua
760 2355 816 2401 et
839 2346 937 2411 sal,
966 2345 1105 2399 sicut
1132 2342 1289 2411 hujus
1314 2352 1474 2398 sectae
1508 2344 1692 2397 dicunt
1729 2351 1915 2397 aucto-

332 2454 449 2505 res,
472 2438 633 2492 unius
674 2445 799 2491 sunt
842 2443 1079 2499 naturae,
1130 2432 1348 2489 infunde
1376 2448 1592 2488 carnem
1646 2440 1915 2487 recentem

333 2536 583 2599 aqua,'ct
609 2528 767 2581 aliam
790 2526 902 2581 sale
928 2541 1248 2596 consperge:
1273 2526 1478 2581 videbis
1506 2529 1644 2591 cito,
1678 2526 1724 2579 si
1756 2540 1913 2578 unam

334 2634 485 2688 aqua
506 2625 561 2671 et
591 2616 667 2670 sal
695 2616 942 2670 habuerit
971 2614 1265 2679 elI‘cctivam
1310 2615 1623 2683 potentiam.
1665 2614 1914 2685 Nunquid

332 2725 472 2764 caro
502 2707 699 2763 Christi
724 2706 1047 2777 computruit
1068 2707 1121 2759 in
1150 2706 1414 2775 sepulcro,
1445 2714 1504 2760 ut
1526 2720 1666 2759 nunc
1693 2705 1803 2759 sale
1836 2706 1915 2758 in-

334 2801 525 2870 digeat
554 2813 748 2867 corpus
777 2795 891 2864 ejus
920 2797 973 2849 in
1008 2794 1307 2849 sacriﬁcio?
1329 2793 1479 2861 Quod
1516 2795 1698 2864 itaque
1729 2795 1782 2847 in
1837 2809 1919 2848 ve-

337 2889 444 2942 teri
469 2887 589 2957 lege
611 2885 688 2940 sal
727 2885 1032 2955 praecipitur
1058 2884 1111 2938 in
1141 2884 1373 2938 victimis
1402 2884 1722 2945 habendum,
1752 2883 1918 2951 signi-

340 2975 530 3029 ticatlo
553 2982 677 3027 tunc
708 2972 805 3026 fuit
846 2972 1039 3027 futura
1069 2972 1144 3025 rei
1173 2971 1528 3041 intelligenda
1559 3011 1573 3034 ,
1602 2985 1709 3024 non
1735 2972 1918 3025 obser-

338 3063 493 3116 vatio
521 3061 573 3115 in
594 3061 844 3129 praesenti
874 3068 1112 3129 tempore
1138 3055 1425 3123 habenda:
1459 3060 1597 3115 sicut
1619 3061 1798 3113 omnia
1821 3058 1913 3115 ,ιιι-τ

339 3152 520 3207 ἀθὶςω
543 3149 674 3220 legis
698 3149 981 3212 sacriﬁcia,
1008 3165 1127 3219 quae
1140 3150 1301 3219 juxta
1330 3150 1642 3218 Apostolnm
1674 3151 1726 3205 in
1746 3150 1914 3220 ﬁgura

2015 1978 2103 2030 illa
2127 1994 2247 2047 qua:
2266 1980 2332 2031 ad
2364 1978 2738 2041 humilitatem,
2765 1985 2821 2031 et
2848 1978 2936 2030 illa
2964 1994 3083 2047 quae
3120 1981 3187 2032 ad
3214 1979 3439 2048 gloriam
3471 1997 3593 2049 per-

2014 2070 2186 2124 tinent
2204 2070 2426 2133 Christi,
2456 2070 2508 2123 in
2543 2084 2702 2122 unam
2732 2078 3057 2122 concurrant
3085 2072 3433 2140 eamdemque
3472 2089 3593 2140 per-

2013 2175 2237 2224 sonam;
2268 2169 2545 2230 totumque
2567 2165 2709 2231 quod
2734 2165 2788 2218 in
2813 2164 2903 2218 illo
2930 2166 3146 2219 virtutis
3181 2167 3385 2220 diilnte‘
3413 2178 3495 2221 est
3539 2178 3597 2221 et

2017 2250 2341 2304 inﬁrmitatis
2388 2252 2633 2307 humanm
2679 2255 2745 2308 ad
2769 2265 2965 2308 nostra:
3010 2256 3362 2324 rcparationis
3414 2259 3597 2311 tendat

2013 2334 2284 2404 eﬁcctum,
2312 2342 2528 2410 proprie
2551 2351 2728 2397 tamen
2761 2345 2813 2397 in
2841 2353 3010 2399 morte
3034 2346 3297 2409 cruciﬁxi,
3346 2356 3397 2397 ct
3426 2348 3478 2398 in
3505 2364 3589 2398 rc—

2014 2433 2346 2487 surrcctionc
2368 2434 2581 2493 mortui,
2611 2437 2845 2502 potentia
2871 2436 3209 2502 baptismatis
3231 2451 3420 2488 novam
3448 2452 3593 2489 erra-

2019 2530 2194 2575 turam
2218 2524 2397 2578 condit
2423 2540 2488 2579 ex
2512 2536 2690 2581 vetere
2714 2546 2725 2579 :
2755 2536 2812 2580 ut
2850 2528 2903 2581 in
2944 2527 3348 2582 renascentibus
3371 2538 3425 2581 et
3453 2544 3596 2582 mors

2016 2610 2216 2665 Christi
2244 2624 2499 2681 operetur
2517 2625 2572 2669 ct
2625 2618 2729 2669 vita
2758 2634 2772 2680 ;
2804 2617 3016 2671 dicente
3063 2619 3221 2670 beato
3273 2617 3435 2672 Paulo
3464 2635 3590 2686 apu-

2016 2700 2187 2752 slolo:
2216 2702 2295 2753 Αιι
2325 2702 2593 2771 ignoratis,
2621 2704 2831 2772 fratres,
2866 2706 2988 2774 quia
3034 2707 3324 2775 quicunque
3350 2707 3595 2774 baptisnti

2015 2805 2195 2842 sumus
2219 2789 2273 2842 in
2300 2788 2505 2844 Christo
2525 2792 2653 2845 Jesu
2672 2834 2685 2857 ,
2718 2794 2772 2846 in
2817 2806 2979 2847 morte
3008 2796 3170 2864 ipsius
3224 2796 3469 2865 baptismi
3509 2811 3599 2849 su-

2017 2878 2173 2930 mus?
2199 2878 2483 2949 cousepulti
2510 2883 2645 2933 enim
2682 2899 2862 2935 sumus
2894 2872 3009 2936 cum
3045 2884 3135 2937 illo
3163 2901 3255 2953 per
3282 2884 3592 2953 baptismum

2018 2968 2072 3021 in
2101 2978 2316 3022 mortem
2341 2985 2359 3022 :
2391 2980 2446 3022 ut
2467 2974 2723 3041 quomodo
2771 2977 2996 3027 surrexit
3045 2976 3281 3029 Christus
3304 2994 3337 3028 a
3380 2980 3597 3031 mortuis

2017 3074 2109 3126 per
2133 3056 2357 3128 gloriam
2385 3060 2561 3116 Patris
2580 3103 2595 3127 ,
2623 3065 2694 3116 ita
2726 3076 2773 3118 et
2804 3082 2896 3119 nos
2924 3067 2976 3119 in
3026 3067 3246 3119 noritate
3270 3068 3387 3120 rita:
3410 3069 3594 3121 ambu-

2019 3148 2203 3201 lemus.
2234 3147 2294 3203 Si
2322 3139 2459 3202 enim
2505 3138 2999 3223 complantatifacti
3042 3174 3219 3209 sumus
3267 3158 3594 3211 similimdim

339 3242 744 3312 contingebantf
765 3240 868 3296 illis
888 3240 946 3312 ‘(l
973 3239 1093 3295 Cor.
1123 3256 1151 3294 x
1170 3280 1183 3304 ,
1218 3240 1326 3310 ll).
1358 3236 1568 3309 Scripta
1596 3248 1719 3294 sunt
1740 3248 1917 3293 autem
1947 3228 1992 3290 C
2023 3237 2206 3289 mortis
2226 3237 2360 3306 ejus,
2390 3240 2547 3294 simul
2571 3251 2617 3294 et
2640 3246 3029 3298 resurrectionis
3049 3247 3261 3310 erimus,
3287 3256 3340 3301 ct
3382 3257 3599 3312 cetera,

340 3332 512 3406 [haec]
546 3341 763 3403 propter
789 3346 904 3386 nos.
932 3330 1134 3385 Littera
1161 3330 1305 3385 enim
1334 3330 1552 3392 occidit,
1582 3330 1799 3399 spiritus
1828 3344 1922 3382 au-

344 3437 458 3478 tem
474 3420 813 3493 viviﬁcat(ll
829 3419 951 3474 Cor.
972 3436 1054 3483 nt,
1070 3419 1144 3489 6).
1164 3419 1332 3491 llujus
1347 3434 1472 3473 vero
1496 3418 1653 3488 108
1675 3420 1922 3473 sacratis-

342 3514 501 3565 sima:
545 3510 829 3565 oblationis
879 3508 1046 3577 ﬁgura
1096 3508 1156 3561 in
1194 3506 1581 3562 Melchisedech
1627 3509 1920 3577 prmccssit,

284 3591 289 3597 ’
343 3601 441 3670 qui
464 3599 646 3652 vinum
667 3606 721 3651 ct
746 3612 935 3666 panem
965 3596 1074 3650 Deo
1096 3610 1304 3659 summo
1326 3595 1519 3649 offerre
1540 3596 1741 3650 solt-bat
1770 3597 1920 3669 (Cen.

350 3704 468 3750 xiv,
501 3686 614 3758 18).

420 3778 594 3848 llujus
618 3790 828 3847 quoque
850 3776 1089 3847 mysterii
1117 3775 1469 3831 sanctiﬁcatio
1517 3785 1711 3830 nostra:
1737 3776 1927 3830 salutis

350 3869 626 3938 portendit
670 3868 935 3922 ell'ectutn.
968 3867 1025 3920 In
1065 3875 1201 3936 aqua
1241 3882 1370 3920 vero
1408 3866 1631 3936 populus
1683 3867 1929 3936 intelligi-

353 3970 443 4012 tur
472 3957 823 4012 credentium.
874 3955 931 4008 In
961 3955 1141 4025 granis
1182 3956 1340 4009 tritici
1383 3956 1524 4009 unde
1569 3955 1738 4009 l'arina
1767 3955 1931 4010 efﬁci-

355 4048 445 4099 tur
466 4054 533 4113 ut
562 4046 715 4113 panis
743 4044 867 4109 ﬁat,
896 4044 1147 4098 adunatio
1192 4046 1353 4099 totius
1379 4045 1629 4099 Ecclesia:
1677 4044 1928 4114 designa-

354 4143 464 4198 tur,
488 4146 609 4202 quae
636 4132 753 4201 igne
777 4132 944 4199 sancti
969 4130 1201 4199 Spiritus
1222 4132 1274 4184 in
1296 4146 1458 4184 unum
1478 4132 1794 4201 decoquitur
1813 4147 1931 4186 cor-

353 4238 481 4295 pus,
507 4230 567 4277 ut
592 4236 688 4276 suo
716 4220 877 4291 capiti
925 4220 1163 4273 membra
1210 4219 1667 4288 eompaginentur.
1715 4218 1847 4272 Item
1878 4219 1930 4271 in

356 4310 516 4382 aquis
538 4324 655 4379 qua
677 4307 801 4364 vino
837 4310 1149 4375 miscentur,
1190 4308 1380 4380 ﬁgura,
1407 4317 1465 4362 ut
1494 4308 1727 4363 diximus
1745 4350 1761 4373 ,
1805 4322 1933 4377 gen-

356 4402 497 4457 tium
545 4400 871 4469 designatur.
923 4398 981 4453 In
1002 4398 1127 4453 vino
1171 4394 1350 4454 autem
1388 4398 1607 4467 sanguis
1646 4397 1934 4452 Dominicte

2023 3332 2142 3393 qua:
2171 3324 2333 3380 latius
2358 3329 2615 3397 magister
2639 3333 2875 3401 gentium
2901 3334 2966 3386 ad
2997 3337 3477 3390 commendandum
3509 3352 3598 3390 sa-

2021 3423 2357 3479 cramentum
2402 3415 2738 3495 baptismatis
2782 3422 3071 3489 disputavit
3118 3423 3294 3491 (liam.
3325 3426 3596 3489 v1.3-5i,

2026 3504 2091 3557 Et
2115 3512 2336 3573 apparet
2359 3519 2424 3558 ex
2450 3504 2607 3572 hujus
2632 3506 2894 3571 doctrina,
2944 3511 3323 3578 regcticrandis
3348 3512 3472 3566 ﬁliis
3496 3515 3593 3568 ltu-

2026 3596 2247 3656 minum,
2283 3595 2411 3649 etin
2461 3596 2551 3654 Dei
2580 3598 2717 3653 ﬁlios
2767 3600 3116 3667 adoptandis',
3168 3601 3313 3654 illum
3358 3604 3495 3656 diem
3531 3615 3600 3659 χοι

2026 3682 2156 3737 illud
2178 3692 2386 3751 tempus
2432 3684 2660 3739 electum
2679 3727 2694 3751 ,
2718 3687 2771 3740 in
2794 3702 2901 3756 quo
2950 3704 3042 3756 per
3069 3689 3466 3744 similitudinem
3495 3686 3600 3743 lur—

2028 3787 2276 3841 mamque
2303 3774 2546 3841 mysterii
2590 3790 2651 3827 ea
2680 3792 2799 3844 quae
2837 3786 3094 3844 geruntur
3135 3779 3188 3831 in
3212 3780 3488 3841 membris,
3519 3782 3601 3833 his

2028 3874 2146 3928 qua:
2176 3860 2227 3911 in
2257 3860 2368 3927 ipso
2403 3861 2576 3928 capite
2600 3870 2725 3915 sunt
2753 3871 2923 3931 gesta,
2949 3873 3303 3934 congruerent
3338 3883 3351 3918 :
3392 3866 3515 3921 dum
3548 3868 3599 3920 in

2030 3948 2367 4017 baptismatis
2393 3948 2571 4019 regula
2614 3957 2669 4003 et
2692 3964 2839 4004 mors
2859 3950 3057 4007 interiit
3081 3950 3234 4023 [Cod.
3264 3953 3377 4008 Sal.
3398 3996 3412 4018 ,
3440 3956 3603 4011 intrr-

2030 4038 2196 4111 venit]
2236 4039 2609 4095 interiectione
2655 4042 2882 4109 peccati,
2914 4052 2967 4097 et
2997 4044 3321 4112 sepulturam
3371 4048 3600 4101 triduum

2032 4130 2272 4182 imitatur
2298 4130 2438 4181 trina
2463 4130 2728 4183 demersio
2747 4139 2802 4183 et
2838 4131 2906 4183 ab
2934 4132 3095 4199 aquis
3131 4132 3375 4195 elevatio,
3428 4151 3605 4193 resur-

2031 4217 2203 4286 gentis
2246 4217 2419 4271 instar
2442 4215 2567 4288 [est]
2608 4218 2674 4272 de
2713 4220 2958 4287 sepulcro
2986 4241 3003 4272 ι
3058 4222 3250 4293 (Epist.
3284 4224 3365 4286 l6,
3400 4242 3516 4295 cap.
3547 4230 3603 4291 5,

2034 4317 2163 4363 tom.
2192 4307 2303 4363 LIV
2333 4308 2533 4363 Patrul.
2568 4310 2669 4364 col.
2692 4310 2838 4379 697).
2868 4311 2975 4366 Sed
2996 4321 3050 4366 et
3098 4315 3285 4368 beatus
3338 4314 3603 4387 llierony-

2035 4414 2153 4452 mus
2178 4399 2231 4452 in
2249 4397 2387 4454 libro
2406 4397 2640 4454 secundo
2661 4398 2942 4453 Tractatus
2988 4401 3039 4453 in
3090 4401 3383 4469 Epistulam
3431 4408 3602 4459 sancti

356 4491 628 4565 passionis
651 4490 971 4545 ostenditur.
1002 4490 1176 4558 Atque
1204 4491 1299 4555 ita,
1350 4490 1475 4543 dum
1508 4490 1560 4542 in
1582 4489 1933 4543 sacramentis
1960 4560 1998 4565 _
2034 4490 2184 4545 Pauli
2216 4491 2284 4544 ad
2316 4489 2575 4558 Ephesios
2620 4490 2673 4543 in
2714 4490 3047 4558 expositione
3094 4493 3410 4547 sententiae:
3454 4494 3602 4549 L’nus

357 4560 502 4652 aqua
524 4579 701 4633 tritico
719 4577 800 4632 vel
822 4577 945 4631 vino
972 4578 1246 4640 miscetur,
1280 4577 1451 4631 ﬁdelis
1470 4577 1694 4646 populus
1713 4577 1939 4634 Christo.
1960 4560 2008 4618 ι)
2032 4578 2188 4641 Deus,
2212 4595 2318 4631 una
2344 4578 2496 4645 ﬁdes,
2528 4595 2687 4632 unum
2711 4579 3000 4649 baptisma:
3029 4596 3162 4633 unus
3212 4581 3351 4635 Deus
3372 4593 3419 4635 et
3449 4582 3605 4637 Pater

360 4674 762 4747 [incorporatur
791 4676 844 4723 et
890 4658 1184 4739 iungitur].
1220 4666 1325 4721 Sed
1355 4666 1421 4720 de
1461 4665 1765 4733 hujusmodi
1798 4664 1929 4735 ﬁgu-

364 4760 664 4817 rationibus
688 4757 991 4827 epistolaris
1016 4756 1260 4827 angustia
1286 4756 1375 4810 diu
1404 4770 1489 4808 me
1514 4753 1785 4822 disputare
1808 4768 1931 4822 pro.

363 4849 534 4905 hibet.
562 4845 669 4901 Sed
691 4854 746 4900 et
764 4860 994 4900 canones
1030 4844 1474 4916 Carthaginenses
1510 4857 1626 4911 cap.
1659 4841 1728 4895 24
1751 4843 1815 4896 de
1842 4856 1931 4895 sa-

366 4936 573 4994 criﬁcio
612 4930 855 5005 carperis
874 4942 929 4988 et
974 4921 1248 5004 sanguinis
1296 4934 1535 4989 Domini:
1586 4952 1604 4984 ι
1634 4932 1777 4987 Nihil
1819 4947 1932 4985 am-

368 5025 510 5099 plius
536 5022 781 5087 oll‘ertur,
809 5035 967 5090 quam
998 5022 1111 5090 ipse
1136 5022 1391 5079 Dominus
1420 5023 1667 5086 tradidit;
1700 5022 1799 5076 hoc
1826 5028 1929 5085 est,

370 5131 563 5187 [tanem
580 5122 635 5169 et
652 5114 830 5167 viuum
847 5128 984 5182 aqua
1006 5113 1219 5166 mistum
1249 5134 1268 5164 ι
1295 5110 1515 5183 (Concil.
1549 5110 1797 5177 Carthag.
1822 5109 1927 5179 ιιι).

443 5205 627 5259 Tertia
644 5216 857 5273 quoque
880 5202 1031 5256 nobis
1053 5194 1119 5254 de
1146 5200 1415 5269 Hispania,
1460 5213 1587 5267 qua:
1603 5197 1730 5251 olim
1752 5204 1933 5266 tyran-

375 5308 566 5351 norum
590 5293 767 5346 nutris
791 5292 908 5358 fuit,
930 5306 1072 5362 nunc
1090 5306 1216 5347 vero
1241 5291 1719 5352 schismaticorum,
1747 5296 1932 5343 contra

378 5381 733 5441 universalem
756 5384 953 5454 sancta:
972 5381 1069 5436 Dei
1094 5372 1343 5436 Ecclesia:
1368 5380 1803 5435 consuetudinem
1824 5419 1836 5442 ρ
1869 5378 1934 5433 de

378 5474 891 5546 baptismo’quzestio
914 5473 1085 5527 delata
1114 5480 1229 5536 est;
1259 5469 1580 5525 aﬁirmantes
1597 5470 1811 5539 quidam
1840 5470 1939 5545 sub

382 5563 713 5623 invocatione
734 5561 1013 5617 Trinitatis
1052 5578 1214 5616 unam
1259 5560 1745 5623 ease,"mersionem
1780 5575 1941 5628 agen-

452 5684 479 5713 ι
516 5670 762 5741 Basuagii
788 5669 843 5724 in
870 5670 1012 5730 hunc
1042 5669 1216 5726 locum
1239 5658 1408 5731 crisin
1441 5668 1494 5723 in
1519 5664 1831 5736 praefatione
1859 5682 1942 5721 re-

384 5741 744 5811 probavimus.
886 5766 891 5771 —
1147 5805 1166 5811 _
1517 5806 1527 5811 _
1552 5806 1564 5811 _
1639 5806 1650 5811 _
1686 5746 1687 5751 ‘

459 5811 483 5849 δ
523 5810 749 5865 Possunt
792 5818 894 5865 tres
920 5819 1107 5862 noctes.
1147 5805 1385 5875 lncplam
1428 5815 1480 5861 et
1505 5806 1725 5861 Διειιίηο
1762 5806 1942 5859 admo-

2026 4668 2281 4731 ornnium,
2307 4669 2395 4735 qui
2422 4682 2577 4735 super
2598 4683 2773 4720 omnes
2808 4678 2856 4721 et
2882 4684 3037 4738 super
3071 4671 3243 4722 omnia
3275 4680 3323 4723 et
3348 4672 3404 4723 in
3436 4674 3604 4725 omni-

2031 4754 2311 4807 bus'nobis
2360 4752 2573 4824 (Epltes.
2621 4771 2694 4818 tv,
2719 4754 2772 4819 5,
2800 4755 2887 4827 6);
2935 4757 3164 4811 detrina
3212 4772 3298 4812 me
3328 4759 3478 4813 sione
3533 4762 3603 4815 ita

2006 4838 2007 4841 “
2033 4844 2142 4897 ait:
2180 4861 2198 4894 ι
2240 4842 2299 4898 Si
2318 4844 2483 4908 enim,
2516 4853 2571 4898 ut
2597 4846 2865 4901 aestimant
2888 4846 3093 4913 Ariani,
3119 4847 3260 4903 Deus
3280 4849 3441 4903 Pater
3460 4852 3607 4906 solus

2033 4943 2117 4990 est
2144 4934 2303 5011 Deus)
2357 4939 2550 4991 eadem
2596 4938 2976 5005 consequentia
3015 4938 3160 4993 solus
3208 4940 3311 4992 erit
3350 4938 3607 4995 Dominus

2037 5024 2194 5080 Jesus
2214 5024 2482 5088 Christus,
2505 5034 2686 5079 etnec
2725 5025 2883 5079 Pater
2922 5028 3027 5081 erit
3068 5028 3342 5094 Dominus,
3390 5045 3491 5086 nec
3519 5030 3598 5085 Fi-

2040 5116 2145 5170 lius
2167 5114 2327 5170 Deus.
2357 5114 2463 5170 Sed
2487 5116 2648 5179 absit,
2678 5124 2737 5170 ut
2777 5132 2883 5171 non
2921 5119 2991 5173 sit
3025 5118 3107 5173 vel
3152 5121 3205 5174 in
3246 5122 3606 5177 dominatione

2042 5205 2229 5268 deitas,
2264 5206 2342 5259 vel
2369 5207 2421 5259 in
2459 5206 2658 5261 deitate
2691 5208 3004 5263 dominatio.
3052 5208 3201 5266 Unus
3224 5219 3307 5265 est
3350 5210 3606 5269 Dominus

2041 5304 2095 5349 ct
2115 5311 2253 5349 unus
2276 5305 2359 5350 est
2384 5296 2541 5360 Deus,
2569 5297 2693 5364 quia
2716 5296 2891 5348 Patris
2919 5306 2972 5349 et
3000 5296 3118 5348 Filii
3165 5298 3461 5356 dominatio
3501 5318 3604 5365 una

2043 5385 2214 5441 dcitas
2239 5396 2342 5441 est.
2374 5385 2659 5454 Propterea
2680 5392 2735 5437 et
2764 5384 2894 5439 ﬁdes
2921 5400 3023 5439 una
3054 5384 3322 5458 [dicitur],
3378 5383 3515 5459 quia"
3536 5392 3605 5443 si-

2046 5482 2242 5536 militer
2262 5481 2315 5534 in
2342 5480 2553 5533 Patrem
2578 5487 2630 5533 ct
2656 5480 2708 5533 in
2744 5478 2935 5533 Filium
2966 5488 3021 5532 et
3044 5491 3065 5517 ε
3090 5481 3145 5534 in
3172 5478 3430 5549 Spiritum
3452 5496 3606 5536 sanc-

2046 5581 2158 5625 tum
2188 5570 2541 5639 baptizauzur,
2568 5578 2621 5623 et
2657 5580 2738 5623 ter
2770 5569 3079 5637 mergimur,
3108 5578 3168 5622 ut
3194 5568 3427 5624 Trinitas
3476 5569 3607 5639 (AL.
3646 5578 3650 5583 ’

2046 5686 2168 5739 dum
2203 5680 2512 5749 injuriosam
2560 5679 2953 5750 adnotationem
2997 5674 3235 5747 ejusdem
3259 5676 3502 5750 Basnagii
3556 5679 3607 5732 in

2046 5747 2354 5823 praelaLtione
2363 5747 3006 5823 paucis-perstrinximus.
3076 5814 3090 5823 _
3298 5786 3301 5789 .

2119 5833 2139 5858 ε
2184 5815 2250 5873 Et
2276 5820 2327 5872 in
2355 5814 2603 5888 Spiritum
2644 5829 2895 5872 sanctum.
2927 5814 3122 5884 Supple
3161 5830 3224 5870 ex
3252 5815 3410 5869 editis
3439 5817 3609 5869 sancti
