4400 6402
828 464 925 520 291

1680 460 1739 513 n.
1781 460 1839 513 ιτ.
1880 420 2100 513 Amm
2140 459 2266 513 Sili:
2308 458 2576 512 “cum
2614 450 2891 515 οιιειιυιι
2931 459 3107 514 rans
3146 460 3183 513 l.

3929 456 4043 510 292

826 576 1129 647 Trinitatis]
1182 591 1344 630 unum
1398 583 1649 645 appareat
1692 582 2109 628 sacramentum.
2174 574 2240 626 Et
2280 589 2382 626 non
2418 581 2457 636 Α
2488 576 2667 645 generi
2707 585 3042 645 peccatorum
3085 578 3218 629 trina
3253 575 3460 629 \idetnr
3479 575 3677 630 alilutio
3704 574 4036 629 convenire:

825 664 1159 736 baptizamur
1183 664 1235 718 in
1261 664 1419 734 109
1440 663 1739 718 nominibus
1760 662 1934 716 Patris
1966 670 2020 715 et
2041 661 2163 716 Filii
2184 671 2238 715 et
2265 662 2383 730 Spi-

826 754 961 809 ritus
984 754 1176 817 sancti,
1233 753 1405 807 sedin
1450 766 1557 807 uno
1596 753 1831 817 nomine,
1882 750 2022 821 quod
2050 736 2384 819 intelligitur

822 846 982 904 Deus.
1007 847 1067 900 Et
1096 847 1265 901 miror
1291 861 1394 916 qua
1440 844 1814 915 consequentia
1852 845 1907 899 in
1959 859 2067 897 uno
2105 843 2380 907 vocabulo,

822 934 1008 988 eodem
1050 946 1245 1002 opere,
1278 941 1331 987 et
1355 933 1543 987 eodem
1586 938 1924 986 sacramento
1959 938 2162 985 natura:
2202 932 2381 985 diver-

822 1021 1034 1076 sitatem
1060 1020 1239 1085 Arius,
1270 1020 1631 1085 Macedonius,
1662 1019 1738 1091 [et
1758 1020 2069 1090 Eunomius]
2109 1022 2382 1089 suspicen-

822 1119 910 1164 tur
936 1108 1291 1165 concordante
1319 1107 1419 1181 [in]
1454 1109 1726 1178 impietate
1756 1110 2019 1164 discordia
2042 1150 2057 1175 ,
2081 1117 2135 1163 et
2152 1125 2183 1163 a
2230 1124 2381 1164 crea-

821 1204 941 1251 tura
964 1197 1019 1251 in
1041 1196 1176 1251 Filio
1213 1206 1267 1251 et
1300 1197 1354 1251 in
1403 1195 1608 1267 Spiritu
1633 1206 1820 1252 saneto
1858 1212 2131 1253 caenosum
2179 1198 2380 1253 fontem

820 1295 1075 1351 tenentes,
1109 1288 1349 1342 diversos
1375 1289 1647 1343 hmrcseon
1680 1288 1878 1342 rivulos
1915 1289 2184 1343 duxerint.
2209 1280 2382 1342 Unum

820 1376 1102 1445 baptisma:
1124 1386 1177 1430 et
1195 1385 1383 1431 contra
1408 1372 1749 1433 Valentinum
1766 1376 1924 1443 facit,
1948 1379 2039 1447 qui
2062 1377 2167 1432 duo
2184 1377 2383 1447 baptis-

819 1476 961 1519 mata
982 1482 1098 1522 esse
1122 1468 1423 1532 contendit;
1450 1475 1505 1523 et
1536 1474 1721 1521 contra
1762 1479 1947 1523 omnes
1976 1468 2280 1533 hareticos,
2325 1476 2386 1522 ut

816 1556 990 1611 sciant
1017 1572 1077 1611 se
1115 1572 1223 1611 non
1269 1557 1466 1611 habere
1517 1556 1778 1624 baptisma
1819 1554 1928 1628 [ΑΙ.
1952 1594 1967 1619 ,
2013 1546 2380 1627 baptismata],

814 1645 914 1699 sed
932 1645 985 1698 in
1010 1660 1112 1698 una
1134 1643 1333 1699 Christi
1360 1643 1598 1698 Ecclesia
1625 1642 1827 1699 fontem
1850 1655 1967 1699 esse
1998 1644 2236 1699 vitalem.
2275 1645 2384 1700 Po-

816 1737 925 1785 test
946 1744 1111 1784 unum
1159 1731 1420 1799 baptism
1450 1738 1514 1785 et
1532 1730 1605 1784 ita
1631 1730 1756 1795 dici,
1785 1732 1927 1801 quod
1958 1732 2086 1787 licet
2120 1742 2209 1789 ter
2249 1735 2381 1803 bap-

815 1819 1041 1872 tizemur
1068 1827 1286 1888 propter
1312 1820 1625 1890 mysterium
1654 1816 1962 1886 Trinitatis,
1994 1830 2175 1876 tamen
2217 1838 2381 1877 unum

2488 666 2565 717 vel
2615 674 2832 733 propter
2888 666 3144 735 originale
3176 674 3472 734 peccatum,
3501 665 3640 734 quod
3663 664 3713 719 in
3742 663 4044 720 infantibus

2482 755 2621 807 valet
2666 755 2729 806 ad
2755 753 3125 820 perditionem,
3183 754 3265 807 vel
3311 763 3525 823 propter
3552 753 3638 807 illa
3665 769 3783 823 qua:
3828 754 3882 807 in
3912 767 4045 823 pro-

2483 842 2721 896 fcctioris
2771 842 2922 915 [Cod.
2972 842 3110 909 SaL,
3160 843 3517 915 perfectioris]
3566 846 3740 899 :ctatis
3804 844 4040 900 homini-

2480 930 2579 984 bus
2612 930 2904 994 voluntate,
2928 930 3112 994 verbo,
3143 931 3226 985 vel
3253 931 3393 986 facto
3416 934 3697 986 adduntur.

2553 1019 2621 1073 Ut
2650 1035 2774 1073 vero
2802 1020 3135 1089 cognoscatis
3189 1020 3347 1090 hujus
3395 1022 3738 1077 sacratissimi
3792 1025 4040 1093 mysterii

2480 1106 2916 1176 significationes,
2946 1106 3099 1174 juxta
3136 1117 3437 1163 sanctorum
3476 1109 3691 1164 Patrum
3741 1110 4044 1179 intelligen-

2480 1197 2608 1250 tiam
2648 1205 2703 1251 et
2728 1204 2925 1250 statuta
2955 1197 3335 1263 ecclesiastica,
3365 1206 3553 1254 vestra:
3579 1200 3824 1254 charitati
3846 1199 4043 1255 eadem

2481 1294 2811 1340 sacramenta
2839 1285 3099 1339 catholica
3121 1286 3557 1355 interpretatione
3578 1289 3875 1341 ostendam.
3900 1287 4039 1343 Nam

2480 1391 2669 1443 magna
2698 1376 3004 1438 sanctitate,
3032 1382 3085 1429 et
3112 1375 3398 1431 venerabili
3422 1376 3824 1445 significatione,
3882 1377 4038 1444 quid-

2481 1468 2608 1535 quid
2635 1467 2687 1521 in
2720 1468 2801 1521 eis
2841 1466 3065 1535 geritur,
3100 1474 3360 1523 Statutum
3387 1480 3523 1533 esse,
3569 1468 3835 1521 neminem
3880 1466 4040 1521 dubi-

2482 1564 2596 1609 tare
2646 1556 2725 1611 fas
2756 1570 2875 1611 esse
2901 1557 3246 1611 arbitramur.
3290 1558 3471 1613 Primo
3502 1572 3735 1629 paganus
3783 1560 4038 1613 catechu-

2482 1660 2669 1698 menus
2688 1644 2769 1709 iit,
2790 1645 3049 1699 accedens
3083 1646 3149 1699 ad
3174 1645 3517 1715 baptismum,
3545 1655 3605 1700 ut
3635 1645 3900 1701 renuntiet
3922 1660 4039 1699 ma-

2482 1733 2626 1801 ligno
2659 1720 2869 1801 spiritui
2895 1742 2951 1789 et
2973 1736 3223 1789 omnibus
3246 1736 3515 1791 damnosis
3535 1736 3650 1805 ejus
3674 1735 3902 1803 pompis.
3930 1734 4039 1791 Ex-

2482 1819 2722 1874 suliiatur
2743 1821 2928 1886 etiam,
2956 1830 3015 1875 ut
3041 1820 3221 1891 fugato
3234 1823 3463 1887 diabolo,
3490 1821 3702 1877 Christo
3723 1822 3830 1876 Deo
3852 1830 4039 1877 nostro

816 1906 1078 1974 baptisma
1102 1915 1396 1975 reputetur.
1438 1907 1615 1963 Unum
1637 1924 1849 1978 quoque
1891 1910 2154 1979 baptisma
2196 1920 2280 1966 est
2324 1912 2377 1966 in
2413 1917 2703 1978 aparetur‘
2753 1909 3022 1963 introitus.
3084 1910 3449 1973 Exorcizatur,
3498 1910 3550 1963 id
3576 1917 3677 1973 est,
3724 1908 4039 1977 conjuratur

815 2012 971 2066 aqua,
996 2006 1050 2050 et
1070 1998 1123 2050 in
1143 1998 1333 2067 spiritu
1358 2005 1411 2053 et
1452 1999 1507 2052 in
1536 1999 1693 2069 igne:
1722 2008 1778 2053 et
1820 2001 1885 2055 de
1927 2015 2035 2069 quo
2076 2002 2379 2073 [Dominus]

816 2086 1085 2155 loquitur:
1117 2086 1382 2157 Baptismo
1429 2088 1593 2141 Italico
1633 2090 1889 2158 ὑδρείαιτὶ
1943 2089 2095 2158 (Luc.
2120 2108 2217 2157 xu,
2267 2092 2379 2163 50).

814 2176 885 2230 Et
922 2174 1079 2231 alibi:
1104 2175 1421 2246 Baptism
1454 2193 1576 2232 meo
1615 2178 2004 2249 boptisabimini
2087 2179 2281 2249 (Marc.
2327 2196 2381 2246 x,

814 2263 935 2337 39).

886 2374 1024 2430 Sunt
1048 2375 1210 2430 etiam
1252 2391 1437 2432 versus
1490 2378 1633 2433 beati
1661 2389 1686 2419 ι
1713 2377 1981 2433 Ambrosii
2019 2378 2273 2448 episcopi,
2320 2379 2385 2432 de

816 2464 1040 2521 ternarii
1075 2463 1330 2537 [numeri]
1349 2467 1663 2522 excellentia
1682 2466 2017 2532 nobilissimi,
2031 2460 2165 2535 quos
2177 2467 2243 2521 ad
2258 2482 2382 2521 con-

817 2552 1175 2610 ﬁrmationem
1206 2556 1361 2611 trinae
1386 2556 1672 2613 mersionis
1695 2557 1821 2613 huic
1856 2558 2094 2627 epistola:
2144 2558 2385 2613 inserere

815 2642 1034 2713 placuit.

884 2772 1076 2828 Omnia
1101 2775 1242 2828 trina
1265 2775 1444 2843 vigent
1465 2774 1564 2827 sub
1588 2767 1867 2842 majestate
1887 2775 2142 2830 tonantis.

884 2863 1042 2928 Tres,
1090 2862 1249 2919 Pater
1271 2872 1327 2918 et
1353 2864 1603 2929 Verbum,
1626 2871 1842 2919 sanctus
1900 2878 2112 2933 quoque
2136 2863 2382 2933 Spiritus,

2083 2953 2103 3027 [
2129 2970 2311 3008 unum.

885 3040 1049 3096 Trina
1084 3041 1334 3097 salutaris
1359 3043 1563 3111 species
1584 3046 1781 3110 crucis,
1816 3062 1921 3100 una
1961 3047 2304 3116 redemptrix.

808 3200 811 3203 _
886 3132 1066 3188 Tertia
1102 3132 1195 3187 lux
1223 3134 1503 3189 Dominum
1531 3144 1854 3192 remeantem
1878 3152 1909 3191 a
1940 3147 2112 3191 morte
2153 3136 2373 3206 recepit.

879 3223 1044 3278 Trina
1062 3223 1184 3277 dies
1202 3221 1391 3279 Ionam
1449 3226 1619 3280 tenuit
1646 3226 1746 3281 sub
1768 3228 1980 3281 viscera
2008 3228 2135 3281 ceti.

890 3310 1023 3368 Tres
1068 3314 1221 3382 pueri
1266 3329 1486 3369 cernere
1532 3314 1605 3387 [Γ
1606 3326 1735 3382 orte,
1758 3316 2023 3389 cecinere]
2088 3318 2254 3373 Deum
2286 3318 2381 3371 lia-

1824 3405 2035 3478 [grante
2065 3408 2298 3462 camino.

886 3489 992 3546 Ter
1018 3490 1251 3547 Sabaoth
1278 3501 1522 3547 sanctum
1544 3493 1782 3550 referens
1814 3496 2116 3551 benedictio
2143 3496 2339 3564 psallit.
2378 3482 2385 3487 ’

883 3578 1001 3635 Tn
1043 3596 1348 3635 ιιειιςιαυιιε
1396 3597 1533 3644 ᾹΩυΔ
1570 3597 1688 3648 EST,
1719 3598 1806 3637 CUI
1854 3598 2053 3637 GBATIA
2087 3600 2250 3637 PLENA
2286 3600 2380 3638 ιιι-

2098 3672 2299 3745 [νΑειιι.

885 3754 1133 3811 Testibus
1158 3755 1255 3829 [et]
1279 3757 1485 3812 stabilis
1502 3766 1712 3814 constat
1738 3760 1909 3814 tribus
1933 3761 2073 3815 actio
2094 3770 2308 3816 cuncta.

887 3847 1062 3903 Temo
1091 3864 1273 3903 mense
1305 3850 1418 3903 suis
1437 3850 1660 3905 redeunt
1703 3866 1797 3905 sua
1822 3859 2060 3919 tempora
2101 3852 2373 3906 membris.

890 3936 1022 3991 Tres
1047 3945 1172 3991 sunt
1217 3946 1420 4003 states,
1464 3937 1562 3993 ﬂos
1584 3948 1641 3993 et
1665 3939 1848 4002 robur,
1870 3955 2009 4007 :egra
2040 3949 2306 3995 senectus.

888 4025 1023 4080 Tres
1042 4026 1236 4081 moduli
1267 4027 1294 4066 ι’
1326 4028 1379 4081 in
1416 4027 1616 4092 causis,
1632 4026 1817 4095 judex,
1844 4028 2092 4083 defensor
2122 4038 2177 4085 et
2206 4039 2375 4085 actor.

890 4114 1025 4175 Tres
1058 4117 1111 4170 in
1139 4116 1280 4170 secla
1311 4116 1526 4186 gradus,
1558 4125 1726 4182 ortus,
1753 4119 2101 4182 transcursio,
2127 4119 2267 4174 linis.

888 4206 1021 4261 Tres
1048 4221 1193 4276 spem
1218 4222 1337 4277 qua:
1358 4207 1597 4277 palpant,
1618 4209 1846 4277 requies,
1878 4208 1992 4274 lux,
2019 4209 2187 4279 gloria
2210 4210 2350 4265 vitai.

890 4348 915 4376 ι
956 4335 1080 4389 Haec
1104 4351 1230 4390 vero
1248 4337 1505 4406 prmeipui
1533 4336 1780 4392 doctores
1802 4346 1858 4391 et
1899 4338 2223 4393 sanctissimi
2271 4339 2375 4395 Pa-

822 4434 933 4479 tres
966 4426 1121 4479 nobis
1140 4426 1471 4493 reliquerint
1495 4426 1550 4480 in
1580 4428 1691 4481 suis
1718 4428 2023 4482 testimonia
2043 4431 2218 4484 dictis.
2274 4430 2380 4485 No-

821 4513 906 4567 bis
939 4528 1068 4568 vero
1082 4512 1235 4581 juxta
1260 4515 1578 4582 parvitatem
1632 4517 1877 4585 ingenioli
1924 4520 2095 4577 nostri
2146 4522 2374 4586 videtur,

2486 1996 2745 2065 malignus
2773 1988 3013 2066 Spiritus,
3058 2005 3313 2063 utexeat,
3342 2004 3397 2051 et
3432 1996 3662 2062 recedat,
3698 1998 3830 2053 dans
3856 1998 4035 2053 locum

2485 2086 2592 2140 Deo
2622 2086 2817 2159 [vero].
2835 2086 3042 2157 Accipit
3062 2088 3473 2143 catechumenos
3501 2087 3686 2151 salem,
3735 2096 3793 2142 ut
3820 2087 4034 2158 putrida

2483 2186 2538 2231 et
2565 2176 2705 2229 ﬂuxa
2729 2176 2843 2244 ejus
2866 2184 3082 2244 peccata
3106 2177 3377 2245 sapientia:
3403 2176 3534 2240 sale,
3584 2177 3764 2230 divino
3789 2190 4035 2242 munere,

2484 2266 2824 2319 mundentur.
2861 2266 2999 2320 Vera
3029 2266 3219 2319 deinde
3246 2264 3480 2335 Symboli
3501 2265 3770 2334 apostolici
3805 2267 4036 2321 traditur

2482 2354 2532 2407 ei
2558 2353 2706 2419 ﬁdes,
2744 2362 2803 2407 ut
2824 2369 2989 2407 vacua
3036 2355 3225 2409 domus
3266 2364 3321 2409 et
3344 2370 3375 2409 a
3403 2355 3579 2425 prisco
3615 2356 3911 2410 habitatore
3938 2356 4032 2410 de-

2484 2444 2694 2508 relicta,
2751 2444 2852 2499 lide
2881 2452 3105 2498 ornetur
3154 2452 3562 2516 et.pr:eparetur
3588 2446 3852 2501 habitatio
3900 2447 4031 2502 Deo.

2485 2536 2636 2591 Tunc
2667 2535 2801 2590 ﬁunt
2829 2536 3107 2600 scrutinia,
3160 2544 3220 2590 ut
3253 2537 3559 2605 exploretur
3607 2538 3820 2607 saepius,
3871 2554 4035 2607 quam

2486 2630 2731 2695 ﬁrmiter,
2784 2638 2906 2699 post
2933 2630 3380 2684 renuntiationem
3408 2628 3634 2692 Satanae,
3683 2642 3833 2681 sacra
3872 2629 4036 2682 verba

2482 2721 2619 2776 data:
2640 2720 2761 2776 ﬁdei
2783 2720 3037 2775 radicitus
3050 2720 3209 2776 corde
3224 2710 3859 2791 deﬁxerint.[Tanguntur
3872 2724 3928 2771 et
3941 2734 4039 2772 na—

2486 2828 2591 2876 res,
2624 2819 2682 2865 ut
2701 2811 2932 2880 quandiu
2950 2810 3194 2880 spiritum
3214 2809 3434 2863 naribus
3446 2808 3635 2871 trahat,
3668 2807 3823 2876 ιιο
3850 2806 3904 2860 in
3931 2803 4038 2860 ﬁde

2483 2908 2699 2968 accepta
2729 2898 3025 2970 perduret].
3072 2898 3265 2953 Pectus
3290 2911 3501 2967 quoque
3526 2895 3759 2967 [eodem]
3784 2893 4033 2964 μεταθεὶς

2484 2999 2572 3043 ιιιι·
2590 2988 2727 3053 oleo,
2770 2997 2830 3042 ut
2865 2988 3019 3057 signo
3062 2994 3260 3041 sancta:
3286 2986 3462 3039 crucis
3500 2983 3709 3038 diabolo
3750 2983 4033 3038 claudatur

2486 3080 2775 3147 ingressus.
2815 3077 3106 3147 Signantur
3144 3084 3198 3130 et
3246 3075 3490 3145 scapulas,
3531 3072 3613 3146 [ιιι
3646 3074 3875 3141 undique
3917 3088 4035 3127 mu.

2488 3166 2683 3219 niatur.
2709 3164 2839 3219 item
2874 3165 2927 3218 in
2954 3164 3185 3234 pectoris
3209 3170 3264 3217 et
3295 3160 3542 3232 scapulae]
3566 3161 3813 3215 unctione
3850 3160 4033 3230 signa-

2406 3245 2452 3307 C
2482 3262 2569 3308 tur
2597 3254 2719 3308 tidei
2749 3252 2990 3317 ﬁrmitas,
3014 3260 3069 3307 et
3090 3267 3308 3322 operum
3336 3253 3593 3305 bonorum
3617 3250 4030 3318 perseverantia.

2482 3345 2548 3397 Et
2574 3344 2725 3399 sicin
2750 3344 2968 3398 nomine
2992 3351 3191 3398 sanctze
3213 3341 3490 3396 Trinitatis
3506 3340 3645 3395 trina
3668 3342 4034 3396 submersione

2481 3434 2802 3502 baptizatur.
2830 3434 2899 3488 Et
2922 3441 3067 3487 recte
3092 3433 3271 3498 homo,
3294 3431 3384 3501 qui
3415 3432 3482 3486 ad
3522 3430 3806 3501 imaginem
3834 3441 4033 3486 sancte

2482 3522 2760 3576 Trinitatis
2801 3522 3045 3586 conditus
3081 3530 3186 3585 est,
3237 3536 3337 3591 per
3395 3521 3780 3575 invocationem
3838 3530 4036 3575 sancta:

2480 3609 2761 3663 Trinitatis
2800 3611 2868 3664 ad
2897 3609 3137 3664 eamdem
3188 3616 3467 3663 revocatur
3493 3608 3795 3679 imaginem.
3852 3608 3917 3662 Et
3943 3610 4033 3678 qui

2481 3698 2641 3751 tertio
2678 3698 2847 3763 gradu
2892 3696 3123 3765 peccati,
3168 3696 3219 3749 id
3257 3703 3360 3761 est,
3396 3696 3703 3764 operatione
3750 3695 3942 3751 cecidit
3978 3698 4031 3752 in

2482 3792 2729 3849 mortem,
2761 3786 2921 3839 tertio
2948 3784 3186 3839 elevatus
3207 3785 3273 3840 de
3292 3784 3438 3840 fonte
3460 3799 3558 3854 per
3600 3786 3823 3856 gratiam
3853 3801 4027 3841 resur-

2478 3884 2569 3949 gat
2599 3879 2666 3933 ad
2696 3878 2879 3931 vitam.
2909 3877 3059 3931 Tunc
3084 3876 3219 3931 albis
3247 3877 3483 3932 induitur
3516 3876 3870 3941 vestimentis,
3901 3891 4027 3946 pro-

2479 3973 2597 4033 pter
2627 3964 2875 4033 gaudium
2908 3966 3347 4035 regenerationis,
3405 3973 3457 4019 et
3479 3966 3781 4019 castitatem
3814 3966 3955 4030 vitm,
3978 3972 4033 4021 et

2480 4052 2702 4137 angelici
2730 4054 3027 4122 splendoris
3062 4055 3330 4109 decorem.
3382 4053 3532 4108 Tunc
3557 4068 3712 4108 sacro
3743 4054 4031 4110 chrismate

2479 4150 2637 4212 caput
2657 4143 2989 4213 perungitur,
3014 4151 3069 4199 et
3093 4145 3317 4214 mystico
3341 4144 3537 4214 tegitur
3556 4143 3835 4208 velamine,
3867 4152 3926 4198 ιιι
3946 4144 4027 4199 in-

2479 4233 2679 4302 telligat
2707 4248 2765 4287 se
2793 4234 2858 4289 de
2884 4235 3184 4297 anathema,
3234 4234 3381 4303 regni
3417 4242 3472 4288 et
3492 4234 3773 4288 sacerdotii
3802 4233 4028 4305 dignita-

2480 4333 2585 4377 tcm
2619 4332 2853 4400 portare,
2877 4323 3031 4392 juxta
3072 4325 3381 4394 Apostolum
3409 4342 3423 4378 :
3471 4322 3571 4377 Vos
3596 4326 3716 4378 estis
3756 4341 3929 4393 gemis-
3950 4340 4027 4377 re-

2478 4415 2614 4485 gale,
2643 4415 2910 4483 oﬁ'erentes
2936 4418 3258 4485 vosmetipsos
3288 4414 3395 4467 Deo
3420 4414 3529 4467 vivo
3549 4414 3768 4467 hostium
3795 4422 4023 4466 solum

2479 4515 2527 4558 et
2554 4504 2659 4558 Deo
2683 4504 2966 4575 placentem
3005 4503 3059 4575 (1
3088 4503 3233 4558 Petr.
3270 4519 3329 4566 ll,
3360 4503 3429 4568 9,‘
3455 4514 3503 4557 et
3529 4501 3681 4557 Rom.
3703 4514 3799 4567 xu,
3830 4502 3905 4572 l).
3936 4501 4023 4557 Sic

820 4610 882 4658 ut
906 4602 1047 4659 sicut
1088 4604 1311 4659 interior
1337 4604 1499 4659 homo
1537 4606 1591 4659 in
1620 4605 1722 4661 lide
1750 4614 1947 4662 sanctae
1990 4609 2273 4665 Trinitatis
2308 4612 2376 4665 ad
2409 4591 2457 4650 Ι)
2479 4610 2558 4650 σοι

2308 4612 2376 4665 ad
2409 4591 2457 4650 D
2479 4610 2700 4664 corpore
2735 4604 2790 4650 et
2810 4595 3065 4666 sanguine
3108 4595 3382 4650 Dominico
3410 4592 3773 4656 conﬁrmatur,
3800 4599 3862 4645 ut
3887 4591 4023 4645 illius

822 4692 1115 4763 imaginem
1135 4693 1217 4747 sui
1251 4694 1542 4749 conditoris
1568 4694 1938 4751 reformandus
1962 4707 2067 4762 est,
2100 4700 2173 4753 ita
2196 4708 2257 4753 et
2284 4715 2375 4755 ex-

822 4784 989 4837 terior
1015 4784 1152 4837 trina
1210 4783 1477 4838 mersione
1518 4785 1807 4840 abluendis
1834 4800 1990 4840 esse:
2024 4795 2083 4840 ut
2108 4790 2262 4847 quod
2296 4790 2377 4843 ii-

825 4871 1104 4927 visibiliter
1125 4871 1361 4939 Spiritus
1380 4881 1632 4941 operatur
1653 4874 1932 4937 inanima,
1970 4876 2078 4930 hoc
2091 4869 2379 4933 Wsibiliter

826 4961 1074 5015 sacerdos
1098 4959 1337 5013 imitetur
1362 4960 1415 5014 iu
1440 4974 1597 5029 aqua.
1650 4961 1781 5014 Nam
1809 4964 2071 5033 originale
2101 4975 2375 5033 peccatum

827 5049 1005 5103 tribus
1037 5048 1209 5103 nodis
1241 5058 1415 5103 actum
1442 5059 1525 5105 est
1551 5069 1563 5103 :
1588 5051 1957 5117 delectatione,
2002 5069 2285 5119 consensu,
2325 5065 2379 5109 et

824 5153 1004 5207 opere.
1044 5138 1227 5207 itaque
1276 5147 1335 5191 et
1363 5152 1520 5195 omne
1564 5150 1841 5211 peccatum
1894 5152 1987 5196 aut
2036 5144 2377 5214 cogitatione,

828 5234 920 5280 aut
946 5227 1227 5294 locatione,
1269 5236 1361 5281 aut
1396 5231 1701 5297 operatione
1743 5232 1985 5286 elﬁcitur.
2033 5234 2159 5287 Ideo
2187 5235 2375 5303 triplici

831 5375 1134 5445 Hieronymi
1153 5397 1166 5431 :
1192 5381 1465 5433 credimus.
1528 5378 1593 5431 Et

828 5446 964 5498 enim
991 5445 1140 5499 modo
1162 5457 1209 5499 et
1233 5448 1287 5501 in
1318 5448 1520 5501 Patrem
1545 5457 1592 5500 et
1614 5449 1666 5501 in

828 5524 1062 5566 sanctum
1075 5514 1412 5577 baptizamur.

902 5594 926 5621 ι
967 5582 1217 5653 Ambrosii
1248 5585 1485 5653 episcopi.
1503 5582 1903 5653 Mediolanensis
1926 5600 1991 5637 an
2017 5585 2384 5647 Alexandrini,

834 5649 1112 5704 incertum.
1126 5649 1455 5719 lntcr'Opera
1470 5652 1869 5707 Mediolanensis
1884 5655 1966 5706 isti
1989 5670 2175 5707 versus
2193 5668 2295 5705 non
2314 5654 2387 5705 le-

835 5727 1043 5839 ἒιιιαιιυ.
1061 5720 1589 5775 Alcxaudrinusteste
1608 5723 1727 5774 beat
1742 5746 1764 5773 λ
1778 5720 2094 5791 Hieronymo
2108 5724 2171 5776 de
2188 5721 2384 5788 Script.

866 5786 1263 5839 ‘ccleaolhmen
1290 5790 1571 5839 multorum
1601 5804 1845 5839 versuum
1866 5792 2095 5839 scripsit.
2136 5791 2312 5839 (lists.

866 5786 1263 5843 EccleJofumen
1289 5790 1571 5845 multorum
1601 5804 1845 5844 versuum
1866 5786 2095 5861 scripsit.
2136 5791 2312 5843 (Suis.

1767 5381 1898 5434 ἱερῆα
1954 5398 2156 5442 uiuunt;
2203 5383 2377 5433 eodem

1746 5450 1891 5501 ilium
1912 5458 1960 5502 et
2018 5450 2071 5500 in
2125 5447 2384 5516 Spiritum

2481 4686 2551 4739 sit
2591 4686 2907 4749 membrum,
2962 4684 3050 4753 qui
3087 4699 3185 4752 pro
3215 4699 3280 4738 eo
3302 4698 3491 4752 passus
3518 4688 3600 4734 est
3630 4689 3685 4733 et
3711 4679 4017 4734 resurrexit.

2480 4761 2776 4828 Novissime
2829 4788 2925 4842 per
2953 4772 3346 4841 impositin
3398 4784 3589 4822 manus
3615 4783 3644 4821 a
3672 4783 3879 4823 summo
3934 4782 4023 4823 sa-

2480 4863 2694 4919 cerdote
2716 4860 3045 4931 septiformis
3077 4860 3260 4929 gratim
3300 4858 3556 4927 Spiritum
3600 4856 3813 4926 accipit,
3855 4864 3916 4910 ut
3940 4870 4024 4912 ro-

2480 4956 2697 5008 boretur
2750 4966 2846 5018 per
2903 4949 3159 5017 Spiritum
3224 4955 3467 5001 sanctum
3519 4946 3584 5000 ad
3637 4944 4020 5015 praedicandum

2480 5044 2616 5106 aliis,
2652 5044 2743 5111 qui
2777 5040 2873 5095 fuit
2902 5041 2954 5093 in
2992 5040 3254 5109 baptismo
3274 5054 3369 5108 per
3396 5038 3620 5108 gratiam
3647 5037 3767 5090 vita:
3796 5036 4016 5089 donatus

2480 5143 2692 5189 :eterna:
2699 5171 2711 5184 .

2550 5222 2750 5276 Videtis
2784 5235 2942 5289 quam
2981 5219 3223 5285 fideliter,
3264 5220 3645 5275 rationabiliter
3662 5227 3715 5272 et
3738 5217 4019 5288 prudenter

2553 5374 2581 5412 δ
2619 5372 2775 5435 Can.,
2792 5369 2971 5441 medii,
2998 5378 3057 5423 ut
3080 5370 3215 5441 apud
3246 5370 3521 5441 Sidonium
3549 5370 3640 5425 iib.
3669 5387 3731 5433 ιι.
3759 5370 3915 5439 epist.
3943 5369 4013 5441 ig:

2490 5461 2508 5492 ι
2544 5438 2807 5509 Quidquid
2844 5437 3160 5506 sperandum
3186 5450 3289 5503 est,
3314 5437 3424 5493 lieri
3453 5448 3506 5494 te
3521 5437 4017 5508 medio,te‘pruule

2484 5510 2887 5633 ΡΙΔεωῖίιι-ἒκνο
2907 5579 3150 5649 prgcipui
3174 5579 3429 5649 doctores.
3463 5577 3543 5632 Ab
3579 5578 3662 5631 his
3683 5576 3855 5649 verbis
3893 5574 4015 5627 inci-

2486 5650 2563 5716 pit
2587 5648 2806 5717 cpistola
2835 5645 2921 5700 70'.
2964 5645 3105 5701 Eilii.
3150 5648 3396 5713 Quercet.
3450 5660 3567 5717 qua
3612 5645 3901 5717 membrum
3941 5650 4013 5697 est

2488 5710 2699 5785 prioris,
2726 5732 2846 5771 cum
2871 5729 2934 5771 ca
2958 5710 3386 5780 continuandum,
3414 5710 3546 5771 ut'in
3575 5712 3694 5769 ωιι.
3728 5710 3915 5766 Salisb.
