4400 6406
843 389 948 448 295

1682 417 1746 472 Β.
1788 418 1847 472 F.
1889 414 2115 472 ALBlNl
2158 413 2287 468 Sl-Il'
2328 410 2599 466 ALCl'lNI
2632 409 2915 466 OPERL‘M
2955 407 3131 462 PARS
3166 406 3206 461 1.

3955 405 4074 464 296

832 557 966 608 tror,
987 539 1276 596 secundum
1299 534 1441 606 quod
1468 533 1696 590 domnus
1718 548 1815 589 rex
1842 528 2186 587 demandavit
2210 525 2382 582 nobis.
2417 529 2454 584 Α
2490 533 2658 578 strata
2679 522 2912 594 publica,
2945 535 3066 591 qua
3090 520 3235 576 ducit
3271 521 3335 573 ad
3368 520 3618 587 palatium
3648 519 3741 575 Dei
3767 519 3988 579 Christi.
4015 523 4074 577 in

832 635 900 689 Et
922 645 947 674 ι
973 630 1118 686 Felix
1141 627 1391 685 novitatis
1412 631 1650 680 assertor
1663 621 1824 678 habet
1847 619 2088 690 iuratum
2113 617 2302 671 venire
2328 613 2395 668 ad
2497 635 2604 689 quo
2626 628 2708 675 est
2751 635 2874 690 pax,
2905 618 3021 672 laus
3044 627 3099 673 et
3124 617 3291 688 gloria
3317 657 3330 680 ,
3381 617 3448 671 ad
3484 632 3644 687 quem
3690 618 4079 689 pervenientes

833 725 1083 780 domuum
1104 733 1285 792 regem
1304 717 1566 772 rationem
1592 714 1817 770 reddere
1841 711 1969 767 ﬁdei
1984 725 2114 766 sine.
2131 709 2256 764 ideo
2276 707 2394 760 dili-

833 819 1043 890 gentius
1056 823 1208 872 orate
1223 827 1320 883 pro
1348 810 1503 866 nobis
1514 809 1556 882 ].
1572 801 1688 879 Ego
1702 822 1832 862 vero
1853 803 2177 861 vernaculus
2201 807 2400 856 sancta:

834 907 929 963 lsei
950 905 1205 961 Ecclesia:
1226 901 1500 957 vobiscum
1515 908 1662 954 stare
1687 897 1884 960 habeo,
1902 903 1956 949 et
1982 893 2123 963 quod
2155 890 2402 946 sacerdo-

836 994 1159 1052 tuInChristi
1180 991 1502 1048 unanimitas
1524 987 1696 1042 credit
1721 994 1777 1041 et
1798 985 2072 1056 praedicat,
2092 983 2145 1036 in
2173 981 2273 1035 hoc
2302 993 2403 1050 ego

834 1084 1039 1146 iaboro,
1053 1091 1246 1136 etcum
1271 1079 1404 1134 meis
1426 1078 1636 1147 loquor,
1654 1083 1814 1144 etpro
1834 1073 1958 1128 ﬁliis
1982 1079 2178 1128 sanctrr
2192 1069 2286 1124 Dei
2306 1069 2405 1123 Ec-

833 1175 1008 1230 clesia:
1029 1175 1264 1244 aperiam
1289 1186 1351 1226 os
1383 1184 1588 1231 meum,
1615 1168 1660 1222 si
1689 1167 1776 1221 ille
1803 1165 2046 1234 implebit
2099 1163 2228 1217 illud
2250 1201 2264 1224 ,
2313 1159 2404 1229 qui

833 1266 912 1320 ait
950 1283 964 1318 :
1008 1263 1162 1339 Aperi
1197 1279 1253 1317 os
1313 1270 1458 1314 tuum
1485 1299 1501 1325 ,
1545 1267 1594 1312 et
1635 1273 1726 1327 ego
1774 1253 1996 1325 implebo
2041 1251 2175 1306 illud
2222 1247 2414 1322 (Psal.

835 1369 1011 1419 uxr,
1060 1351 1168 1418 ll).
1223 1349 1564 1405 Desiderans'
1590 1346 1785 1408 docere
1837 1343 1980 1397 viam
2051 1339 2301 1404 Domini,
2355 1345 2411 1390 et

834 1445 1152 1500 conﬁrmare
1203 1443 1498 1496 titubantes
1532 1479 1548 1503 ,
1613 1445 1668 1493 et
1727 1435 1999 1492 exhortari
2059 1440 2299 1494 stantes,
2356 1437 2413 1483 et

835 1536 1042 1605 erigere
1063 1533 1306 1602 jacentes
1330 1546 1427 1600 per
1445 1544 1570 1585 eum
1598 1535 1655 1584 et
1681 1528 1735 1581 in
1768 1540 1856 1591 eo,
1880 1525 1971 1594 qui
1997 1523 2150 1594 erigit
2177 1521 2332 1576 elisos
2362 1529 2410 1572 et

834 1624 986 1679 solvit
1021 1622 1334 1693 compeditos
1372 1617 1544 1688 (Psal.
1589 1632 1746 1682 cva,
1785 1617 1834 1679 7,
1869 1613 1946 1684 8).
1973 1613 2230 1668 Dominus
2257 1608 2414 1664 Jesus

835 1721 1217 1787 Christus,pro
1245 1732 1353 1786 quo
1387 1713 1538 1776 mihi,
1561 1720 1616 1766 et
1643 1725 1742 1780 per
1766 1723 1925 1778 quem
1947 1705 2079 1761 mihi
2109 1717 2287 1760 sermo
2306 1709 2412 1765 est,

836 1820 897 1864 ut
932 1821 1054 1864 eum
1083 1822 1268 1862 verum
1291 1807 1480 1868 Deum,
1513 1811 1569 1856 et
1590 1816 1776 1856 verum
1806 1798 2001 1853 Filium
2027 1797 2123 1851 Dei
2144 1794 2412 1856 omnibus,

841 1900 1140 1956 '-'olentibus
1172 1906 1228 1952 et
1258 1895 1563 1951 nolentibus
1585 1892 1793 1956 audire,
1831 1897 2110 1944 testamur.

910 2010 1175 2086 [Libellos
1199 2016 1426 2072 nostms,
1461 2021 1595 2078 quos
1623 2005 1652 2046 ι’
1684 2001 2020 2073 llildegarius
2067 1996 2300 2070 portavit
2343 1991 2410 2048 de

839 2113 1028 2157 sancto
1049 2100 1300 2165 Martino,
1336 2100 1389 2154 id
1410 2107 1511 2163 est,
1545 2097 1713 2151 sancti
1735 2091 1994 2148 Ambrosii
2014 2091 2077 2143 de
2098 2089 2204 2157 fide
2230 2087 2414 2155 cathoj

839 2191 943 2244 lica
966 2191 1034 2244 ad
1059 2189 1369 2244 Gratianum
1393 2189 1750 2257 imperatorem
1769 2223 1784 2247 ,
1815 2192 1862 2236 et
1887 2180 2160 2234 Tractatus
2213 2177 2267 2229 in
2295 2190 2416 2245 pro-

841 2281 1022 2351 phetas
1064 2279 1187 2334 Joel
1216 2290 1262 2332 et
1288 2280 1474 2342 Amos;
1509 2277 1610 2331 hos
1642 2289 1769 2329 vero
1804 2271 2028 2333 libellos,
2057 2269 2176 2324 siin
2225 2282 2414 2322 mona-

842 2370 1009 2424 s‘erio
1053 2368 1455 2428 remansissent,
1493 2362 1817 2418 omnimodis
1859 2368 2035 2414 tecum
2065 2355 2195 2410 affer
2243 2355 2287 2408 si
2333 2368 2418 2407 ve-

843 2460 998 2524 nias;
1033 2458 1114 2513 sin
1145 2465 1344 2519 autem,
1374 2454 1586 2509 remitte
1609 2452 1782 2507 nobis.
1813 2449 1868 2504 Si
1899 2465 2027 2504 vero
2050 2453 2316 2517 portasset
2335 2460 2419 2500 se-

843 2564 990 2614 cum,
1015 2547 1278 2609 mittatur,
1321 2553 1381 2598 ut
1430 2543 1637 2603 reddat,
1665 2549 1721 2594 ut
1772 2537 2194 2594 benedictionem
2244 2533 2418 2588 sancti

845 2637 1061 2691 Martini
1092 2635 1304 2698 habeat,
1329 2633 1452 2703 quia
1483 2633 1550 2686 de
1584 2630 1728 2684 illius
1777 2637 1903 2683 sunt
1945 2625 2178 2680 armario
2201 2665 2215 2688 ,
2256 2637 2420 2702 quem

845 2725 980 2781 nihil
999 2741 1096 2795 per
1132 2740 1231 2779 nos
1254 2724 1480 2793 perdere
1505 2729 1772 2790 optamus.
1798 2718 1951 2772 illum
1993 2731 2122 2772 vero
2140 2713 2419 2785 praefatum

848 2828 1074 2884 pierum
1101 2813 1239 2865 bene
1272 2809 1468 2872 fecisti,
1506 2809 1630 2862 dum
1676 2805 1871 2860 dedisti
1899 2819 2022 2859 eum
2075 2800 2268 2856 saeculo
2311 2815 2423 2855 ser-

848 2903 984 2967 vire,
1016 2901 1141 2971 quia
1165 2899 1398 2954 studium
1423 2896 1800 2952 ecclesiastica:
1853 2895 1977 2948 vita:
2031 2891 2204 2946 noluit
2249 2890 2420 2946 insisti

849 2993 999 3065 [Leg.
1021 2990 1291 3062 insistere]
1318 3007 1330 3043 :
1361 2998 1416 3044 et
1445 3004 1550 3043 non
1576 2987 1706 3042 mihi
1759 2984 2010 3040 irascaris
2051 2990 2238 3038 centra
2277 2996 2443 3056 eum”

854 3082 1102 3136 Sciebam
1149 3081 1296 3134 illum
1335 3078 1474 3133 nolle
1525 3077 1670 3146 quod
1707 3091 1803 3130 vos
1842 3074 1976 3128 velle
2019 3073 2286 3136 sciebam;
2327 3070 2421 3124 sed

857 3170 1021 3235 nolui,
1051 3177 1112 3222 ut
1135 3184 1232 3238 per
1275 3183 1360 3222 me
1389 3183 1420 3220 a
1465 3175 1518 3220 te
1546 3172 1885 3234 scpararetur
1913 3203 1928 3227 ,
1975 3163 2067 3230 qui
2096 3161 2161 3214 ad
2206 3167 2258 3214 te
2292 3173 2418 3213 san-

849 3260 1011 3330 guine
1036 3257 1364 3329 pertinebat,
1397 3255 1577 3317 timeo,
1610 3269 1714 3307 non
1739 3252 1949 3322 spiritu.
1987 3251 2187 3304 Tamen
2212 3263 2315 3302 non
2339 3255 2423 3303 est

850 3352 1238 3424 desperandum
1276 3350 1341 3404 de
1365 3364 1450 3412 eo,
1490 3358 1680 3417 potens
1706 3353 1789 3400 est
1845 3345 1984 3399 Deus
2035 3343 2101 3399 de
2157 3340 2424 3409 lapidibus
2481 3371 2488 3375 -

853 3443 972 3500 istis
990 3443 1251 3499 suscitare
1280 3439 1417 3493 ﬁlios
1448 3439 1678 3492 Abrahae
1708 3435 1923 3505 (Matth.
1955 3435 2036 3496 ιιι,
2063 3432 2140 3501 9).
2173 3428 2422 3492 Benel’ac,

851 3535 1098 3596 obsecro,
1125 3542 1146 3570 ε
1179 3530 1332 3600 Mago
1365 3542 1484 3582 meo
1507 3529 1698 3596 nigro;
1730 3525 1834 3579 erit
1852 3523 1996 3577 enim
2024 3521 2170 3575 utilis
2192 3521 2246 3573 in
2268 3519 2427 3574 domo

856 3622 971 3676 Dei.
1032 3613 1255 3688 Semper
1305 3616 1584 3671 nobiscum
1640 3613 1770 3678 fuit,
1819 3613 2015 3667 bonam
2083 3608 2274 3664 habuit
2336 3624 2426 3663 vo-

855 3711 1116 3766 luntatem
1140 3717 1195 3762 et
1225 3705 1586 3764 humilitatem
1609 3744 1626 3768 ,
1679 3717 1772 3757 seu
1819 3702 1872 3755 iu
1899 3699 2119 3755 servitio
2156 3699 2286 3762 Dei,
2334 3712 2428 3752 seu

822 3855 825 3858 .
854 3797 1018 3854 etiam
1049 3799 1102 3852 in
1133 3795 1378 3852 lectionis
1399 3793 1604 3858 studio;
1637 3801 1690 3846 et
1715 3790 1971 3860 quidquid
1999 3789 2088 3844 ille
2113 3788 2427 3856 accepisset,

857 3887 945 3943 fac
969 3901 1090 3941 eum
1117 3885 1307 3957 partiri
1337 3898 1458 3938 cum
1489 3880 1756 3950 plurimis,
1785 3889 1845 3932 ut
1870 3893 2048 3932 sermo
2097 3877 2191 3930 Dei
2221 3883 2455 3934 crescat

859 3977 916 4031 in
949 3976 1210 4038 Ecclesia,
1237 3975 1321 4028 cui
1353 3973 1464 4026 Deo
1521 3971 1863 4038 dispensante
1909 3966 2168 4020 deservis.
2210 3965 2393 4019 Saluta
2416 4004 2432 4030 ,

856 4068 1100 4130 obsecro,
1125 4077 1314 4119 omnes
1338 4062 1532 4117 fratres
1564 4068 1779 4115 nostros
1800 4059 1851 4112 in
1881 4072 2013 4127 pace
2042 4065 2097 4112 et
2131 4057 2392 4112 charitale
2413 4095 2429 4120 ,

857 4145 1179 4224 Patremque
1202 4161 1442 4207 nostrum
1473 4150 1499 4188 ἀ
1525 4150 1762 4204 Alimum
1781 4149 2108 4219 episcopum,
2131 4155 2186 4202 et
2210 4156 2433 4221 ctetcros

859 4243 1286 4298 consacerdotes
1301 4250 1528 4297 vestros.
1563 4238 1792 4294 Hortare
1817 4239 1935 4294 illos
1967 4252 2178 4308 semper
2202 4238 2270 4293 ad
2297 4252 2437 4306 pra:—

861 4333 1144 4398 dicationis
1182 4331 1438 4387 omcium.
1477 4332 1748 4387 Memento
1795 4331 1924 4386 dum
1957 4342 1981 4369 ο
2014 4330 2235 4400 pallium
2284 4344 2437 4384 acce-

859 4423 985 4493 pisti
1007 4417 1141 4494 [ab]
1173 4415 1464 4497 apostolica
1499 4421 1643 4484 sede,
1674 4421 1849 4491 majus
1874 4429 1925 4476 te
1950 4421 2219 4489 accepisse
2262 4434 2433 4483 onus,

2499 722 2763 764 memores
2791 715 2964 763 estote
2983 707 3110 761 mei.

2569 796 2855 871 [Kalendis
2894 797 3199 852 Novembris
3251 795 3600 851 isolemnitas
3642 796 3886 853 Omnium
3930 798 4080 856 Son.

2501 896 2719 940 ctorum.
2752 887 2912 950 Ecce,
2934 887 3236 942 venerande
3258 885 3418 940 Pater
3436 885 3600 950 Arne,
3630 887 3793 942 habes
3813 889 4076 960 designa-

2501 985 2610 1030 tam
2633 976 3020 1031 solemnitatem
3047 973 3298 1031 Omnium
3336 974 3654 1030 Sanctorum
3681 1016 3696 1041 ,
3748 977 3888 1032 sicut
3933 980 4080 1033 δικ·-

2502 1079 2642 1130 mus,
2674 1079 2835 1134 quam
2861 1067 3112 1120 continue
3139 1063 3192 1118 in
3221 1057 3401 1119 mente
3430 1066 3662 1120 retineas
3686 1107 3701 1129 ,
3751 1075 3806 1121 et
3858 1081 4082 1137 semper

2502 1171 2600 1226 pro
2637 1156 3004 1211 anniversario
3031 1165 3271 1225 tempore
3303 1155 3480 1211 colere
3507 1171 3612 1212 non
3638 1158 4082 1223 desistas,atten-

2505 1249 2638 1304 dens
2667 1250 2794 1304 illud
2817 1258 2872 1303 et
2893 1251 3096 1305 intente
3137 1249 3501 1312 considerans,
3533 1251 3783 1319 quoniam
3807 1252 3850 1306 si
3888 1252 4040 1306 Elias
4065 1294 4080 1314 ,

2507 1354 2645 1394 unus
2667 1355 2734 1394 ex
2762 1339 2885 1405 illis,
2903 1340 2956 1394 in
2972 1340 3152 1394 Veteri
3172 1339 3516 1409 Testamento
3541 1341 3784 1396 oratione
3810 1357 3931 1407 sua,
3949 1343 4024 1398 du
4051 1359 4083 1394 η

2507 1431 2694 1496 voluit,
2721 1431 2970 1486 claudere
3010 1431 3206 1486 caelum
3239 1431 3410 1501 potuit
3436 1433 3940 1499 pravaricatoriltus
3961 1475 3974 1495 ,
4027 1446 4086 1489 et

2510 1523 2719 1590 aperire
2737 1519 3143 1591 conversisUH
3168 1519 3294 1591 Reg.
3313 1537 3444 1584 xvn,
3466 1531 3516 1574 et
3533 1521 3652 1574 Jac.
3673 1538 3726 1586 v,
3744 1521 3854 1592 i7),
3876 1534 4087 1592 quanto

2510 1613 2680 1681 magis
2709 1611 2863 1681 113
2897 1603 3092 1667 Omnes
3121 1610 3306 1667 Sancti
3336 1613 3390 1666 in
3412 1611 3558 1668 Novo
3587 1613 3968 1668 Testamento?
3987 1616 4084 1669 ubi

2510 1701 2590 1755 eis
2611 1699 2917 1768 specialiter
2941 1708 2995 1753 et
3029 1705 3275 1768 patenter
3298 1700 3474 1755 claves
3500 1701 3648 1771 regni
3680 1701 3883 1756 caelesti
3926 1718 4087 1758 com-

2515 1787 2692 1842 missa:
2719 1795 2861 1851 sunt,
2889 1796 2944 1841 et
2963 1786 3210 1842 claudere
3233 1788 3426 1844 coelum
3447 1799 3672 1857 possunt
3700 1791 4016 1857 incredulis,
4032 1776 4092 1846 et

2442 1861 2487 1922 Β
2513 1877 2720 1944 aperire
2741 1876 3104 1941 credentibus,
3126 1877 3170 1931 si
3195 1876 3379 1931 intima
3405 1877 3686 1934 dilectione
3722 1880 4090 1936 honoriﬁcan-

2510 1977 2599 2021 tur
2623 1983 2653 2021 a
2697 1966 2960 2029 ﬁdelibus,
2991 1976 3049 2034 et
3075 1968 3323 2022 coluntur
3371 1969 3753 2040 gloriﬁcationc
3789 1972 3869 2026 eis
3897 1973 4092 2027 condi-

2511 2071 2633 2126 gna.
2658 2055 2811 2122 Quod
2855 2065 2915 2110 ut
2937 2055 3054 2111 ﬁeri
3090 2057 3247 2128 digne
3283 2060 3452 2127 possit
3479 2075 3507 2112 a
3537 2061 3690 2115 nobis
3713 2101 3726 2123 ,
3780 2061 3960 2116 lumen
3997 2077 4094 2115 vc-

2515 2159 2655 2209 rum,
2679 2144 2821 2213 quod
2847 2145 3111 2199 illuminat
3129 2161 3344 2204 omnem
3395 2147 3663 2203 hominem
3706 2150 3885 2218 (loan.
3918 2167 3956 2213 ι,
3982 2153 4041 2216 9)
4071 2191 4087 2212 .

2512 2234 2757 2289 Christus
2775 2232 2960 2300 Iesus,
3003 2234 3257 2290 illumiuet
3286 2237 3446 2290 corda
3479 2245 3682 2301 nostra,
3717 2248 3772 2292 et
3819 2253 3925 2307 pax
3956 2241 4050 2293 Dei
4072 2279 4087 2299 ,

2515 2337 2634 2390 qua:
2666 2330 2954 2390 exsuperat
2987 2337 3199 2377 omnem
3239 2338 3456 2378 sensum
3484 2323 3650 2393 (Phil.
3684 2341 3756 2389 IV,
3778 2327 3853 2396 7),
3880 2343 3978 2394 per
4007 2329 4092 2380 iu-

2521 2410 2902 2465 tercessionem
2932 2409 3182 2466 Omnium
3223 2411 3543 2466 Sanctorum
3565 2412 3698 2480 ejus,
3731 2415 3995 2469 custodiat
4028 2432 4092 2469 ea

2519 2502 2765 2571 usquein
2790 2502 2930 2556 diem
2975 2503 3312 2558 aeternitatis.
3357 2503 3505 2558 lianc
3533 2504 3925 2560 solemnitatem
3969 2521 4094 2559 san-

2519 2591 2814 2646 ctissimam
2837 2592 3008 2646 tribus
3035 2591 3225 2646 diebus
3265 2591 3575 2661 jejunando,
3597 2596 3800 2648 orando
3826 2635 3840 2656 ,
3902 2597 4095 2650 missas

2521 2680 2784 2742 canendo,
2812 2687 2867 2733 et
2897 2679 3264 2749 elcemosynas
3291 2681 3465 2736 dando
3488 2697 3585 2751 pro
3617 2683 3842 2738 invicem
3882 2685 4095 2739 sincera

2524 2769 2806 2824 devotione
2832 2767 3230 2843 praecedamus]

3021 2883 3048 2921 ε
3073 2881 3404 2938 EPISTOLA
3445 2883 3598 2964 xcn.

3133 2967 3200 3004 AD
3241 2967 3511 3005 ARNONI‘JI.

2917 3039 3093 3107 (Anno
3119 3036 3240 3102 799,
3273 3055 3456 3096 mense
3482 3041 3713 3110 Martio.)

2528 3127 2971 3198 Epistolaru‘cum
3012 3129 3310 3198 muneribus
3338 3147 3391 3183 se
3411 3131 3705 3198 accepisse:
3749 3147 3812 3184 ac
3847 3148 3902 3185 se
3930 3133 4098 3186 medio

2447 3194 2496 3258 ϐ
2576 3194 2765 3268 mense
2792 3196 2935 3268 Maio
2965 3197 3104 3267 apud
3132 3214 3321 3268 regem,
3353 3215 3453 3268 quo
3474 3194 3631 3252 e:iam
3655 3198 3808 3253 Felix
3829 3201 4096 3256 adducen-

2593 3266 2691 3319 dus
2713 3275 2808 3331 est,
2839 3266 3075 3334 futurum
3105 3266 3383 3335 signiﬁcat.

2602 3355 2957 3408 Dilectissimo
2988 3353 3096 3408 ﬁlio
3122 3353 3322 3423 Aquila!
3351 3354 3573 3410 Albinus
3599 3357 3849 3410 salutem.

2596 3441 2841 3510 Acceptis
2868 3440 3289 3496 sacerdotalibus
3323 3443 3624 3498 dilectionis
3655 3453 3758 3499 tua:
3786 3446 4102 3499 muneribus

2527 3533 2648 3583 cum
2683 3545 2876 3598 magno
2914 3529 3105 3599 gaudio
3149 3540 3203 3584 ct
3231 3518 3410 3584 Letitia
3441 3571 3455 3595 ,
3500 3531 3656 3585 simul
3685 3540 3736 3587 ct
3768 3533 4101 3586 suavissimis

2528 3620 2741 3685 litteris,
2771 3621 2824 3673 in
2856 3620 3050 3688 quibus
3075 3620 3219 3673 omni
3248 3619 3368 3674 favo
3413 3620 3616 3674 dulcior
3657 3621 3930 3676 redolebat
3971 3623 4098 3676 mihi

2529 3708 2784 3771 charitas,
2815 3717 2870 3760 et
2893 3723 3055 3777 quam
3088 3707 3282 3777 saepius
3308 3708 3549 3776 probavi,
3573 3722 3782 3778 semper
3809 3705 3980 3762 amavi
4006 3725 4019 3771 ;
4049 3722 4100 3761 et

2529 3798 2759 3866 quadam
2790 3796 3153 3851 familiaritate
3184 3798 3322 3850 intra
3363 3797 3540 3851 cordis
3572 3799 3674 3851 mei
3704 3813 3922 3860 arcana,
3953 3800 4100 3866 quasi

2533 3889 2842 3942 thesaurum
2868 3887 3298 3951 desiderabilem,
3323 3896 3429 3942 tua:
3455 3887 3608 3942 faciei
3634 3897 3689 3942 ct
3729 3889 3961 3944 nominis
3989 3905 4098 3942 me-

2534 3977 2702 4029 moria
2727 3976 2996 4031 recondidi
3027 3974 3218 4048 [Edit.,
3253 3977 3622 4050 reconditur]:
3651 3986 3704 4032 ct
3726 3978 3868 4048 quod
3895 3979 4098 4049 nigrum

2538 4065 2589 4119 in
2619 4067 2827 4134 capillis
2851 4065 3090 4130 videtur,
3136 4067 3420 4122 candidum
3451 4068 3503 4122 in
3535 4069 3694 4124 corde
3720 4077 3948 4124 amatur.
3997 4069 4096 4124 Sed

2533 4152 2858 4209 omnimodis
2881 4155 3120 4218 obsecro,
3154 4155 3198 4209 si
3231 4155 3356 4232 .ﬁeri
3387 4157 3572 4225 possit,
3603 4158 3705 4213 hoc
3740 4174 3882 4214 anno
3917 4175 4093 4230 supcr-

2539 4245 2787 4298 veniente
2824 4241 3034 4298 videam
3074 4245 3412 4301 dulcissimos
3442 4248 3638 4308 oculos
3666 4247 3895 4319 (Aquila:
3928 4246 4092 4317 nm].

2539 4343 2598 4387 ut
2641 4335 2955 4404 amplectar,
3002 4333 3282 4388 deosculer
3325 4349 3427 4388 non
3457 4335 3627 4389 solum
3653 4351 3766 4399 ore,
3811 4337 3906 4391 sed
3945 4337 4093 4391 etiam

2541 4438 2653 4484 toto
2696 4430 2876 4484 corde.
2935 4426 3076 4500 [Jam
3120 4426 3325 4496 pridem
3375 4437 3478 4481 ιιιίε
3518 4428 3768 4483 cbaritati
3815 4428 4092 4499 longiorem
4147 4421 4151 4506 ς

862 4523 917 4571 et
932 4513 1229 4570 debitorem
1257 4513 1548 4577 esseomni
1571 4527 1816 4582 persona:
1844 4520 1898 4567 et
1918 4511 2188 4582 dignitati,
2215 4511 2437 4566 ﬁducia-
2460 4518 2515 4581 ι)
2541 4517 2730 4585 scripsi
2775 4515 3057 4584 epistolam
3082 4556 3094 4580 ,
3121 4524 3176 4570 et
3203 4516 3372 4570 direxi
3413 4516 3686 4571 Cblotario
3714 4515 3898 4581 fratri,
3923 4526 3979 4572 ut
4009 4532 4094 4586 per

863 4607 986 4662 liter
1014 4606 1236 4662 verbum
1261 4607 1356 4661 Dei
1384 4604 1724 4678 praedicare].
1769 4606 1905 4671 Noli,
1937 4606 2046 4660 noli
2077 4613 2254 4661 tacere
2277 4647 2292 4671 ,
2345 4603 2436 4659 sed

865 4696 1059 4762 clama,
1088 4705 1241 4757 etne
1264 4712 1461 4752 cesses.
1499 4696 1684 4750 Exalta
1734 4696 1871 4750 sicut
1897 4697 2022 4753 tuba
2051 4711 2240 4752 vocem
2291 4704 2438 4748 tuam

869 4785 1004 4856 (lsa.
1043 4801 1198 4850 Lvm,
1225 4786 1318 4851 l),
1392 4796 1446 4842 et
1493 4787 1714 4840 ostende
1761 4787 2014 4853 omnibus
2058 4786 2202 4839 viam
2251 4784 2448 4839 salutis

869 4885 1105 4941 teternte,
1134 4884 1183 4930 et
1216 4876 1301 4931 dic
1328 4891 1343 4929 :
1372 4874 1624 4941 Currite,
1652 4876 1765 4929 haec
1809 4881 1891 4929 est
1917 4874 2001 4928 via
2026 4876 2186 4945 regia,
2213 4875 2328 4928 haec
2356 4885 2442 4928 est

940 5023 967 5051 ι
1008 5008 1160 5064 Felix
1182 5011 1329 5063 habet
1352 5011 1589 5079 juratum
1621 5011 1806 5065 venire.
1850 5008 2204 5065 Adducendus
2247 5024 2438 5080 nempe

871 5095 967 5146 per
992 5080 1410 5150 Laidradumpad
1452 5082 1734 5150 concilium
1773 5081 2226 5150 Aquisgrancnse,
2271 5090 2329 5133 ut
2370 5097 2437 5134 ex

873 5158 1126 5268 gignente
1153 5148 1376 5218 cpistola
1421 5149 1715 5218 colligitur;
1769 5148 1898 5220 ergo
1926 5148 2125 5219 scripta
2161 5149 2261 5204 fuit
2294 5166 2438 5204 anno

886 5235 901 5266 Ι
983 5255 997 5268 ο
1190 5260 1192 5262 τ

886 5235 997 5268 ινιτ.

945 5284 975 5357 ξ’
1005 5283 1366 5357 _Hilde'garius.
1412 5277 1712 5357 Discipultts
1747 5287 1890 5357 haud
1918 5287 2075 5342 dubie
2111 5287 2302 5357 aliquis
2350 5291 2440 5344 ΛΙ-

875 5353 1094 5428 cuin‘i_i_n
1125 5353 1446 5428 monasterio
1467 5353 1638 5428 sancti
1666 5354 1908 5422 Ruperti.
1948 5358 2069 5428 VV'iJ.
2098 5353 2400 5428 cpist.seq.

933 5431 970 5503 ,ς
987 5421 1188 5503 .Hggo.
1229 5423 1570 5503 Adalbertum
1598 5425 1696 5478 hoc
1716 5421 2030 5494 cegnomine
2053 5421 2226 5489 notat.
2245 5427 2309 5481 de
2334 5421 2440 5496 quo

879 5479 1366 5564 alibi._Yideepist.
1396 5479 1529 5564 (seq.
1659 5563 1665 5564 ί
1756 5479 1817 5564 --υί

946 5558 974 5599 ⁴
1013 5558 1258 5634 Alituum.
1314 5558 1612 5634 Episcopus
1656 5563 1700 5617 is
1747 5561 1848 5618 fuit
1898 5561 2245 5634 Sabioncaisis
2274 5607 2287 5627 ,
2346 5567 2439 5634 qui

884 5627 1142 5701 aunoj‘lg
1157 5643 1224 5700 'sy
1232 5627 1388 5701 nodo,
1398 5627 1814 5701 Dinﬁolﬁugantc
1838 5632 2172 5701 subscripsit.

953 5704 980 5734 ο
1014 5694 1256 5772 Polliam
1284 5694 1754 5772 archiepiscopale,
1784 5704 1893 5771 quo
1919 5694 2064 5756 Arno
2104 5704 2270 5772 priori
2298 5718 2448 5760 anno'

886 5759 1163 5820 “curatus
1192 5768 1306 5835 fuit,
1348 5776 1403 5822 ut
1429 5759 1570 5824 nunc
1596 5759 1660 5824 ἐκ
1692 5759 2028 5839 Ιιτιοήιιοιιιιε
2051 5759 2276 5839 ep'istola
2315 5759 2442 5829 cou-

2544 4615 2751 4662 vestros
2780 4605 3027 4661 homines
3051 4606 3120 4660 ad
3140 4621 3234 4660 vos
3258 4607 3579 4676 perveniret.
3601 4605 3726 4660 Ideo
3746 4608 3930 4676 paucis
3949 4606 4094 4660 modo

2543 4680 2884 4751 sermonibus
2923 4695 3111 4764 loquor
3155 4695 3207 4751 in
3239 4695 3338 4750 bac
3366 4695 3615 4764 praesenti
3652 4695 3914 4748 chartula.
3953 4696 4093 4750 Venit

2544 4787 2689 4840 enim
2732 4801 2822 4838 xxv
2854 4783 2974 4836 Kal.
3007 4783 3174 4852 April.
3213 4783 3343 4835 mihi
3369 4782 3592 4850 epistola
3622 4791 3801 4836 vestra
3832 4798 3948 4837 cum
3989 4800 4092 4837 mu-

2545 4875 2786 4935 neribus,
2827 4880 2883 4924 et
2917 4886 3016 4939 ego
3059 4870 3239 4925 s:atim
3285 4871 3421 4924 hanc
3461 4871 3666 4941 scripsi,
3715 4871 4018 4928 desiderans
4047 4882 4092 4925 te
4139 4875 4141 4929 i

2543 5023 2666 5076 stat,
2708 5027 2828 5082 qtae
2877 5025 3018 5063 anno
3053 5009 3157 5064 799
3178 5009 3365 5131 bpaulo
3414 5020 3534 5078 post
3582 5010 3795 5064 initium
3840 5011 3957 5066 data
3998 5020 4086 5072 est,
4137 4987 4139 5029 ί

2543 5097 2731 5131 tiamne
2756 5089 2878 5131 ante
2908 5093 3145 5131 mensem
3228 5081 3445 5131 artium.
3482 5079 3610 5131 Vide
3635 5080 3793 5131 epist.
3834 5093 3943 5131 seu.
4135 5073 4137 5131 i

2541 5079 2878 5154 nempe'ante
2908 5093 3145 5134 mensem
3178 5079 3445 5133 Martium.
3482 5079 3610 5133 Vide
3635 5080 3793 5200 epist.
3834 5093 3943 5148 seq.

2619 5154 2634 5191 ῐ
2681 5150 2994 5206 Solemnitas
3022 5146 3269 5200 Omnium
3297 5147 3629 5201 Sanctorum.
3701 5147 3822 5200 lane
3858 5148 4082 5201 solemni-

2541 5233 2707 5277 tatem
2742 5236 2807 5274 eo
2849 5219 2970 5278 die,
3027 5217 3128 5270 hoc
3161 5225 3278 5279 est,
3325 5217 3578 5270 Kalendis
3622 5215 3994 5271 Novembribus
4041 5217 4080 5268 in
4123 5231 4133 5284 ᾗ

2541 5291 2711 5346 Gallia
2732 5299 2787 5343 et
2809 5284 3278 5380 Goexr'lnaui'a'longe
3303 5293 3424 5365 post
3450 5283 3910 5380 obitnum‘lilcgini,
3955 5286 4078 5380 scili-
4123 5283 4133 5380 ἵ

2541 5368 2628 5440 εει
2654 5373 2794 5440 τιιηιο
2835 5352 4080 5440 ἓξὲξεφέςυῖξητί,έωρῖεξτειτξέίιλριιεπειο,ξιξ
4123 5352 4131 5440 i

2541 5427 2756 5483 Faciat.
2788 5423 2854 5477 ad
2882 5423 3096 5491 beatum
3127 5423 3408 5476 Alcuinum
3439 5437 3583 5476 num.
3618 5423 3702 5476 l7.
3730 5423 3859 5491 Qum
3882 5423 4080 5480 assertio

2542 5514 2605 5551 ex
2631 5499 2733 5551 hoc
2756 5495 2873 5547 loco
2902 5490 3180 5560 refellitur.
3321 5537 3324 5540 .

2617 5570 2642 5606 ϐ
2678 5564 2826 5618 lianc
2866 5561 3147 5630 cpi-telam
3193 5561 3455 5630 hactenus
3509 5559 3763 5630 incditam
3815 5563 3991 5628 damus
4027 5572 4077 5630 ex

2543 5634 2698 5689 codd.
2750 5647 2877 5686 mss.
2900 5627 3122 5701 'Salisb.
3160 5636 3217 5684 ct
3258 5627 3316 5701 S_.
3354 5628 3708 5701 [Emmeramh
3756 5646 3875 5701 quae
3905 5627 4077 5701 ansulis

2542 5703 2745 5758 inclusa
2776 5706 2921 5761 sunt,
2961 5696 3154 5768 insolo
3190 5697 3307 5754 cod.
3362 5696 3559 5752 Salisb.
3590 5696 3874 5754 habentur.
3931 5696 4074 5768 (Apud
4117 5759 4120 5762 ξ

2544 5772 2773 5827 Froben.
2801 5768 2958 5838 epist.
2987 5764 3100 5836 77.)

4103 5965 4119 6337 i

4071 6399 4073 6401 ι
4084 6385 4112 6397 ἠ

4124 5239 4133 5397 ἕ

4123 5445 4129 5733 ἶ
