4400 6446
604 400 609 425 i

250 483 350 543 207

1643 476 2015 534 l-ZPISTOLJZ.
2082 436 2085 437 ί

3372 472 3472 522 298

251 579 477 633 multum
518 577 717 630 videre.
768 574 913 635 Jam,
959 572 1067 627 Deo
1111 564 1361 629 volente.
1402 552 1577 623 inedia
1624 586 1805 623 mense.
1832 573 1881 630 Α
1900 568 2123 638 jungcrc
2148 566 2344 629 studui,
2383 564 2600 631 cupiens
2628 560 2855 631 spiritali
2884 561 3167 631 pmscutia
3196 576 3333 614 unus
3361 576 3479 614 esse

253 668 393 723 Maio
415 666 552 735 apud
580 681 756 736 regem
779 666 953 734 cogito
978 678 1117 727 esse,
1140 664 1265 732 quia
1294 676 1315 700 η
1352 662 1646 715 Laidradus
1670 663 1812 715 filius

252 767 437 813 noster
456 756 719 809 adducere
744 755 904 810 habet
925 753 1153 806 Felicem
1178 753 1345 805 illum.
1377 767 1497 803 cum
1525 767 1631 818 quo
1661 753 1813 805 nobis

250 844 519 899 sermonis
546 842 815 896 contentio
843 848 949 896 est.
991 840 1055 893 Et
1100 840 1299 893 utinam
1342 838 1595 892 Paulinus
1635 848 1815 892 noster

253 934 604 988 cbarissimus
639 930 798 984 Pater
836 930 1033 985 veniat!
1085 928 1141 981 Si
1189 929 1283 981 tibi
1322 943 1481 981 causa
1520 938 1813 996 opportuna

254 1022 382 1085 fiat,
429 1022 651 1075 multum
679 1020 923 1073 desidero
953 1026 1009 1071 ut
1034 1026 1086 1070 te
1121 1017 1414 1071 habeamus
1441 1016 1812 1086 prmsentcm];

251 1113 382 1181 quia
410 1110 634 1165 multum
667 1118 841 1161 tecum
884 1108 969 1161 bal
989 1121 1054 1159 co
1081 1104 1357 1168 conferre,
1391 1120 1508 1173 quzc
1536 1120 1632 1173 per
1663 1106 1818 1158 char-

252 1210 386 1257 tam.
413 1208 630 1269 propter
650 1197 1012 1251 infldelitatcm
1040 1197 1385 1265 portantium,
1409 1195 1530 1247 nolo
1561 1196 1814 1249 indicare.

251 1288 336 1343 Tu
375 1304 505 1343 vero
541 1288 749 1340 cautior
776 1294 892 1339 esto
919 1286 1059 1339 inter
1083 1285 1294 1339 hostilia
1326 1300 1493 1337 arma.
1535 1284 1705 1337 Tuum
1738 1295 1819 1337 est

250 1361 569 1445 praedicare,
597 1390 699 1428 non
725 1388 987 1443 pugnare;
1015 1374 1320 1441 paciticarc,
1349 1389 1453 1427 non
1478 1373 1815 1435 discordare;

255 1479 512 1520 revocare
537 1466 602 1517 ad
630 1465 811 1526 vitam,
837 1478 939 1516 non
969 1463 1019 1515 in
1044 1472 1269 1517 mortem
1302 1463 1533 1525 mittere,
1564 1465 1701 1517 sicut
1733 1473 1819 1515 tua

252 1556 461 1623 optime
486 1555 631 1607 novit
652 1554 927 1606 sanctitas.

334 1642 494 1714 114
523 1642 880 1713 [Ilildegarius
920 1642 1052 1695 duos
1090 1642 1254 1695 libros
1289 1642 1456 1695 sancti
1499 1640 1709 1695 Martini
1740 1656 1823 1695 se-

254 1750 384 1788 cum
410 1733 661 1801 portavit,
704 1732 841 1784 sicut
882 1731 909 1770 b
952 1731 1003 1783 in
1029 1732 1130 1783 alia
1156 1732 1379 1799 epistola
1407 1732 1497 1784 tibi
1529 1731 1821 1800 designavi.

254 1822 416 1890 Rogo
443 1830 502 1874 ut
528 1820 691 1873 facias
720 1821 933 1882 venire;
980 1821 1083 1873 hoc
1108 1830 1223 1884 est,
1268 1821 1434 1873 structi
1462 1821 1717 1873 Ambrosii
1750 1820 1825 1872 De

255 1914 408 1982 ﬁde,
454 1922 500 1965 et
545 1911 811 1963 Tracturae
870 1912 923 1963 in
964 1909 1079 1963 Joel
1133 1919 1181 1962 et
1216 1912 1370 1963 Amos
1422 1912 1713 1979 prophetas.
1762 1910 1828 1963 Et
1857 1898 1903 1959 Β

256 2015 283 2042 ε
320 2002 529 2070 Magum
562 2015 737 2054 meum
777 2001 969 2061 saluta,
1000 2008 1056 2053 et
1098 1998 1182 2054 fac
1210 1999 1284 2053 illi
1326 2000 1489 2064 bene,
1533 2002 1705 2055 bonus
1747 2012 1828 2057 cst

209 2127 219 2135 -
255 2093 406 2145 enim
438 2089 634 2151 frater;
658 2098 712 2141 et
734 2089 983 2142 omnibus
1007 2088 1130 2142 ﬁliis
1154 2098 1351 2143 sanctae
1375 2089 1623 2145 Ecclesirc
1647 2091 1670 2129 ἀ
1698 2091 1826 2145 Rat-

256 2182 476 2233 bertnm
506 2177 669 2231 facias
695 2178 863 2240 bene,
890 2186 944 2230 et
970 2178 1138 2232 saluta
1166 2192 1353 2233 omnes
1390 2179 1444 2233 in
1487 2182 1702 2235 nomine
1740 2181 1827 2233 Λι-

256 2271 410 2333 bini,
460 2278 514 2322 et
557 2278 777 2322 caeteros
808 2268 1215 2322 consacerdotes
1255 2276 1391 2331 tuos,
1430 2277 1486 2323 et
1528 2279 1678 2324 orate
1732 2287 1827 2341 pro

257 2359 463 2430 nobis].
504 2360 570 2412 Et
613 2359 868 2411 Dominus
905 2358 1042 2412 Deus
1092 2358 1286 2428 dirigat
1322 2362 1481 2414 corda
1526 2371 1706 2417 nostra
1742 2361 1827 2429 (II

263 2449 501 2502 Thessal.
540 2465 618 2506 Ill.
651 2447 705 2517 5)
746 2458 799 2499 et
834 2463 1022 2501 sensus
1072 2457 1285 2503 nostros
1313 2448 1377 2502 ad
1407 2450 1635 2503 salutem
1664 2451 1816 2520 pluri-

263 2550 502 2598 morum,
535 2546 587 2587 ut
620 2536 861 2603 proﬁciat
882 2546 937 2588 et
960 2535 1220 2589 clarescat
1243 2537 1459 2589 verbum
1485 2536 1579 2591 Dei
1608 2539 1659 2591 in
1686 2538 1829 2592 auri-

262 2628 371 2680 bus
402 2624 704 2683 multorum,
733 2632 785 2677 et
820 2624 873 2676 in
904 2624 1063 2679 corde
1106 2626 1427 2679 recondatur
1472 2626 1603 2680 tldcs
1645 2616 1828 2681 catho-

262 2719 392 2773 lica.
433 2716 572 2771 Deus
610 2716 703 2769 Dei
732 2714 900 2771 Filius
918 2715 1074 2771 Jesus
1098 2715 1343 2771 Christus
1368 2717 1623 2773 Dominus
1648 2728 1829 2773 noster

265 2817 320 2861 te
347 2816 571 2875 tuosque
613 2804 792 2859 fideles
823 2805 1109 2869 custodiat,
1137 2814 1191 2859 et
1215 2804 1404 2861 ﬂorere
1425 2806 1585 2861 faciat
1612 2809 1664 2861 in
1698 2809 1829 2862 cha-

264 2897 449 2950 ritatis
470 2896 675 2961 cilicio,
715 2905 771 2949 ct
800 2894 922 2951 fidei
954 2896 1183 2950 veritate
1221 2910 1432 2966 semper
1456 2898 1509 2950 in
1547 2906 1826 2961 :eternum.

266 2984 616 3040 dilectissime
644 2985 737 3037 liii.
782 3014 785 3017 ν
1566 2998 1569 3001 ·

746 3087 770 3114 ο
808 3074 1139 3129 EPISTULA
1174 3074 1349 3128 XCIII.

552 3183 616 3220 AD
653 3182 891 3220 FRH’RES
922 3179 1231 3219 JUVAVENSIS
1265 3179 1544 3219 εεοιεεη.

736 3258 739 3263 ’
876 3253 1049 3321 (Anno
1080 3252 1225 3322 799.)

268 3342 479 3398 Laudat
521 3341 730 3396 illorum
777 3342 1061 3411 regularem
1110 3344 1584 3406 conversationem;
1628 3354 1677 3396 et
1712 3343 1831 3397 hor-

430 3422 571 3465 tatur
595 3411 664 3465 ad
690 3412 812 3465 bene
838 3412 1072 3465 obeunda
1098 3412 1260 3497 ofﬁcia
1283 3412 1671 3466 monachorum.

344 3520 710 3577 Sanctissimis
740 3522 791 3573 in
816 3520 1029 3575 Christo
1054 3520 1307 3577 fratribus
1330 3522 1643 3577 Juvavensis
1667 3524 1833 3578 eccle-

268 3612 390 3673 siae,
431 3608 646 3663 humilis
692 3608 849 3659 levita
890 3608 1109 3673 Albinus
1146 3609 1197 3661 iu
1240 3610 1437 3662 Christi
1467 3610 1724 3663 charitate
1753 3625 1836 3665 sa-

272 3701 463 3753 lutent.

344 3787 581 3842 Audiens
603 3785 917 3841 laudabilem
948 3786 1002 3839 in
1023 3786 1234 3840 Christo
1256 3788 1621 3841 unanimitatis
1645 3796 1835 3841 vestrm

270 3878 755 3941 conversationem,
787 3876 954 3931 multa
979 3876 1188 3931 animus
1226 3892 1375 3931 meus
1401 3879 1582 3932 laetitia
1622 3880 1837 3948 gavisus

271 3973 383 4027 est,
416 3964 685 4033 multoque
710 3965 993 4020 anhelabat
1023 3966 1287 4021 desiderio
1324 3952 1730 4038 praesentialiter
1752 3984 1839 4021 or-

272 4054 457 4108 dinem
484 4052 663 4106 videre
690 4061 945 4116 vestrum,
973 4061 1029 4106 et
1054 4054 1316 4122 meipsum
1345 4055 1530 4109 humili
1559 4056 1840 4110 devotione

273 4139 476 4193 vestris
499 4138 851 4195 sacrosanctis
864 4140 1234 4193 commendare
1244 4140 1839 4208 orati0tiibus.Sedqttia

275 4231 385 4286 hoc
416 4229 689 4299 hucusque
710 4228 979 4298 prohibuit
1004 4228 1269 4281 variarum
1307 4236 1525 4282 eventus
1565 4244 1760 4294 rerum,
1789 4238 1844 4283 et

275 4315 489 4385 prolixa
521 4324 784 4370 terrarum
827 4315 1183 4385 longinquitas
1228 4314 1359 4385 [non
1392 4316 1517 4371 sinit
1556 4317 1845 4385 corporali-

1854 3219 1901 3281 ο

1914 676 1977 713 ex
2003 661 2173 722 vobis,
2199 668 2252 713 et
2282 674 2443 711 unum
2472 672 2591 710 esse
2620 656 2913 716 vobiscum,
2940 663 2997 707 ut
3024 664 3201 708 vestra
3229 669 3314 708 me
3352 670 3478 708 san-

1914 754 2071 806 ctitas
2107 768 2134 803 a
2171 750 2396 803 terrenis
2438 749 2638 800 levaret
2671 746 3071 815 cupiditatibus.
3107 744 3238 798 etin
3276 744 3479 798 caelesti

1914 842 2186 895 vobiscum
2217 839 2501 891 collocaret
2537 836 2821 889 desiderio.

1985 930 2029 983 Ο
2055 944 2216 997 quam
2246 926 2366 979 felix
2402 936 2483 979 est
2512 926 2617 977 vita
2648 924 3061 977 monachorum!
3106 923 3214 977 Deo
3250 922 3484 990 placabi-

1917 1020 2004 1082 lis,
2035 1018 2234 1085 angelis
2269 1016 2531 1073 amabilis,
2560 1014 2862 1067 hominibus
2894 1013 3235 1065 honorabilis.
3267 1011 3364 1077 Qui
3396 1011 3483 1063 hic

1920 1108 2069 1178 [(Iod.
2101 1106 2238 1166 SoL,
2271 1105 2428 1173 hanc]
2462 1104 2689 1156 lidcliter
2720 1104 2848 1155 vivit
2880 1104 3019 1155 inter
3046 1102 3308 1163 homines,
3338 1101 3479 1154 haud

1917 1199 2136 1251 dubium
2181 1196 2411 1249 feliciter
2449 1202 2633 1261 regnat
2665 1193 2802 1245 inter
2831 1192 3064 1260 angelos.
3119 1191 3263 1244 llaec
3293 1192 3481 1259 primi-

1922 1287 2024 1338 tiva
2048 1301 2141 1353 per
2164 1284 2431 1353 apostolos
2460 1283 2509 1334 itt
2539 1280 2718 1333 Juda-a
2746 1280 2973 1331 initiavit
3007 1278 3261 1339 Ecclesia,
3294 1278 3486 1346 quibus

1919 1376 2097 1429 omnia
2145 1372 2445 1427 communia
2492 1369 2655 1423 fuisse
2698 1369 2975 1437 leguntur,
3006 1378 3059 1421 et
3098 1384 3256 1422 nemo
3282 1367 3483 1435 aliquid

1920 1480 2073 1517 suum
2110 1478 2229 1515 esse
2267 1463 2477 1515 diccbat
2521 1461 2657 1528 (Art.
2692 1474 2763 1520 tv,
2794 1458 2903 1526 52).
2946 1457 3055 1509 Iloc
3088 1474 3190 1510 non
3231 1458 3399 1510 solum
3434 1458 3485 1510 in

1921 1554 2159 1609 seculari
2206 1552 2504 1606 substantia
2553 1550 2871 1603 servandum
2931 1563 3050 1602 esse
3092 1548 3345 1607 arbitror,
3395 1547 3487 1601 sed

1921 1644 2081 1697 etiam
2111 1643 2163 1695 in
2192 1641 2472 1698 desideriis
2500 1638 2848 1707 spiritalibus,
2875 1646 2934 1691 ut
2960 1652 3147 1691 omnes
3173 1653 3335 1690 unum
3363 1652 3489 1691 con-

1922 1733 2217 1801 cupiscant,
2246 1740 2302 1782 et
2328 1728 2646 1783 obedientia:
2689 1728 2886 1780 bonum
2918 1727 3086 1794 magis
3130 1736 3489 1794 exsequantur

1924 1840 2083 1891 quam
2111 1823 2338 1891 propria:
2358 1821 2643 1873 voluntatis
2671 1819 2937 1873 affectum.
2981 1820 3036 1873 Si
3066 1819 3313 1874 Christus
3337 1835 3491 1873 suam

1928 1929 2032 1967 non
2064 1914 2209 1967 venit
2236 1912 2412 1966 facere
2437 1911 2786 1972 voluntatem,
2820 1911 2960 1963 sicut
2984 1911 3097 1978 ipse
3121 1911 3173 1963 in
3203 1909 3489 1978 Evangelia

1927 2012 2171 2065 testatur,
2201 2003 2295 2056 sed
2339 2001 2515 2055 Patris
2540 2001 2725 2067 (Joan.
2752 1999 2823 2062 'v,
2854 2002 2923 2053 50
2951 2010 3004 2053 ct
3042 2017 3116 2060 vt.
3145 2002 3255 2071 38).
3291 2011 3452 2069 quant
3474 2018 3493 2052 ι

1926 2095 2095 2163 magis
2127 2092 2415 2145 monachus
2443 2106 2593 2144 suam
2622 2105 2727 2143 non
2749 2090 2907 2143 debet
2935 2089 3112 2144 facere
3137 2090 3485 2151 voluntatem,

1927 2183 2019 2237 scd
2041 2181 2280 2237 Christi?
2308 2179 2416 2234 Nec
2442 2179 2621 2248 segnis
2642 2180 2696 2231 in
2735 2193 2896 2247 opere
2920 2178 3034 2240 Dei,
3065 2180 3157 2232 sed
3186 2180 3485 2237 studiosus;

1927 2285 2025 2323 nec
2072 2277 2277 2322 tantum
2343 2266 2684 2321 considerare
2730 2267 2857 2334 quid
2891 2264 3143 2331 iubeatur
3170 2308 3183 2329 ,
3230 2265 3321 2320 scd
3358 2256 3493 2333 quo-

1926 2360 2084 2414 modo
2107 2357 2414 2426 perficiatur
2441 2355 2829 2425 quodjultetur,
2859 2368 2924 2407 ne
2950 2354 3216 2408 ullatenus
3247 2370 3487 2408 mumm-

1928 2450 2150 2504 rationis
2172 2447 2369 2502 malum
2397 2452 2607 2500 crescat
2627 2444 2679 2497 in
2703 2442 2989 2513 aliquibus.
3023 2441 3082 2497 Si
3117 2441 3278 2511 aliqui
3306 2458 3369 2495 ex
3398 2457 3492 2510 po-

1927 2538 2051 2608 pulo
2078 2537 2173 2591 Dei
2209 2537 2263 2589 in
2293 2547 2479 2590 eremo
2500 2540 2721 2602 propter
2755 2530 3195 2585 murmurationis
3220 2532 3494 2599 perierunt

1926 2633 2221 2696 peccatum,
2244 2629 2445 2692 quanto
2470 2618 2638 2693 magis
2670 2618 2967 2674 monachus
3002 2617 3311 2673 monasterii
3340 2617 3495 2688 spiri-

1927 2713 2017 2767 tali
2038 2711 2303 2780 plectatur
2332 2708 2560 2762 viudicta
2579 2745 2594 2770 ,
2636 2706 2682 2759 si
2712 2704 3153 2759 murmurationis
3177 2702 3317 2757 malo
3339 2718 3491 2756 mcn-
3554 2764 3557 2765 ν

1929 2811 2034 2855 tem
2061 2800 2381 2856 insolescere
2401 2812 2506 2851 non
2535 2795 2775 2861 metuit?
3352 2832 3355 2835 ,

2002 2885 2156 2958 ιιδ
2184 2887 2517 2956 Quapropter
2542 2899 2664 2939 cum
2689 2882 2982 2952 gratiarum
3007 2881 3217 2935 actione
3252 2874 3493 2950 accipiat

1929 2978 2068 3047 quod
2102 2976 2151 3030 ei
2193 2975 2424 3045 pastoris
2448 2971 2601 3044 [Cod.
2637 2971 2777 3034 Sal.,
2814 2968 3126 3040 pastoralis]
3159 2985 3284 3023 cura
3316 2970 3495 3039 provi-

1928 3069 2065 3123 derit
2084 3064 2341 3121 sullicerc.
2382 3065 2466 3116 Sit
2488 3062 2630 3117 enlm
2659 3056 2857 3116 sancta:
2874 3062 3023 3130 pacis
3043 3061 3327 3116 concordia
3356 3061 3495 3114 inter

1930 3167 2170 3221 cunctos,
2201 3157 2321 3210 vita:
2346 3155 2567 3208 castitas
2590 3154 2640 3206 in
2665 3151 3115 3214 adolescentibus,
3141 3165 3346 3205 morum
3370 3163 3495 3221 gra-

1932 3251 2068 3303 vitas
2084 3250 2134 3301 in
2151 3247 2383 3306 senibus,
2415 3243 2591 3297 fervor
2610 3241 2789 3312 operis
2817 3241 2867 3293 in
2891 3238 3205 3307 juvenibus:
3232 3254 3329 3293 nec
3355 3235 3499 3307 quis.

1931 3354 2090 3408 quam
2129 3352 2186 3391 se
2216 3335 2487 3389 canonicis
2537 3332 2683 3387 horis
2714 3331 2795 3385 vel
2825 3330 3158 3398 regularibus
3190 3329 3499 3399 psalmodiis

1933 3428 2229 3482 subtrahat.
2280 3423 2464 3477 Melius
2489 3430 2571 3475 est
2594 3436 2713 3475 cum
2738 3419 3047 3489 angelorum
3097 3419 3327 3473 cmtibus
3346 3416 3495 3472 Chri-

1932 3530 2073 3575 stum
2112 3517 2347 3578 laudare,
2393 3530 2552 3583 quam
2597 3520 2894 3581 torpentem
2941 3510 3164 3576 segnitia
3202 3523 3389 3563 somno
3408 3508 3497 3562 de-

1935 3607 2142 3669 lectari,
2179 3604 2260 3658 vcl
2312 3603 2577 3672 vigilando
2610 3599 2789 3655 inania
2834 3614 3055 3667 exsequi
3081 3598 3368 3651 desideria.
3420 3596 3498 3661 χΕῑ

1933 3712 2039 3750 non
2085 3694 2254 3747 solum
2284 3692 2443 3744 verba
2496 3699 2693 3743 sancta:
2746 3687 2994 3742 lectionis
3027 3695 3275 3740 resonent
3310 3685 3361 3737 in
3383 3699 3496 3746 ore,

1935 3782 2027 3836 sed
2044 3782 2227 3835 intima
2244 3777 2419 3833 cordis
2440 3776 2776 3845 compunctio
2814 3787 3067 3842 sequatur
3096 3773 3253 3826 verba
3277 3772 3499 3839 legentis

1936 3870 2015 3923 vel
2037 3868 2332 3922 cantantis:
2365 3875 2417 3920 et
2445 3865 2747 3918 nullatenus
2773 3863 2919 3917 horis
2952 3861 3378 3932 competentibus
3414 3875 3496 3914 sa-

1936 3977 2040 4017 crtc
2055 3936 2343 4029 Scriptum:
2362 3958 2518 4011 let-tio
2534 3957 2742 4010 recedat
2757 3956 2819 4010 de
2834 3954 3096 4019 manibus,
3128 3956 3252 4023 quia
3277 3953 3499 4008 diversat-

1940 4068 2078 4106 nunc
2114 4052 2362 4126 luet-eses,
2404 4048 2541 4101 sicut
2566 4046 2805 4105 audistis,
2854 4046 3129 4099 catholicae
3156 4045 3275 4099 fidei
3299 4044 3497 4113 purita-

1940 4150 2046 4194 tem
2078 4138 2344 4193 tnaculare
2368 4137 2625 4190 nituntur.

2008 4229 2339 4298 Quapropter
2364 4234 2565 4278 armate
2595 4226 2943 4293 vosmetipsos
2986 4225 3205 4279 scicntia
3236 4225 3496 4287 veritatis,
3568 4246 3571 4247 ν

1942 4316 2221 4371 sententiis
2262 4312 2942 4382 cvangeliczcauctoritatis,
2972 4321 3029 4365 ut
3059 4314 3308 4369 resistere
3330 4313 3508 4366 valca-

280 4413 368 4457 ter
411 4402 507 4465 ire,
539 4403 629 4458 ubi
675 4418 825 4459 mens
852 4418 1062 4457 summo
1105 4403 1623 4474 desiderio'semper
1663 4406 1847 4460 adesse
1947 4408 2015 4461 tis
2035 4403 2517 4461 contradicentibus
2538 4402 2771 4456 veritati.
2836 4403 3111 4468 Quomodo
3131 4411 3329 4473 pugnat
3357 4403 3497 4458 iner-

277 4491 694 4594 piacsentialliter
716 4490 1051 4590 cupit],mea
1066 4493 1346 4594 parvitatis
1374 4494 1632 4594 litterulas
1661 4495 1716 4549 in
1742 4495 1841 4549 hoc
1871 4535 1917 4594 ο
1947 4498 2080 4553 mis?
2102 4496 2182 4549 vel
2212 4492 2475 4564 quomodo
2502 4495 2692 4548 docere
2718 4502 2912 4561 potest,
2951 4494 3042 4562 qui
3064 4493 3268 4561 discere
3298 4494 3501 4550 uoluit?

278 4578 517 4635 cilicium
544 4578 771 4649 dirigere
813 4579 1016 4641 curavi,
1063 4588 1123 4633 ut
1167 4580 1489 4635 desiderium
1518 4584 1695 4637 cordis
1737 4586 1839 4641 mei

282 4670 341 4724 in
394 4669 632 4738 apicibus
677 4668 1043 4741 cognoscatis,
1096 4669 1237 4737 quod
1288 4677 1338 4722 et
1385 4670 1512 4724 olim
1559 4672 1647 4739 pio
1695 4671 1841 4726 Patri

286 4756 495 4829 Aquilae
535 4756 794 4827 pontiﬁci,
828 4756 847 4795 ί
882 4771 1134 4827 germano
1165 4772 1284 4811 meo
1326 4758 1733 4828 pastori‘vestro
1758 4761 1841 4814 in-

360 4903 387 4931 ι
427 4889 740 4944 Laidradua.
772 4927 786 4941 .
815 4928 830 4942 .
855 4926 871 4943 .
909 4888 1153 4943 Felicem.
1204 4890 1329 4944 Inde
1357 4906 1554 4945 annum
1592 4891 1844 4947 discimus

284 4959 503 5028 scriptae
528 4957 779 5028 epistola.
809 4971 1001 5028 nempe
1021 4958 1143 5021 799,
1169 4972 1275 5025 quo
1298 4958 1590 5014 Laidradus
1613 4959 1842 5015 Felicem

286 5028 685 5094 Aquisgranum
716 5025 953 5094 adduxit,
970 5024 1049 5078 ’de
1074 5040 1181 5094 quo
1208 5039 1306 5081 nos
1326 5026 1468 5082 alibi.
1718 5092 1721 5093 ν

336 5042 1821 5163 l‘ﬁ'ﬂi‘i‘wﬁiﬁ'iteﬁip‘é'ihmﬂl‘é'tamam.

367 5175 391 5202 ε
433 5163 646 5233 Nam
673 5161 862 5217 meum.
892 5161 1259 5217 Adalbertum.
1301 5164 1419 5219 Vid.
1450 5173 1562 5219 not.
1596 5176 1617 5203 ε
1650 5166 1843 5232 prioris

789 5299 1133 5383 ﬁnieram:
1164 5299 1273 5383 ibi
1294 5298 1487 5383 δὲδξο)
1517 5315 1608 5357 se“
1635 5301 1842 5383 MP?"

288 5378 413 5426 non
460 5384 475 5421 :
511 5374 568 5423 et
604 5372 960 5439 ex_contextd
993 5367 1281 5439 legendum
1301 5367 1537 5439 jactur
1556 5384 1580 5423 τ
1611 5367 1845 5425 omnibus

288 5439 423 5511 ﬁliis
934 5433 1261 5511 «pinetum
1291 5433 1597 5511 (luporum,
1628 5440 1731 5494 hoc
1763 5446 1848 5492 est

292 5500 1076 5585 ἱιιοηρεείῑειιίιδειωςηείιο
1096 5504 1271 5585 fuit?
1291 5500 1435 5585 Me-

1542 5573 1627 5629 rs.
1644 5574 1845 5631 Collata

292 5657 420 5713 etim
431 5638 765 5713 eodidlcilius'
774 5638 903 5713 mea.
920 5638 1285 5713 Βειὶώιιιιιμ
1299 5640 1356 5695 S.
1378 5640 1719 5713 [mmet-alni.
1744 5645 1849 5700 Ila-

292 5712 550 5770 “)lllouiua
564 5709 659 5766 lib.
680 5716 805 5763 xm
818 5708 1009 5764 Annal.
1036 5708 1187 5764 nam?
1208 5710 1296 5775 58.
1311 5726 1427 5767 eam
1445 5710 1513 5766 ad
1537 5726 1731 5767 annum
1746 5714 1848 5769 796

304 5788 561 5836 'ecenset.
628 5778 909 5833 Hansizius
942 5786 1073 5832 tom.
1103 5777 1144 5829 ll
1188 5778 1367 5835 Germ.
1398 5781 1547 5833 Sacr.
1573 5796 1691 5850 pag.
1726 5783 1845 5846 103,

694 5870 963 5928 Pauor.
1009 5867 1077 5927 C.

1944 4586 2222 4657 Spiritales
2248 4592 2370 4638 sunt
2390 4584 2609 4645 divitiae,
2641 4584 2897 4651 sapientia
2940 4585 2993 4637 in
3039 4587 3220 4647 corde.
3250 4594 3310 4639 ut
3346 4584 3492 4639 Salo-

1940 4692 2064 4732 mon
2091 4677 2195 4732 ait:
2232 4674 2522 4729 Thesaurus
2543 4672 2893 4729 desiderabilis
2916 4675 3177 4741 requiescit
3192 4676 3245 4727 in
3266 4691 3353 4727 ore
3374 4692 3497 4743 pru-

1940 4767 2107 4821 dentis
2133 4762 2313 4835 (Prov.
2340 4779 2448 4825 ut,
2475 4760 2581 4831 ΞΟ).

1942 4914 2081 4953 anno
2109 4898 2209 4953 794
2236 4899 2411 4951 datam
2433 4895 2738 4957 arbitratur,
2770 4896 2981 4963 quando
3008 4897 3255 4949 nimirum
3287 4895 3493 4963 Elipan-

1942 4971 2059 5030 dus,
2091 4968 2265 5022 Felice
2290 4975 2407 5036 post
2430 4962 3137 5036 synodumjﬁatisbonensegt
3158 4964 3292 5036 anni
3316 4962 3418 5036 79}
3432 4964 3498 5019 ad

1942 5028 2188 5110 haeresim
2212 5028 2633 5110 revocato'extra
2664 5031 2967 5110 Ilispaniam
3076 5030 3277 5110 Gallias
3300 5028 3498 5084 etGer-

1942 5103 2175 5178 maniam
2200 5177 2203 5178 ν
2228 5103 2375 5178 virus
2417 5098 2786 5154 transfundere
2814 5100 3068 5178 studuit;
3124 5100 3280 5169 ιιθ
3308 5107 3494 5178 contra

1942 5171 2079 5240 quod
2112 5170 2301 5240 fratres
2331 5167 2994 5240 Juvavense_s__sancturum_
3013 5167 3308 5240 litterarum
3324 5168 3501 5224 studio

1942 5235 1999 5293 se
2024 5247 2234 5292 arment
2260 5238 2521 5292 hortatur.
2592 5235 2926 5306 Mibirtamen
2949 5237 3157 5306 videtur
3181 5244 3497 5306 pauentem

1943 5307 2219 5380 epistolam
2240 5320 2357 5361 eam
2386 5320 2523 5365 esse,
2550 5303 2699 5372 cujus
2723 5305 2776 5360 iu
2805 5303 3043 5375 sequenti
3073 5302 3293 5384 epistola
3314 5303 3381 5359 ad
3398 5303 3500 5359 Ar-

1944 5390 2159 5432 nonsm.
2194 5389 2310 5432 (tua:
2323 5389 2461 5429 anno
2485 5373 2587 5429 799
2614 5374 2811 5432 scribta
2840 5382 2941 5432 est.
2967 5380 3228 5432 meminit.
3256 5371 3498 5432 adeoque

1944 5390 2159 5439 nonem,
2194 5389 2310 5445 qua:
2323 5389 2461 5429 anno
2486 5384 2587 5429 798
2614 5384 2811 5444 scripta
2840 5384 2941 5433 est.
2967 5384 3228 5433 meminit.
3256 5384 3495 5445 adeoque

1944 5443 2011 5498 ad
2038 5443 2280 5499 eumdem
2308 5457 2524 5503 annum.
2551 5457 2658 5511 quo
2669 5458 2772 5497 non
2801 5442 2972 5497 minus
3000 5454 3159 5510 quam
3194 5438 3495 5497 aliascauoa

1944 5512 2135 5566 Felicis
2162 5511 2361 5566 agitata
2384 5508 2500 5566 fuit.
2526 5513 2810 5566 pertinere.

1984 5513 2135 5587 elicis
2162 5513 2361 5587 agitata
2384 5513 2500 5572 fuit.
2526 5513 2810 5587 ρεηῑηοῃ.
2897 5574 2931 5587 _
3008 5576 3018 5586 ,
3054 5575 3065 5587 ,

2020 5580 2039 5619 ί
2080 5574 2279 5700 Agella
2298 5574 2545 5647 gementi
2560 5596 2689 5635 mo.
2741 5578 2871 5645 Qua.
2892 5574 3136 5633 Canisius
3161 5574 3393 5653 adhunc
3418 5575 3496 5631 lo-

1946 5661 2065 5728 cum
2092 5660 2122 5701 a
2160 5646 2409 5728 notavit;
2426 5654 2570 5728 eran
2596 5643 3379 5728 lndecq‘lligbdebeatéqm'lam
3405 5656 3497 5728 seu

1945 5717 2215 5771 Amonem
2265 5714 2725 5796 archiepiscopum
2735 5758 2753 5796 θ.
2774 5710 2967 5796 Salisb.
3010 5710 3220 5796 Alcuini
3276 5710 3496 5779 fratrem

1949 5798 2256 5855 germanum
2288 5780 2524 5839 fuisse'in
2547 5780 2852 5852 praefatione
2882 5780 3229 5837 discussimus

3039 5872 3108 5929 I0
