4400 6408
792 432 895 488 299

789 648 898 694 tam
926 636 1104 691 cordis
1128 635 1400 690 recondito
1426 634 1699 699 thesauro,
1730 644 1780 690 et
1822 651 1916 706 spe
1941 636 2246 692 ﬁrmissima
2277 654 2389 692 vos-

792 726 1019 784 retinete
1053 724 1121 780 ad
1151 726 1339 788 Deum,
1377 732 1433 779 et
1466 724 1733 779 charitate
1771 723 2168 781 ferventissima
2224 727 2370 782 illum

792 826 989 885 amate,
1038 819 1303 873 honorate
1353 826 1408 871 et
1455 815 1669 871 laudate
1705 829 1720 869 :
1778 817 1904 885 quia
1950 818 2078 890 ham.
2120 826 2203 873 est
2247 835 2374 889 pars

788 907 1008 977 optima,
1049 920 1211 976 quam
1234 904 1400 959 Maria
1428 903 1608 975 elegit,
1660 905 1853 959 sedens
1891 920 2049 960 secus
2081 907 2245 976 pedes
2268 908 2372 962 Do-

790 998 943 1063 mini,
998 1012 1116 1066 qua:
1153 1012 1259 1050 non
1301 994 1576 1050 auferetur
1625 995 1694 1049 ab
1747 995 1964 1051 homine
2012 996 2066 1051 in
2110 1004 2373 1052 aeternum

793 1088 948 1159 (Luc.
978 1103 1034 1153 x,
1062 1088 1153 1153 59,
1178 1086 1289 1157 4‘2).
1349 1085 1457 1141 Sed
1507 1094 1656 1140 tanto
1686 1086 1963 1141 ardentius
1994 1096 2114 1157 post
2140 1089 2279 1143 hanc
2300 1090 2374 1142 vi-

792 1184 905 1229 tam
931 1181 1140 1230 amatur
1165 1173 1432 1239 Christus,
1470 1180 1671 1243 quanto
1695 1174 2057 1244 perspicaeius
2076 1174 2193 1243 ejus
2215 1176 2373 1231 intel-

794 1264 978 1333 ligitur
1003 1263 1221 1331 bonitas

865 1352 971 1408 Sed
1008 1367 1115 1407 non
1146 1360 1374 1423 estopus
1414 1367 1547 1407 mete
1591 1353 1845 1422 parvitati
1874 1369 1970 1410 vos
1993 1356 2282 1412 admonere
2307 1357 2375 1413 de

793 1442 837 1495 si
845 1441 1047 1515 ngulis,L
1061 1442 1185 1496 dum
1208 1442 1420 1496 habetis
1436 1457 1603 1496 sacrm
1631 1443 1986 1500 institutionis
2013 1445 2180 1502 libros
2202 1449 2371 1504 notis-

794 1534 980 1598 simos,
1002 1516 1057 1588 et
1078 1534 1224 1603 pium
1240 1532 1452 1586 Patrem
1474 1541 1744 1601 pastorem
1764 1543 2003 1590 vestrum
2028 1547 2372 1619 praesentem,

794 1625 885 1693 qui
935 1638 1031 1678 vos
1062 1624 1184 1677 viva
1210 1637 1343 1678 voce
1366 1622 1557 1678 melius
1610 1622 1902 1679 admonere
1935 1618 2153 1696 poterit,
2211 1618 2389 1697 quam

796 1731 912 1771 mea
958 1716 1127 1770 series
1166 1715 1489 1770 litterarum.
1567 1716 1791 1783 Tamen,
1838 1728 1898 1773 ut
1942 1720 2175 1776 debitam
2223 1723 2375 1777 vobis

750 1846 753 1850 .
795 1803 1134 1858 ostenderem
1163 1803 1509 1867 charitatem,
1575 1806 1764 1874 paucis
1803 1821 1899 1862 vos
1926 1809 2170 1878 apicibus
2194 1810 2376 1880 appel—

797 1892 909 1946 lare
946 1892 1146 1956 studui,
1194 1891 1259 1946 ad
1282 1895 1674 1962 agnoscendum
1701 1894 1754 1949 in
1784 1910 1878 1950 vos
1917 1911 2050 1951 mete
2074 1896 2376 1953 dilectionis
2405 1890 2453 1950 Β

800 1982 1071 2037 fiduciam.
1106 1993 1133 2023 ι
1154 1981 1385 2036 Prasfato
1401 1982 1583 2052 itaque
1604 1983 1749 2039 Patri
1768 2000 1889 2040 cum
1900 1987 2047 2041 onmi
2077 1988 2379 2043 humilitate

798 2073 1014 2127 obedite
1047 2071 1235 2143 (Hebr.
1264 2089 1384 2138 xm,
1410 2072 1521 2143 Π).
1572 2075 1663 2131 Ille
1682 2076 1845 2131 habet
1866 2078 2128 2133 rationem
2156 2080 2381 2134 reddere

801 2162 1181 2218 sollicitudinis
1210 2178 1322 2218 sua:
1350 2178 1450 2233 pro
1472 2164 1646 2228 vobis,
1663 2174 1719 2219 et
1739 2180 1835 2219 vos
1847 2167 2167 2222 obedientiie
2185 2178 2381 2222 vestra:

803 2253 856 2307 in
872 2252 1021 2308 illum
1043 2253 1324 2323 mqualiter
1344 2252 1607 2308 rationem
1644 2255 1871 2310 reddere
1891 2256 2120 2311 habetis.
2174 2257 2264 2312 llle
2283 2273 2381 2327 pro

799 2347 955 2403 vobis
986 2346 1042 2400 in
1083 2360 1278 2416 magno
1312 2346 1519 2416 positus
1556 2354 1640 2402 est
1689 2348 1926 2419 periculo
1955 2368 1967 2403 :
2002 2365 2100 2405 vos
2158 2365 2257 2420 pro
2291 2350 2379 2404 illc

801 2453 995 2506 magna
1049 2437 1310 2491 charitate
1332 2438 1665 2493 intercedere
1710 2425 1940 2505 studete,
1993 2449 2051 2494 ut
2080 2441 2379 2496 mercedem

800 2539 900 2595 pro
923 2524 1073 2579 vobis
1094 2525 1292 2578 habeat
1326 2525 1464 2595 apud
1494 2526 1678 2591 Deum,
1710 2535 1764 2581 et
1783 2542 1879 2581 vos
1893 2529 2131 2597 requiem
2144 2544 2265 2584 cum
2291 2530 2381 2585 illo

802 2613 1046 2669 habeatis
1076 2613 1127 2667 in
1141 2628 1308 2683 regno
1321 2613 1442 2675 Dei.
1490 2614 1743 2669 Filiorum
1761 2602 1991 2671 eruditio
2011 2616 2129 2673 laus
2149 2626 2233 2673 est
2268 2633 2382 2672 ma-

804 2704 1117 2773 gistrorum,
1142 2713 1197 2758 et
1225 2704 1506 2774 profectus
1543 2706 1720 2775 gregis
1744 2720 1953 2761 merces
1973 2716 2057 2761 est
2082 2716 2380 2777 pastorum.

872 2794 1061 2848 Divina
1090 2783 1384 2849 auxiliante
1419 2795 1590 2863 gratia
1611 2795 1873 2852 custodite
1914 2811 2035 2863 vos,
2058 2796 2272 2861 fratres,
2325 2797 2380 2853 in

802 2886 947 2941 omni
973 2887 1241 2953 castitate,
1271 2887 1593 2953 humilitate,
1653 2889 1938 2945 concordia
1990 2897 2046 2945 et
2093 2890 2378 2957 charitate,

801 2990 965 3029 onera
994 2984 1169 3031 vestra
1200 2977 1429 3031 invicem
1453 2986 1730 3047 portantes
1750 2977 1896 3048 (Gal.
1931 2995 2008 3041 vr,
2036 2979 2095 3045 2,
2122 2980 2202 3051 5).
2258 2978 2384 3035 Om-

798 3067 886 3119 ‘nis
910 3082 1088 3121 sermo
1105 3067 1277 3121 malus
1298 3076 1353 3121 et
1381 3068 1698 3136 impudicus,
1726 3076 1781 3123 et
1804 3069 2109 3139 impatiens,
2137 3078 2191 3124 et
2216 3070 2380 3124 inuti-

803 3154 870 3207 lis
892 3169 956 3207 ex
982 3169 1077 3208 ore
1103 3163 1283 3210 vestro
1320 3170 1425 3210 non
1461 3156 1720 3226 procedat
1757 3156 1973 3227 (Ephes.
2010 3172 2086 3219 iv,
2117 3157 2242 3226 29);
2286 3159 2380 3213 sed

1662 431 1719 483 Β.
1764 431 1823 485 ι’.
1863 433 2085 489 AlJllNl
2124 433 2252 491 Sl-Il.’
2294 435 2566 493 ALCL'le
2607 436 2887 494 OPEllUll
2925 438 3102 495 PARS
3136 440 3175 494 l.

861 548 1067 600 Sanetzc
1099 544 1215 599 lidei
1254 542 1536 598 veritatem
1567 543 1849 614 diligenter
1876 538 2088 611 discite,
2139 557 2195 601 et
2222 549 2371 619 agni-
2398 553 2448 613 Α

2940 444 3102 495 rans
3136 444 3175 494 l.
3788 510 3791 513 ,
3960 444 4081 527 δφ

2940 620 2943 623 _
2967 553 2996 592 ι»
3020 550 3351 608 EPISTOLA
3375 553 3533 610 xcrv

3075 657 3142 695 AD
3177 657 3445 697 Λκκοπεη.
3596 656 3599 657 ⁷

2856 728 3043 797 (Anno
3068 729 3191 795 799,
3223 746 3407 787 mense
3425 732 3662 805 Martio.)

2476 813 2637 868 Mittit
2658 814 2940 896 Paschalis
2962 820 3217 883 carmina,
3232 830 3292 896 .et
3319 821 3756 896 admonerigenpit
3781 828 4075 896 parce-him

2544 900 2662 964 nos,
2683 902 2778 964 seu
2804 888 3041 964 curiones
3071 904 3181 964 stur
3208 888 3439 964 dimcesis
3467 892 3536 944 ad
3568 888 3690 947 citri
3718 888 4075 964 prbbitatnu,

2544 953 2614 1006 ad
2638 955 2804 1024 oﬂicia
2829 972 2926 1008 sua
2953 959 3077 1011 bene
3105 957 3364 1013 obeunda.

2543 1041 2751 1110 Aquilae
2774 1057 2873 1112 per
2893 1043 3054 1112 Alpes
3073 1046 3295 1111 volanti,
3320 1063 3416 1118 per
3441 1051 3949 1119 camposcurrenti,
3972 1067 4068 1121 pet

2477 1131 2637 1185 urbes
2663 1132 2956 1187 ambulanti
2981 1134 3199 1191 humilis
3227 1140 3499 1209 terrigena
3522 1141 3769 1199 salutem.

2547 1221 2851 1294 [Paschalia
2869 1226 2991 1293 paci
3018 1234 3212 1281 vestrae
3227 1227 3398 1284 direxi
3422 1234 3680 1296 carmina,
3696 1242 3859 1303 prout
3885 1234 4077 1287 dieta-

2473 1323 2666 1365 verunt
2689 1311 2824 1381 Magi
2842 1314 2994 1369 mihi.
3052 1316 3160 1371 Yos
3182 1317 3379 1384 videte,
3402 1336 3469 1373 an
3494 1320 3703 1391 placeat
3725 1323 3794 1377 ad
3815 1325 4078 1378 scriben-

2475 1400 2626 1465 dum,
2662 1402 2746 1456 vel
2766 1401 3013 1472 proﬁciat
3039 1404 3106 1458 ad
3131 1405 3435 1475 legendum.
3493 1422 3514 1447 ε
3540 1410 3656 1464 Misi
3702 1425 3917 1489 quoque
3951 1411 4076 1465 fm-

2476 1492 2649 1547 tribus
2679 1492 2907 1558 litteras,
2941 1509 3136 1565 rogans
3158 1506 3217 1551 ut
3247 1497 3297 1552 in
3330 1501 3613 1567 pnesentia
3641 1510 3819 1555 vestra
3866 1502 4072 1573 legan-

2478 1590 2590 1647 tur,
2610 1584 2801 1644 uti'me
2822 1588 3165 1642 commendes
3180 1588 3391 1644 illorum
3411 1592 3764 1654 orationibus,
3797 1594 3901 1647 tuis
3924 1610 4076 1663 quu-

2476 1686 2581 1740 que
2604 1670 2637 1747 dp
2662 1675 3011 1743 parochianis
3036 1678 3127 1745 qui
3159 1678 3333 1733 solent
3367 1680 3435 1734 ad
3461 1681 3849 1757 dedicationem
3876 1686 4070 1741 sancti

2476 1763 2785 1819 chrismatis
2812 1766 3014 1821 venire.
3054 1768 3164 1824 Illis
3184 1785 3396 1839 quoque
3411 1774 3746 1844 scripsissem
3769 1785 3873 1831 ture
3890 1792 4073 1851 causa

2477 1851 2773 1912 charitatis.
2802 1854 2847 1909 si
2871 1855 3097 1912 nimium
3117 1873 3222 1913 non
3241 1870 3385 1915 esset
3408 1872 3907 1933 pncsumptuosum.
3963 1868 4075 1941 Ta-

2480 1956 2602 1996 men
2628 1940 2648 2013 ]
2674 1944 2962 2001 admoneas
2982 1961 3078 2002 eos
3098 1948 3164 2002 de
3192 1950 3314 2004 vine
3339 1949 3606 2016 castitate,
3641 1953 3709 2008 de
3736 1969 3953 2011 morum
3970 1940 4075 2020 ho-

2479 2040 2710 2098 nestate,
2739 2032 2805 2113 de
2833 2033 3140 2090 orationum
3162 2036 3459 2107 vigilantia,
3498 2042 3563 2096 de
3592 2044 3915 2110 precationis
3985 2045 4077 2100 in-

2478 2121 2709 2186 stantia;
2736 2130 2790 2177 et
2819 2125 3188 2196 unusquisque
3222 2124 3518 2194 subjectam
3548 2130 3647 2186 sibi
3678 2131 3889 2202 plebem
3921 2135 4075 2201 bene

2480 2210 2534 2263 in
2557 2209 2654 2265 Dei
2680 2211 2956 2268 voluntate
2978 2218 3244 2273 eruditam
3267 2220 3482 2286 habeat,
3511 2223 3900 2294 ecclesiamque
3919 2224 4075 2283 bene

2482 2299 2761 2355 directam.
2799 2300 2889 2373 [Et
2926 2312 2987 2358 ut
3013 2305 3320 2374 viduarum,
3342 2311 3722 2379 orphanorum,
3772 2321 3828 2367 et
3852 2329 4069 2385 paupe'

2481 2405 2603 2444 rum
2655 2392 2889 2446 maxime
2915 2408 3102 2449 curam
3151 2398 3388 2453 habeant
3422 2399 3611 2469 (Ereti.
3639 2417 3714 2465 ιν,
3745 2400 3797 2465 l,
3825 2402 3861 2455 2
3913 2419 4071 2473 seq.;

2481 2495 2578 2545 vn,
2611 2479 2722 2552 56).
2771 2481 3059 2541 Scholares
3077 2501 3293 2559 quoque
3313 2491 3565 2556 habeant,
3589 2500 3645 2547 et
3667 2492 3955 2565 diligenter
3986 2496 4071 2550 di-

2482 2583 2634 2624 scere
2666 2584 2760 2626 eos
2784 2569 2986 2628 faciant
3004 2574 3258 2644 psalmos,
3299 2587 3355 2632 et
3379 2579 3696 2635 cantilenam
3731 2582 4071 2637 ecclesiasti-

2482 2679 2624 2728 cam,
2642 2665 2768 2719 utin
2794 2665 3022 2738 singulis
3047 2668 3292 2726 ecclesiis
3318 2686 3507 2727 cursus
3531 2682 3720 2744 agatur
3736 2674 4071 2743 quotidianae

2482 2757 2655 2813 laudis
2676 2756 2829 2830 Dei}.
2871 2758 3246 2832 Unusquisque
3287 2778 3417 2819 vero
3446 2780 3600 2819 suum
3641 2766 3696 2819 in
3719 2765 3946 2821 Domino
3968 2766 4071 2821 ho-

2482 2850 2730 2906 norificet
2750 2850 3133 2919 ministerium,
3162 2862 3348 2908 ut-non
3369 2854 3447 2925 sit
3464 2854 3786 2923 vituperatio
3804 2854 3860 2909 in
3880 2869 4069 2909 sacer—

2483 2945 2608 2999 dote
2635 2941 2856 3005 Cbristi,
2904 2945 2999 2998 sed
3043 2943 3280 2999 laudatio
3313 2944 3367 2998 in
3411 2946 3759 3015 praedicatore
3815 2946 4069 2999 veritatis

2485 3032 2572 3103 (Il
2597 3032 2720 3087 Cos.
2750 3048 2823 3096 vi,
2859 3032 2935 3104 ὅ).
2990 3032 3089 3105 [Et
3105 3041 3167 3087 ut
3194 3043 3440 3089 sanctum
3464 3035 3729 3105 baptisma
3757 3033 4066 3104 diligentis-

2485 3124 2619 3178 sime
2638 3130 2946 3187 exerceant,
2992 3123 3118 3192 quia
3145 3122 3199 3176 in
3227 3122 3371 3177 nullo
3391 3122 3507 3187 loco
3531 3122 3883 3194 periculosius
3908 3138 4069 3179 erra-

804 3258 922 3311 qua:
946 3251 1129 3297 sancta
1156 3253 1298 3308 sunt,
1324 3245 1411 3313 pia
1431 3212 1486 3298 et
1498 3244 1663 3313 justa,
1694 3254 1751 3299 et
1764 3212 1961 3301 vestrae
1982 3212 2243 3318 condigna
2259 3262 2381 3303 san-
2408 3221 2451 3281 δ
2485 3224 2606 3318 ΨΓῘ
2639 3215 2781 3271 Sient
2801 3230 2901 3318 [fec
2915 3213 3260 3318 etPosiuf’
3287 3214 3333 3317 si
3355 3215 3488 3318 hinc
3512 3212 3896 3318 01).???“er
3923 3212 4071 3314 Hm...

804 3330 997 3395 ctitati,
1029 3333 1096 3386 ad
1130 3333 1558 3390 exhortationem
1583 3335 1931 3400 audientium,
1954 3333 2258 3406 loquimini.
2318 3336 2384 3390 Et

804 3436 1011 3493 semper
1025 3422 1164 3480 Deus
1191 3425 1576 3482 honorificetur
1596 3427 1651 3482 in
1670 3443 1763 3482 ore
1782 3438 1964 3483 vestro
1990 3427 2167 3500 (Rom.
2193 3445 2283 3495 xv,
2302 3428 2379 3498 6),

744 3500 749 3507 ’
807 3521 863 3565 et
887 3527 1006 3581 quae
1028 3512 1097 3567 ad
1124 3528 1308 3582 pacem
1331 3516 1599 3584 pertinent
1618 3531 1824 3577 veram,
1856 3525 1964 3569 tota
1992 3516 2272 3570 sectamini
2304 3518 2385 3570 in-

808 3605 1067 3669 tentione,
1093 3613 1147 3659 et
1167 3604 1308 3659 Deus
1322 3608 1465 3675 pacis
1482 3607 1579 3659 erit
1596 3607 1855 3660 vobiscum
1874 3617 1950 3661 :et
1964 3624 2217 3678 parquae
2236 3624 2385 3662 exsu-

740 3730 743 3733 -
806 3707 953 3767 perat
978 3714 1179 3752 omnem
1204 3715 1444 3763 sensum,
1476 3698 1732 3752 custodiat
1772 3700 1933 3752 corda
1957 3709 2122 3753 vestra
2158 3700 2212 3753 in
2235 3700 2381 3753 omni

807 3789 1048 3843 bonitate
1069 3799 1124 3842 et
1163 3790 1362 3859 pietate
1396 3788 1615 3860 (Philip.
1656 3807 1727 3855 tv,
1765 3791 1817 3853 7,
1844 3790 1922 3860 9).
1988 3792 2138 3847 Beati
2175 3792 2383 3863 paciﬁci

810 3876 1078 3948 [quoniam
1103 3880 1201 3948 ﬁlii
1236 3880 1332 3933 Dei
1362 3880 1703 3952 vastabantur]
1726 3880 1941 3950 (Matth.
1963 3898 2019 3946 v,
2051 3882 2126 3952 9).
2162 3881 2381 3936 Summa

812 3965 1061 4020 nobilitas
1085 3974 1169 4021 est
1197 3965 1360 4019 illium
1379 3982 1498 4026 esse
1523 3969 1907 4035 omnipotentis
1945 3969 2059 4023 Dei.
2133 3969 2240 4024 Sed
2269 3970 2386 4023 bzec

812 4054 1063 4109 nobilitas
1108 4069 1299 4124 magna
1346 4069 1554 4108 morum
1586 4054 1846 4126 dignitate
1877 4056 2233 4125 promerenda
2280 4066 2381 4111 est.

814 4141 929 4197 Non
956 4144 1097 4197 enim
1126 4144 1258 4198 estis
1287 4145 1471 4209 vestri,
1517 4144 1610 4200 sed
1646 4144 1869 4211 Christi,
1901 4146 1993 4214 qui
2048 4160 2144 4201 vos
2190 4162 2384 4217 magno

813 4234 945 4288 emit
991 4232 1185 4305 [Edit.,
1232 4232 1445 4305 empsit]
1475 4235 1668 4303 pretio,
1706 4236 1806 4290 hoc
1830 4243 1931 4299 est,
1972 4251 2071 4290 suo
2104 4238 2381 4308 sanguine.

817 4324 1031 4376 Portate
1066 4323 1234 4396 Deum
1260 4325 1313 4376 in
1357 4338 1580 4393 corpore
1616 4334 1797 4378 vestro
1846 4325 1898 4394 (I
1925 4324 2046 4381 Cor.
2075 4340 2149 4390 vr,
2177 4325 2293 4396 20),
2325 4335 2387 4380 ut

816 4411 955 4464 Deus
981 4411 1230 4480 dignetur
1255 4410 1495 4464 habitare
1522 4412 1575 4464 in
1594 4413 1844 4466 cordibus
1874 4413 2096 4467 vestris:
2123 4421 2387 4482 quatenus

818 4518 881 4555 ex
909 4501 1010 4554 hac
1034 4502 1179 4556 brevi
1207 4510 1263 4555 et
1294 4500 1558 4556 laboriosa
1582 4502 1711 4567 vita,
1760 4503 1826 4558 ad
1847 4512 2106 4559 aeternam
2142 4506 2381 4575 requiem

821 4601 874 4646 et
925 4592 1303 4647 beatitudinem
1336 4594 1613 4663 pervenire
1644 4597 1979 4659 mereamini.‘
2026 4598 2388 4654 intercedente

822 4684 963 4737 beati
993 4683 1317 4747 llrotbcrcti,
1355 4685 1686 4753 aliorumque
1723 4686 1943 4741 Patrum
1985 4690 2268 4743 sanctitate
2294 4705 2393 4759 pro

826 4774 993 4827 vobis.
1040 4774 1225 4826 Divina
1245 4774 1415 4841 pictas
1444 4775 1495 4828 in
1519 4776 1664 4828 omni
1695 4778 1835 4831 bono
1858 4777 2050 4833 llorere
2077 4795 2171 4835 vos
2207 4780 2389 4845 faciat,

829 4859 1020 4915 fratres
1040 4859 1362 4914 charissimi.

896 5182 921 5209 ι
961 5166 1395 5240 ΡηιήῙαεονΡᾳξτὶ,
1421 5166 1923 5240 Aquilzenimirum.
1972 5171 2046 5224 Ex
2079 5170 2272 5240 quibus
2295 5188 2388 5240 pa-

826 5239 930 5291 lam
951 5246 1052 5300 est,
1072 5238 1246 5305 inquit
1281 5237 1582 5301 liansizius,
1614 5239 1882 5293 Anionem
1911 5240 2073 5293 etiam
2098 5237 2391 5295 monacho-

829 5321 943 5359 rum
972 5305 1340 5361 praefecturam
1365 5306 1614 5361 gessisse.

1362 5322 1705 5447 stsrstfhen.
1740 5377 1825 5431 79.
1855 5377 1952 5432 llic
1979 5377 2149 5447 magis
2187 5376 2393 5447 integra

828 5442 1013 5511 prodit
1037 5458 1099 5495 ex
1133 5444 1249 5496 cod.
1277 5461 1377 5499 ms.
1411 5445 1604 5499 Salish.

902 5520 923 5546 ε
968 5509 1085 5562 Misi
1115 5529 1323 5632 Suoque
1351 5515 1598 5582 fratribus
1631 5514 1846 5566 litteras.
1903 5514 2121 5570 Fratres
2171 5514 2224 5568 hi
2272 5525 2397 5568 sunt

902 5580 1077 5631 )nachi
1160 5620 1171 5631 .
1210 5581 1351 5632 Petri
1378 5598 1469 5632 seu
1504 5584 1561 5632 S.
1583 5583 1824 5632 Runerti.
1854 5583 1919 5632 ad
1945 5599 2079 5632 alios
2092 5584 2392 5632 enistolam-

834 5580 1086 5664 monachi
1115 5580 1171 5632 S.
1199 5580 1469 5664 Petri‘seu
1504 5583 1824 5664 S._Ruperti,
1854 5583 2392 5664 ad.qu'osepistolam,

833 5661 990 5713 quam
1021 5650 1324 5705 immediate
1361 5660 1515 5706 antea
1548 5652 1811 5715 dedimus,
1836 5651 1940 5705 seri
1964 5650 2070 5707 isit.
2124 5650 2141 5653 “
2358 5676 2363 5679 -

866 5786 874 5789 _
902 5715 952 5789 ⁸,-
970 5714 1329 5789 Parachianis.
1373 5720 1631 5775 Curiones
1652 5736 1743 5774 seu
1776 5669 2041 5788 parocﬂos
2066 5737 2175 5775 suae
2195 5722 2394 5778 dimcc-

835 5786 908 5839 sis
942 5786 1203 5856 intelligit.
1259 5788 1387 5843 Vide
1416 5789 1586 5844 Gloss.
1619 5786 1802 5859 Cangi‘i
1833 5789 1896 5853 ν,
1932 5788 2309 5845 Parachianus.

2486 3314 2772 3374 tenturque
2784 3304 2981 3375 singuli
3004 3306 3074 3360 ad
3095 3303 3447 3359 confessionis
3469 3304 3776 3373 puritatem,
3804 3303 3871 3358 ad
3890 3303 4074 3374 peni-

2483 3394 2665 3448 tentite
2687 3393 3180 3464 compunctionem:
3213 3393 3340 3463 quia
3361 3394 3463 3448 hoc
3491 3392 3780 3448 secundum
3791 3391 4066 3462 baptisma

2481 3492 2565 3538 est
2589 3484 2645 3538 in
2670 3482 2931 3549 Ecclesia,
2984 3492 3045 3538 ut
3071 3485 3162 3554 qui
3179 3492 3301 3554 post
3328 3485 3560 3553 primum
3589 3482 3854 3538 erraverit
3881 3482 3936 3536 in
3964 3482 4067 3536 ali-

2483 3589 2590 3643 quo
2616 3572 2829 3639 delicto,
2855 3574 2907 3627 in
2947 3573 3050 3629 hoc
3068 3573 3304 3628 secundo
3330 3573 3650 3643 corrigatur.
3698 3571 3781 3628 Sit
3804 3570 4068 3627 tibi'Dens

2482 3662 2681 3732 ubique
2716 3662 2949 3733 adiutor,
2983 3672 3044 3718 ut
3064 3662 3316 3733 proficias
3344 3665 3402 3722 iu
3421 3664 3568 3727 omni
3602 3664 3761 3727 bono,
3790 3671 3845 3717 et
3872 3662 4067 3717 multi-

2482 3753 2607 3823 plici
2632 3754 2824 3825 dignus
2869 3755 3117 3811 mercede
3145 3755 3396 3811 habearis
3420 3756 3473 3810 in
3510 3763 3799 3823 conspectu
3845 3753 4065 3809 Domini

2483 3842 2581 3898 Dei
2631 3845 2731 3898 tui.
2786 3843 2968 3914 Usque
3006 3846 3061 3899 in
3095 3844 3363 3900 kalendas
3407 3842 3571 3898 Maias
3603 3852 3840 3898 vestrum
3889 3842 3944 3896 in
3976 3842 4066 3896 his

2484 3931 2726 4001 partibus
2762 3932 2992 4001 sperabo
3020 3932 3327 3987 adventum.
3400 3944 3423 3972 ι
3452 3933 3649 4002 Regem
3683 3929 3961 4002 speramus
4008 3930 4066 3985 in

2487 4020 2775 4076 Saxoniam
2827 4022 3047 4076 iturum.
3132 4021 3209 4077 De
3255 4038 3373 4078 mea
3430 4038 3560 4078 vero
3601 4037 3795 4087 causa,
3848 4021 4067 4077 volente

2485 4110 2617 4177 Deo,
2646 4111 2773 4166 dum
2804 4113 3036 4179 veneris,
3092 4112 3292 4182 aliquid
3320 4112 3521 4167 certius
3545 4112 3882 4166 innotescere

2485 4220 2625 4259 mus.
2666 4205 2897 4259 Tantum
2942 4206 3274 4260 orationibus
3321 4204 3511 4275 adiuva
3540 4202 3908 4285 Jfragilitatem
3959 4215 4064 4255 no-

2486 4301 2674 4357 stram,
2703 4300 2763 4345 ut
2789 4292 2986 4361 dirigat
3012 4309 3109 4347 nos
3131 4294 3379 4349 Christus
3407 4293 3460 4345 in
3487 4280 3595 4346 sua:
3630 4289 3846 4359 pietatis
3867 4287 4064 4343 volun-

2488 4390 2616 4446 tate,
2643 4389 2702 4435 ut
2739 4380 2999 4436 faciamus
3026 4396 3147 4450 quae
3193 4380 3526 4451 beneplacita
3551 4387 3676 4434 sunt
3700 4378 3752 4433 ei
3772 4377 3967 4449 (Eccli.
3998 4394 4062 4442 η,

2489 4468 2599 4540 l9).
2643 4469 2786 4523 Deus
2795 4467 3041 4524 Christus
3052 4468 3117 4522 ad
3131 4469 3427 4539 profectum
3448 4482 3556 4523 sua:
3573 4476 3772 4523 sancta:
3785 4466 4061 4530 Ecclesiae.

2414 4547 2464 4605 Ῑ)
2490 4561 2629 4615 bona
2650 4561 2952 4615 valetudine
2974 4560 3359 4615 beatitudinem
3382 4569 3525 4613 tuam
3550 4573 3871 4614 conservare
3884 4558 4065 4628 digne-

2495 4662 2601 4715 tur,
2638 4653 2991 4708 desiderande
3022 4651 3214 4706 Pater!

2890 4765 3047 4833 117
3084 4763 3104 4802 ι
3139 4744 3469 4818 Ertsrou
3508 4760 3644 4815 xcv

2997 4870 3063 4906 AD
3103 4868 3319 4908 DOINU“
3355 4867 3552 4908 REGE“.

3106 4942 3284 5015 (Anno
3310 4941 3465 5007 799.)
3593 5002 3599 5008 ,
3670 4974 3676 4978 -
3758 4990 3761 4993 .

2492 5032 2703 5086 Gratias
2750 5032 2855 5100 agit
2907 5047 3000 5102 pro
3054 5031 3203 5085 bonis
3253 5032 3474 5100 acceptis
3502 5026 3635 5085 :"de
3674 5026 4054 5099 perturbatione

2566 5196 2589 5222 ρ
2632 5181 2819 5251 Regem
2842 5182 2896 5233 in
2926 5180 3212 5251 Saxoniam
3236 5182 3451 5251 iturum.
3498 5178 3737 5251 Carolus
3778 5192 4054 5251 rex_anno

2492 5252 2595 5307 799
2624 5247 2851 5313 Pascha,
2866 5250 3059 5320 pridie
3088 5249 3205 5304 Kal.
3233 5249 3450 5319 Aprilis,
3481 5247 3801 5320 A_quisgrani
3823 5249 4053 5305 celebra-

2492 5323 2597 5383 vit;
2639 5327 2821 5388 postea
2860 5318 3148 5373 Saxoniam
3173 5318 3463 5388 ingressus,
3505 5318 3901 5388 Patrisbrunnae
3930 5334 4054 5372 con-

2495 5386 2778 5443 sidet—enm
2806 5388 3063 5453 exercitu,
3114 5398 3173 5441 ut
3195 5386 3459 5445 testantur
3485 5386 3674 5442 Annal.
3705 5386 4048 5441 Francorum.

2495 5456 2814 5537 Concordat.
2832 5471 2959 5537 ergo
3006 5465 3213 5526 tempus
3253 5456 3392 5510 illius
3429 5455 3636 5511 itineris
3665 5470 3787 5511 cum
3820 5466 4048 5525 tempore

2496 5533 3251 5673 bcrfuflﬁfli‘tgygggcetanill,
3279 5591 3539 5673 Canis},
3580 5592 3831 5673 Froben;
3861 5593 3947 5673 8οτ
3988 5590 4048 5644 El

2498 5664 2634 5731 apud
2663 5660 3052 5729 Quercetanum
3074 5662 3286 5731 quidem
3315 5678 3433 5718 cum
3455 5663 3730 5719 hooititulo
3751 5680 3763 5717 :
3788 5660 4050 5728 Queri!”-

2500 5734 2599 5785 nia'
2623 5733 2686 5786 de
2708 5734 2915 5787 miseria
2943 5732 3100 5800 hujus
3130 5731 3326 5785 δατηΙί.
