4400 6430
193 440 309 498 505

1638 438 2011 495 hPISTOL.t.

3328 436 3431 489 306

274 555 433 629 120
455 555 529 610 De
553 554 641 609 illo
662 554 855 610 itinere
885 570 1011 611 vero
1038 555 1196 627 longo
1221 564 1277 611 et
1310 556 1576 610 laborioso
1602 565 1627 592 ι
1656 555 1762 611 Ro—
1787 559 1836 614 Α
1933 571 2031 629 ma
2054 571 2072 607 :
2122 555 2359 629 hortatur
2398 555 2464 629 ad
2524 572 2651 629 opus
2686 554 3068 629 pradicatiouis
3102 562 3149 606 et
3186 551 3432 629 exercitia

192 658 344 698 lnam
367 642 549 711 eundi,
580 643 885 700 nullatenus
926 644 1197 699 inﬁrmum
1221 654 1276 699 et
1304 643 1629 723 quotidianis
1660 642 1769 697 fra-

192 742 345 789 ctum
380 732 653 789 doloribus
698 736 1073 805 corpusculum
1118 751 1251 791 mea:
1280 735 1584 807 fragilitatis
1612 734 1770 805 perﬁ-

193 836 325 876 cere
352 837 510 893 posse
550 824 801 879 arbitror.
846 825 1182 881 Desiderium
1209 827 1323 896 jam
1365 827 1695 891 habuissem,
1724 824 1773 880 si

192 918 436 979 potestas
476 919 619 966 esset
660 914 965 983 peragendi.
1007 913 1130 968 Ideo
1170 915 1394 969 obsecro
1418 914 1771 969 clementissi-

192 990 343 1053 rn'am
368 1002 706 1068 paternitatis
731 1012 922 1057 vestrae
962 1002 1407 1069 benevolentiam,
1445 1013 1507 1057 ut
1534 1004 1770 1057 dimitta-

191 1084 266 1140 tis
310 1102 397 1142 me
442 1087 672 1143 ﬁdeliter
713 1098 769 1143 et
816 1090 1080 1146 instanter
1121 1093 1471 1157 orationibus,
1510 1106 1632 1147 cum
1660 1091 1770 1146 Deo

188 1168 558 1237 servientibus
586 1180 725 1249 apud
772 1190 1018 1236 sanctum
1057 1181 1637 1246 Martinum,vestrum
1668 1182 1772 1239 iter

185 1269 469 1338 adjuvare.
508 1272 575 1327 Et
600 1273 806 1327 utinam
838 1282 897 1327 ut
921 1274 1240 1344 quandoque
1270 1274 1448 1329 divina
1478 1275 1649 1346 gratia
1678 1290 1771 1329 vo-

186 1360 277 1415 bis
322 1362 583 1417 concedat
615 1362 916 1419 libertatem
943 1380 972 1419 a
1002 1366 1197 1436 populo
1225 1364 1456 1421 nefando
1496 1365 1769 1420 Saxonum

185 1453 300 1508 iter
324 1468 506 1524 agere,
547 1469 709 1525 regna
756 1441 1079 1533 gubernare,
1104 1456 1343 1523 justitias
1373 1455 1567 1521 facere,
1597 1455 1769 1511 eccle-

183 1543 305 1599 sias
350 1557 630 1610 renovare,
672 1546 927 1615 populum
956 1547 1246 1617 corrigere,
1278 1546 1500 1617 singulis
1525 1545 1769 1615 personis

181 1648 255 1688 ac
280 1633 632 1704 dignitatibus
648 1631 795 1701 justa
821 1634 1132 1700 decernere,
1153 1651 1438 1705 oppressos
1461 1634 1765 1699 defendere,

180 1725 337 1796 leges
365 1733 625 1789 statuere,
650 1726 959 1795 peregrinos
985 1727 1271 1790 consolari,
1301 1735 1356 1782 et
1375 1728 1624 1782 omnibus
1652 1725 1769 1780 ubi-

179 1826 297 1881 que
318 1813 495 1868 aetatis
519 1811 725 1885 [Forte,
763 1814 1028 1887 veritatis]
1072 1824 1127 1869 et
1174 1816 1411 1871 caelestis
1456 1818 1580 1870 vita:
1626 1817 1766 1870 viam

1938 624 2200 693 uirtutum.
2239 621 2315 677 Ob
2336 618 2812 693 pallium'adeptum
2835 620 3149 691 gratulatur,
3177 620 3431 673 hortando

1938 692 2007 745 ad
2030 690 2370 746 ministerium
2394 691 2517 745 bene

1937 822 2295 880 Dilectissimo
2337 822 2620 879 charitatis
2655 821 2765 888 ﬁlio
2796 831 2852 877 et
2887 821 3203 877 venerandae
3236 820 3428 879 sancti-

1868 912 1995 966 tatis
2018 911 2187 976 Patri,
2210 912 2435 977 devotus
2463 911 2518 966 in
2548 910 2651 975 ﬁde
2672 911 2878 972 amicus
2896 910 3143 967 salutem.

1940 998 2103 1053 Multa
2131 1000 2435 1055 habuissem
2466 1007 2645 1055 tecum
2665 998 2819 1053 valde
2841 1000 3145 1054 necessaria
3168 998 3435 1073 conferre.

1868 1088 1913 1142 si
1943 1098 2153 1157 tempus
2180 1096 2235 1143 et
2261 1088 2442 1151 locus,
2480 1096 2535 1143 et
2562 1086 2716 1143 faciei
2742 1096 2946 1159 vestra:
2974 1089 3257 1159 praesentia
3284 1086 3438 1149 ades-

1870 1186 1981 1242 set;
2018 1177 2129 1232 sive
2154 1176 2221 1231 de
2247 1176 2480 1248 generali
2512 1176 2815 1232 sanctitatis
2841 1177 3092 1233 Ecclesizc
3120 1184 3262 1231 statu
3279 1216 3294 1240 ,
3325 1175 3438 1240 sive

1868 1264 1933 1319 de
1960 1264 2176 1334 speciali
2205 1280 2384 1320 rerum
2410 1266 2479 1320 ad
2505 1279 2605 1320 nos
2636 1263 3013 1335 pertinentium
3049 1260 3433 1321 vicissitudine.

1871 1352 1976 1409 Sed
2002 1354 2103 1410 hoc
2126 1354 2249 1419 erit,
2282 1356 2409 1410 dum
2434 1355 2568 1420 vult,
2599 1355 2690 1423 qui
2709 1352 2888 1408 omnia
2911 1352 3146 1425 disponit
3166 1368 3287 1432 qua:
3313 1358 3439 1407 sunt

1870 1442 1923 1497 in
1952 1443 2088 1499 caelo
2112 1452 2165 1497 et
2202 1445 2256 1498 in
2287 1452 2459 1509 terra;
2510 1434 2600 1513 qui
2624 1434 2940 1514 quandoqtie
2980 1445 3239 1499 concedat
3285 1443 3440 1499 nobis

1868 1542 2052 1589 mutua
2098 1536 2377 1589 charitatis
2416 1536 2575 1589 verba
2617 1535 2758 1589 inter
2785 1551 2883 1591 nos
2917 1536 3133 1601 habere,
3181 1543 3236 1590 et
3262 1536 3441 1592 cordis

1867 1629 2030 1677 aestus
2052 1624 2232 1677 verbis
2251 1623 2492 1691 paciﬁcis
2513 1631 2810 1692 patescere.
2851 1621 2956 1677 Sed
2975 1665 2991 1688 ,
3017 1631 3073 1678 tu
3102 1624 3436 1688 charissimc,

1867 1720 1923 1767 et
1939 1712 2179 1767 omnium
2201 1712 2538 1766 sacerdotum
2580 1710 2779 1765 Christi
2813 1713 2962 1767 cordi
3003 1722 3189 1769 nostro
3216 1712 3448 1792 jnnctist

1868 1801 2034 1856 sime!
2066 1801 2296 1857 obsecro
2341 1800 2751 1855 intercessiones
2784 1799 2959 1863 facere
2988 1817 3087 1871 pro
3110 1802 3285 1867 nobis,
3311 1818 3442 1872 qua—

178 1903 498 1959 ostenderel
528 1903 597 1958 Ut
621 1904 693 1958 sit
734 1906 1031 1959 consolatio
1053 1906 1303 1961 omnibus
1329 1906 1381 1960 in
1419 1908 1649 1963 adventu
1679 1923 1768 1962 ve-
1798 1895 1844 1955 Β
1872 1898 1916 1945 ιε

1699 1923 1768 1962 τε,
1798 1895 1844 1955 Β
1872 1898 2026 1945 tenus
2044 1890 2225 1944 divina
2248 1890 2533 1945 clementia
2561 1897 2615 1944 et
2636 1904 2729 1943 vos
2749 1890 3008 1958 prolicere
3029 1889 3191 1945 faciat
3217 1892 3271 1945 in
3292 1892 3437 1946 omni

180 2000 317 2046 stre
358 1991 595 2061 pietatis,
643 1993 1064 2064 clarissimisque
1096 2004 1290 2051 vestrae
1322 1996 1613 2050 nobilitatis
1647 1995 1770 2050 ﬁliis

177 2080 496 2137 benedictio
534 2082 751 2151 copiosa
784 2097 881 2153 per
922 2093 1099 2138 vestra
1150 2083 1427 2142 benefacta
1474 2092 1763 2149 accrescat,

178 2172 332 2227 ‘sicut
363 2185 462 2239 per
502 2171 670 2226 solius
713 2172 1024 2242 homonymi
1069 2173 1145 2227 tui
1180 2173 1347 2228 David
1390 2173 1500 2227 Deo
1535 2172 1768 2227 dilectis-

178 2260 311 2315 simi
334 2260 475 2330 regis
495 2254 861 2327 sanctitatem,
885 2269 943 2315 ut
966 2264 1179 2333 tegitur,
1205 2264 1457 2318 omnibus
1484 2264 1769 2333 nepotibus

180 2349 303 2404 suis
343 2351 538 2420 regalis
573 2351 752 2407 throni
790 2359 1031 2420 potestas
1067 2363 1381 2408 conservata
1424 2352 1542 2408 fuit.
1582 2352 1641 2408 lu
1684 2354 1770 2408 his

178 2438 333 2492 enim
379 2448 434 2494 et
480 2439 786 2508 hujusmodi
831 2442 1107 2512 religionis
1135 2443 1609 2499 exercitationibus
1636 2444 1771 2498 ﬁlio-

184 2542 312 2581 rum
339 2528 618 2593 exaltatio,
664 2535 719 2581 et
760 2530 909 2599 regni
955 2529 1205 2595 felicitas,
1249 2541 1304 2585 et
1330 2534 1508 2601 populi
1544 2534 1767 2598 sanitas,

177 2625 242 2671 et
282 2615 499 2686 frugum
531 2616 772 2680 ubertas,
814 2624 869 2671 et
913 2616 1088 2684 totius
1114 2619 1240 2673 boni
1282 2620 1618 2689 jucunditas;
1646 2622 1770 2676 tibi-

178 2720 292 2774 que
323 2704 559 2760 ccelestis
592 2705 743 2774 regni
771 2704 1066 2772 beatitudo,
1106 2706 1323 2764 Christo
1352 2710 1462 2765 Deo
1488 2711 1769 2781 perﬁcien-

179 2805 270 2862 te,
324 2798 522 2852 crescit
565 2804 621 2851 et
664 2807 925 2869 augetur,
977 2799 1285 2856 dulcissime
1337 2804 1524 2869 David,
1580 2805 1769 2861 diebus

178 2889 429 2955 aeternis.

258 2976 358 3030 Det
386 2977 484 3031 tibi
510 2980 794 3033 consilium
824 2981 991 3050 pacis,
1024 2982 1180 3036 simul
1209 2989 1369 3051 atque
1397 2984 1584 3040 salutis

325 3068 512 3132 David,
541 3086 694 3125 amor
720 3071 921 3141 pupuli,
947 3072 1197 3127 Christus
1224 3074 1423 3143 ubique
1445 3077 1567 3146 pius
1592 3096 1603 3129 :

252 3155 605 3226 Omnipotens
632 3158 784 3226 cujus
812 3159 1063 3215 defendat
1094 3161 1313 3217 dextera
1345 3178 1576 3234 semper,

328 3244 598 3301 Victorem
630 3246 833 3303 faciens
860 3256 1020 3318 teque
1050 3257 1277 3319 tuosque
1306 3252 1482 3306 simul.

254 3332 463 3390 Nomen
490 3344 551 3391 ut
577 3346 838 3393 aeternum
866 3347 979 3396 toto
1004 3340 1251 3396 laudetur
1278 3342 1333 3396 in
1361 3341 1492 3397 orbe

325 3425 474 3482 Illius
500 3440 565 3481 es
598 3428 767 3493 vobis,
801 3445 900 3499 pro
922 3431 1140 3501 pietatis
1163 3446 1284 3499 ope.

249 3521 468 3591 Aspice,
500 3531 818 3578 cunctorum
846 3524 970 3578 vitae
994 3518 1144 3593 'spes,
1176 3524 1347 3579 forma
1380 3526 1589 3590 salutis,

326 3610 569 3678 Qualiter
595 3613 663 3667 ad
691 3622 901 3669 vosmet
930 3622 1042 3669 tota
1069 3624 1312 3671 recurrat
1344 3633 1532 3672 ovans.

254 3700 287 3740 δ
327 3698 433 3767 Qui
457 3701 630 3757 tristis
655 3704 822 3765 venit,
855 3704 1039 3759 redeat
1057 3705 1171 3775 jam
1202 3706 1356 3761 lzetus
1389 3709 1455 3762 ad
1484 3709 1695 3773 urbem,

326 3787 437 3867 Per
457 3790 546 3859 pia
575 3790 713 3846 dona
736 3790 935 3857 Patris,
969 3794 1359 3863 consiliumque
1393 3810 1626 3851 sacrum.

253 3878 415 3947 Quod
437 3880 575 3948 petit
600 3880 897 3946 inveniens,
927 3882 1185 3953 quidquid
1212 3882 1446 3951 speravit
1466 3884 1710 3953 adeptus.

330 3968 469 4023 Huic
496 3984 708 4040 quoque
732 3970 919 4027 laudes
941 3972 1277 4042 hymnidicas
1306 3972 1568 4040 referens,

255 4057 361 4124 Qui
387 4060 587 4114 mundo
616 4060 777 4114 talem
804 4062 993 4116 tribuit
1015 4063 1114 4117 sub
1138 4070 1380 4133 tempore
1408 4072 1595 4122 nostro

286 4138 289 4141 ’
326 4147 633 4213 Rectorem,
668 4166 835 4208 sacra:
858 4153 1098 4223 regmine
1123 4152 1366 4221 justitim.

567 4240 719 4311 121
747 4253 769 4281 ε
796 4242 1127 4298 EPISTOLA
1161 4243 1362 4301 XCVII.

892 4349 962 4387 AD

801 4403 977 4474 (Anno
1003 4404 1153 4474 799.)

182 4490 415 4560 ἕλωμαι
436 4491 551 4559 ejus
578 4493 909 4559 'pratsentiam
928 4534 941 4556 ,
987 4494 1222 4564 deplorat
1252 4508 1404 4553 atrox
1434 4500 1628 4567 factum
1659 4498 1765 4552 Ro-

255 4630 280 4659 -
324 4616 748 4697 Romagfundi.
779 4638 797 4669 ι
815 4620 961 4697 huic
985 4624 1126 4697 enim
1148 4626 1425 4695 obsequio,
1456 4628 1629 4697 inquit
1658 4628 1757 4682 Pa-

181 4690 305 4758 gius
328 4688 613 4767 ann9_799,
638 4689 1096 4767 num.fi,Carolus
1108 4710 1200 4747 rex
1225 4688 1761 4767 complures'episco-

184 4772 287 4839 pos
312 4758 630 4839 etﬂabbates
646 4758 767 4839 jam
795 4762 959 4839 (anno
999 4777 1190 4839 nempe
1222 4758 1493 4839 persenti)
1525 4758 1762 4823 destina—

184 4838 293 4882 rat.
326 4828 493 4898 [νῆά.
521 4828 679 4898 epist.
701 4831 769 4884 ad
799 4828 1068 4887 Arnonem
1095 4828 1253 4888 intra.

257 4898 287 4936 ιι
326 4894 430 4971 Qui
454 4894 617 4951 tristis
638 4900 788 4971 uertit.
825 4919 843 4951 ς
874 4902 1096 4971 Videtur
1115 4904 1371 4971 alludere,
1396 4908 1471 4963 ait
1497 4908 1759 4971 Canisius,

181 4965 515 5049 ad.al‘teram
543 4966 936 5049 profectionem
992 4970 1288 5049 Romanam
1335 4965 1763 5049 Caroliiltfagni',

183 5034 279 5104 qui
324 5043 517 5106 quater
542 5034 768 5090 Romam
809 5037 1082 5106 profectus
1124 5051 1205 5097 est
1235 5063 1247 5097 :
1279 5061 1421 5101 anno
1452 5048 1554 5101 774
1593 5034 1766 5103 viridi-'-

184 5102 746 5185 fans‘Adrianumet
774 5102 1068 5185 Romanam
1117 5112 1412 5185 Eccle_siam
1454 5117 1522 5170 ab
1556 5102 1765 5185 injuriis

184 5173 450 5229 Desiderii
478 5174 848 5247 Longobard.;
883 5178 1073 5232 deinde
1098 5194 1239 5235 anno
1266 5182 1360 5238 78l
1395 5173 1632 5240 solvendi
1657 5189 1764 5241 voti

184 5260 385 5309 causa;
412 5250 482 5299 ιώ
498 5247 572 5301 tio
586 5260 774 5321 contra
796 5248 984 5321 ducem
1009 5248 1440 5307 Beneventanum
1465 5270 1605 5309 anno
1634 5256 1763 5321 786;

188 5322 387 5392 quarto
412 5322 479 5392 ut
500 5318 809 5392 restitueret
832 5318 1181 5392 Leoneman.
1210 5321 1315 5376 800
1344 5338 1451 5392 quo
1476 5318 1767 5392 imperator

186 5381 573 5465 pmclamattts:
610 5387 794 5465 iﬁihi
828 5404 957 5465 vero
994 5390 1241 5465 videtur,
1274 5381 1391 5465 haec
1427 5381 1765 5465 inteliigeuda

185 5452 311 5506 esse
338 5452 402 5521 d_e
430 5453 572 5508 tristi
596 5457 826 5513 adventu
850 5466 905 5514 et
931 5460 1054 5515 lato
1080 5452 1252 5516 reditu
1278 5464 1344 5517 ad
1368 5466 1552 5518 urbem
1574 5452 1767 5521 [:eonis

187 5519 490 5601 pontiﬁcis;
517 5534 762 5601 promet
786 5529 1010 5601 ulterior
1043 5538 1328 5587 contextus
1354 5534 1610 5587 carminis
1628 5519 1765 5589 vcum

188 5593 308 5671 ipso
328 5599 481 5651 testu
516 5593 758 5663 epistolae
802 5597 963 5667 hujus
984 5612 1330 5686 comparatus
1360 5602 1503 5683 haud
1524 5604 1768 5685 .obscure

474 5661 785 5741 _Ver_su_s_istl
807 5669 1249 5741 apuAdkCanistum
1270 5673 1538 5741 subjuncu
1562 5674 1765 5730 haben-

188 5732 1310 5879 "imarum-ama
1336 5743 1763 5886 mitiga...

1869 1980 2031 2046 bono,
2059 1990 2111 2035 et
2139 1997 2238 2036 nos
2264 1997 2452 2051 regere
2495 1982 2744 2052 dignetur
2779 1982 2844 2035 ad
2884 1982 3071 2036 salutis
3099 1990 3296 2036 nostrte
3321 1997 3442 2051 pro-

1870 2070 2089 2125 fectum.
2139 2070 2317 2124 Multae
2360 2080 2486 2124 sunt
2526 2071 2686 2139 hujus
2730 2071 2905 2125 seaculi
2950 2071 3356 2140 occupationes,
3387 2078 3443 2123 et

1870 2158 2428 2226 diversaa'varietates,
2456 2170 2511 2216 et
2535 2170 2758 2216 eventus
2792 2160 3145 2227 miserabiles,
3177 2169 3233 2214 et
3260 2160 3442 2216 Eccle-

1869 2253 1946 2307 sia
1990 2252 2191 2308 Christi
2242 2251 2425 2306 multis
2469 2251 2643 2306 modis
2690 2251 3035 2321 impugnatur
3074 2266 3179 2305 non
3210 2251 3381 2305 solum
3410 2267 3441 2304 a

1869 2342 2117 2415 paganis,
2145 2344 2240 2399 sed
2267 2343 2428 2415 etiam
2459 2358 2488 2396 a
2519 2341 2666 2396 falsis
2690 2341 2945 2396 fratribus
2974 2340 3057 2411 (ΙΙ
3092 2338 3214 2394 Cor.
3243 2358 3323 2405 ιι,
3347 2340 3438 2404 26,

1868 2411 1917 2489 et
1941 2411 2061 2489 Cal.
2090 2450 2153 2499 tt,
2176 2432 2253 2504 ι).
2275 2411 2291 2430 ’
2318 2433 2386 2487 Et
2435 2432 2526 2487 ubi
2557 2430 2676 2487 fons
2720 2432 2993 2501 atquitatis
3030 2438 3085 2485 et
3121 2429 3343 2498 iustitia:
3372 2430 3439 2485 ad

1868 2539 2057 2579 omnes
2102 2538 2199 2593 per
2246 2522 2449 2578 rivulos
2476 2523 2782 2577 sanctitatis
2828 2520 3089 2593 proﬂuere
3132 2521 3333 2586 debuit,
3366 2520 3440 2578 ibi

1867 2615 2100 2670 maxime
2126 2595 2426 2683 iniquitatis
2456 2614 2709 2685 palustris
2742 2612 3079 2683 profunditas
3112 2614 3395 2668 exhalatur
3424 2630 3438 2667 :

1868 2707 2008 2761 sicut
2042 2704 2178 2760 forte
2220 2721 2250 2759 a
2296 2704 2635 2760 sanctissima
2666 2705 2791 2759 sede
2822 2706 3105 2760 auditurus
3136 2706 3265 2771 eris,
3312 2705 3442 2775 quid

1870 2795 1941 2849 ibi
1988 2795 2249 2851 scelerum
2287 2803 2343 2848 et
2386 2793 2412 2834 ά
2460 2793 2638 2849 nimiae
2680 2794 2980 2849 atrocitatis
3021 2810 3193 2865 nuper
3232 2804 3441 2865 gestum

1868 2898 1988 2938 esse
2016 2900 2039 2937 r
2060 2882 2268 2937 ‘fertur.
2314 2884 2630 2937 Timendum
2653 2890 2738 2937 est
2763 2900 2868 2938 non
2902 2884 3073 2939 solum
3110 2884 3213 2939 hoc
3239 2884 3442 2951 impiis-

1868 2974 2017 3027 sima:
2042 2972 2330 3043 pravitatis
2347 2972 2523 3026 scelus
2541 3012 2555 3034 ,
2605 2972 2697 3026 sed
2722 2973 2886 3026 etiam
2912 2972 3133 3041 majoris
3160 2972 3285 3026 mali
3319 2987 3442 3041 pro.

1869 3064 2091 3133 digium.
2130 3063 2267 3117 Dum
2286 3062 2341 3117 in
2373 3063 2548 3131 capite
2569 3062 2693 3116 talia
2716 3070 2966 3133 aguntur,
2990 3063 3116 3133 quid
3139 3064 3195 3139 in
3215 3079 3441 3133 corpore

1870 3153 1985 3208 ﬁeri
2028 3153 2237 3223 possit,
2282 3152 2675 3208 formidandum
2717 3161 2821 3208 est.
2872 3152 3087 3209 Justitia
3114 3140 3351 3219 laborat,
3387 3163 3441 3209 et

1793 3220 2129 3312 Giniquitas
2156 3243 2413 3307 abundat,
2449 3249 2505 3298 et
2524 3243 2761 3297 Charitas
2787 3241 3025 3313 frigescit
3055 3244 3266 3315 (Matth.
3291 3263 3441 3311 xxxv,

1872 3330 1966 3395 12;
1992 3330 2057 3385 II
2086 3325 2225 3385 Tim.
2244 3348 2309 3396 ιι,
2334 3332 2443 3403 17),
2460 3332 2813 3388 etinﬁdelitas
2824 3335 2990 3402 serpit
3008 3335 3145 3390 sicut
3158 3350 3438 3402 venenum,

1869 3430 1924 3476 et
1942 3421 2083 3476 sicut
2105 3436 2304 3476 cancer
2322 3422 2560 3476 membra
2582 3421 2781 3477 Christi
2803 3424 3072 3480 maculare
3089 3441 3196 3480 non
3206 3423 3437 3485 desistit.

1869 3509 1995 3567 ideo
2019 3511 2143 3567 dum
2168 3519 2379 3580 tempus
2410 3510 2627 3575 habeas,
2652 3510 2835 3566 labora
2860 3512 2915 3567 in
2933 3514 3097 3570 verbo
3115 3517 3442 3585 praedicatio-

1870 3605 1975 3670 nis,
1998 3605 2052 3659 in
2074 3605 2274 3659 virtute
2302 3604 2584 3659 charitatis
2608 3614 2637 3667 ,‘
2660 3604 2715 3660 in
2741 3605 2986 3675 exemplo
3017 3608 3340 3674 sanctitatis,
3388 3610 3441 3662 in

1869 3694 2085 3763 pietatis
2102 3692 2298 3757 ofﬁcio,
2321 3693 2375 3747 in
2400 3692 2858 3763 eleemosyuarum
2887 3696 3191 3766 largitione,
3207 3698 3259 3751 in
3285 3698 3435 3753 misc.

1870 3782 2117 3838 rimrdia:
2129 3790 2183 3836 et
2202 3782 2419 3852 pietatis
2438 3784 2760 3848 constantia,
2777 3790 3043 3854 quatenus
3068 3800 3133 3839 ex
3164 3785 3320 3853 hujus
3346 3802 3440 3839 ca-

1868 3871 2045 3943 liginis
2074 3872 2290 3927 miseria
2312 3869 2377 3925 ad
2398 3881 2668 3942 perpetua:
2686 3872 3033 3947 beatitudinis
3056 3874 3227 3928 lucem
3249 3889 3440 3943 pervc~

1869 3964 1985 4019 nire
2004 3964 2261 4018 merearis
2282 4005 2295 4028 ,
2344 3970 2401 4019 et
2447 3978 2533 4018 me
2571 3971 2677 4019 tua:
2703 3962 2890 4019 salutis
2916 3947 3219 4019 unanimem
3250 3964 3440 4029 ﬁlium.

1868 4052 2113 4119 fratrem,
2165 4054 2497 4119 consocium,
2544 4053 2774 4109 assiduis
2810 4054 3062 4123 precibus
3085 4054 3168 4110 vel
3204 4056 3439 4111 admoni.

1868 4140 2107 4197 tionibus
2150 4150 2325 4217 tecum
2373 4143 2589 4198 trahere
2626 4157 2731 4197 non
2770 4144 3020 4208 desistas,
3048 4152 3108 4198 ut
3136 4146 3340 4213 pariter
3366 4147 3442 4201 di-

1868 4244 1994 4285 cere
2020 4232 2165 4302 digni
2188 4230 2505 4297 eﬁiciamur,
2538 4234 2771 4288 donante
2796 4242 3015 4290 mternae
3046 4235 3260 4303 pietatis
3282 4236 3441 4309 largi-

1870 4325 2023 4372 tore:
2058 4316 2362 4373 Introduxit
2381 4336 2475 4374 nos
2502 4337 2592 4375 rex
2615 4323 2669 4375 in
2689 4322 2903 4377 cellaria
2926 4341 3045 4389 sua,
3068 4325 3441 4382 mutuabimur

1867 4416 1915 4459 et
1938 4405 2235 4461 («labimur
2254 4410 2311 4463 in
2339 4418 2388 4463 te
2413 4408 2588 4482 (Cant.
2622 4427 2660 4475 t,
2690 4411 2766 4482 3).

1938 4496 1959 4570 [
1986 4510 2011 4538 ο
2045 4498 2274 4556 Gavisus
2299 4516 2418 4555 sum
2445 4502 2694 4568 multum,
2721 4503 2847 4558 dum
2874 4511 3019 4558 tuam
3057 4507 3439 4561 beatitudinem

1863 4638 2197 4694 Mabillonius
2210 4653 2275 4692 ex
2295 4640 2413 4693 cod.
2432 4654 2533 4694 ms.
2560 4640 3205 4705 Sanct-Emmcramiano;
3229 4642 3438 4699 initium

1861 4723 1988 4763 vero
2012 4707 2152 4762 illius
2175 4707 2364 4761 Pezius
2392 4724 2458 4761 ex
2478 4707 2595 4762 cod.
2621 4723 2721 4762 ms.
2745 4708 3239 4766 Benedictoburano
3258 4714 3440 4769 edide-

1863 4786 2006 4832 runt.
2036 4775 2363 4847 Hicplenior
2385 4778 2563 4845 prodit
2587 4792 2655 4832 ex
2679 4778 2797 4833 cod.
2821 4794 2921 4833 ms.
2946 4779 3162 4847 Salisb.,
3192 4782 3259 4838 iis
3283 4784 3439 4840 nimi-

1865 4862 1980 4917 rum
2007 4845 2266 4917 suppletis
2294 4863 2413 4917 qua:
2442 4847 2865 4917 ansulisinclusa
2892 4850 3062 4905 vides.

1932 4915 1958 4955 ά
2001 4914 2197 4970 Nimia
2244 4914 2556 4972 atrocitatis.
2630 4916 2758 4984 Qua:
2804 4919 3057 4974 nimirum
3103 4920 3154 4975 in
3207 4921 3438 4979 Leonem

1864 4992 2017 5055 pont.’
2043 5000 2184 5057 anno
2198 4987 2320 5042 799.
2343 5004 2417 5041 vn
2444 4987 2559 5041 Kal.
2582 4987 2701 5042 Maii
2717 4989 2769 5043 in
2792 4988 2998 5044 Litania
3020 4989 3219 5057 majore
3232 4999 3437 5057 patrata

1865 5063 2053 5131 est,_ut
2078 5056 2353 5131 colligitur
2391 5069 2456 5112 ex
2495 5059 2947 5127 subsequentibus
2977 5056 3192 5116 verbis:
3226 5056 3356 5113 Dum
3383 5061 3437 5131 ὺε

1865 5125 2032 5197 capit!
2057 5125 2186 5197 talia
2212 5125 2454 5197 aguntur.

1942 5192 2202 5270 fGavisus
2220 5192 2333 5270 sum
2348 5196 2711 5270 multumetc.
2734 5198 2874 5259 Haec.
2894 5198 3221 5270 qumansulis
3233 5197 3437 5270 inclusa

1865 5263 2016 5318 vides
2040 5306 2054 5327 ,
2106 5265 2156 5318 in
2192 5266 2312 5321 cod.
2349 5264 2543 5319 Salisb.
2591 5266 2731 5321 inter
2774 5263 3137 5325 antecedentia
3170 5274 3227 5321 et
3250 5268 3438 5324 subse~

1868 5335 2085 5418 quentia
2113 5336 2313 5389 inserta
2349 5333 2736 5418 sunt..No\ram
2774 5352 2901 5418 vero
2927 5339 3015 5418 hic
3053 5336 3287 5418 incipere
3319 5337 3436 5418 epi-

1868 5403 2070 5475 stolam
2110 5420 2335 5475 pronuin
2373 5412 2469 5475 est
2502 5404 2766 5474 judicare.
2853 5408 3039 5461 Priora
3081 5403 3223 5461 enim
3272 5403 3437 5463 verba

1871 5471 2162 5547 clausulam
2191 5471 2541 5547 praeseferurit
2574 5476 2943 5547 epistularem;
2982 5476 3098 5537 htec
3136 5491 3266 5547 vero
3296 5475 3437 5547 ejus-

1871 5544 2013 5598 modi
2048 5542 2211 5613 sunt;
2259 5557 2288 5596 a
2340 5542 2534 5611 quibus
2582 5542 2800 5613 cpistola
2829 5547 3021 5599 merito
3045 5542 3438 5612 exordium'su.

1871 5614 2006 5676 mit;
2049 5610 2299 5665 nimirum
2344 5610 2693 5681 gratulatoria
2718 5654 2732 5678 ,
2782 5613 2846 5668 ad
2876 5614 3145 5674 Arnoucm
3172 5610 3420 5681 Salisbur

1872 5688 2268 5760 gensem_put_o,
2298 5682 2367 5737 ob
2402 5697 2591 5760 novam
2630 5682 2941 5760 dignitatem
2969 5695 3023 5740 et
3057 5684 3200 5757 pallii
3230 5686 3433 5760 archie

1872 5748 2158 5823 piscopalis
2187 5750 2453 5823 decorem.
2497 5750 2631 5823 timo
2655 5748 2997 5823 librariorum
3027 5748 3212 5813 errore
3240 5754 3437 5813 factum

1871 5820 1988 5876 esse
2012 5820 2159 5894 puto,
2186 5820 2325 5890 quod
2356 5821 2405 5875 in
2438 5820 2552 5875 cod.
2588 5820 2645 5876 S.
2681 5820 3005 5883 Emmerami
3036 5870 3049 5897 ,
3080 5844 3185 5900 quo
3212 5843 3338 5890 usus
3360 5836 3435 5889 est
