4400 6410
720 352 819 408 307

1588 345 1647 397 ll.
1691 344 1748 396 F.
1793 341 2011 425 AI.BI.\I
2053 342 2174 396 SILI.
2219 337 2489 393 ALCL'INI
2527 338 2807 394 οΡΕιιωι
2845 338 3022 393 ιἈΒΞ
3057 338 3096 393 I.

3849 343 3951 399 508

719 457 1174 532 superbumeralis
1220 456 1558 511 sanctitatem
1614 463 1831 525 portare
1869 455 2068 516 audivi,
2123 463 2176 506 et
2207 429 2280 505 .iu
2310 451 2361 510 Α
2385 451 2615 505 bitorem
2646 460 2698 506 te
2723 452 2922 506 habere
2955 452 3152 517 Deunt,
3205 453 3330 522 quia
3376 454 3632 508 beneticia
3666 470 3954 526 pauperum

723 551 942 607 honoris
979 548 1326 604 ecclesiastici
1372 546 1750 602 sublimissiuta
1791 554 1936 601 stare
1976 544 2286 598 stabilitate.

722 643 790 698 Et
818 643 1020 697 utinam
1066 641 1166 694 hoc
1193 625 1374 693 multis
1402 637 1673 706 proﬁciat,
1712 647 1765 688 et
1793 638 1889 689 tibi
1916 637 2146 690 maxime
2171 653 2292 706 pro-

722 733 828 797 sit;
857 739 917 785 nt
937 730 1032 784 Dei
1059 738 1114 784 et
1147 728 1354 782 Dotniui
1381 728 1548 781 uestri
1574 725 1699 780 .Iesu
1724 725 1922 779 Christi
1959 740 2151 778 nomen
2180 725 2293 779 cla-

726 821 968 875 rilicetnr
996 819 1050 874 in
1075 829 1126 873 te
1151 837 1162 870 :
1196 826 1248 872 et
1278 826 1546 871 ntemcnto
1571 817 1874 870 ministrum
1905 827 1956 870 te
1982 833 2100 870 esse
2126 817 2295 886 magis

722 927 886 982 quam
932 911 1205 966 dominum
1251 916 1466 978 propter
1509 923 1652 971 cum,
1701 909 1791 976 qui
1831 907 1937 972 ait;
1969 906 2080 976 Ego
2104 924 2218 960 sum
2241 909 2294 960 iu

723 1005 893 1060 medio
914 1003 1065 1056 vestri
1091 1043 1106 1065 ,
1148 1002 1282 1054 sicut
1319 1001 1408 1070 qui
1434 1001 1694 1052 ministrat
1722 999 1872 1071 (Luc.
1902 1016 2036 1060 uti,
2063 998 2174 1065 27).
2237 999 2294 1053 Si

724 1091 812 1146 ille
835 1091 978 1146 Deus
999 1100 1054 1145 et
1081 1090 1339 1144 Dominus
1359 1090 1628 1153 omnium,
1659 1091 1962 1158 redemptor
1985 1103 2040 1144 et
2063 1091 2298 1145 salvator

726 1182 946 1236 humani
975 1183 1187 1252 generis
1213 1198 1316 1234 non
1347 1181 1665 1250 dedignatus
1693 1191 1775 1236 cst
1815 1182 2000 1236 venire
2027 1181 2298 1236 ministra-

726 1285 802 1331 re,
835 1287 941 1324 non
985 1281 1044 1324 ut
1081 1273 1480 1325 ministraretur
1523 1272 1572 1324 ei
1615 1271 1806 1339 (Παῖς.
1848 1271 2048 1340 χ,45);
2098 1283 2299 1341 quanto

727 1363 900 1431 magis
926 1371 979 1416 et
1009 1378 1106 1415 ttos
1133 1362 1390 1416 debemus
1411 1363 1681 1416 modulum
1709 1372 1902 1417 postne
1923 1378 2148 1432 pensare
2173 1379 2300 1432 pau-

723 1451 994 1519 perlatis,
1037 1462 1087 1506 et
1135 1452 1382 1506 omnibus
1424 1451 1490 1505 ad
1539 1469 1634 1506 nos
1677 1455 2068 1521 pertinentibus
2114 1453 2301 1508 salutis

728 1544 1035 1600 ministrare
1077 1545 1248 1598 ottieia
1274 1586 1287 1606 ,
1333 1554 1384 1598 et
1433 1545 1712 1600 eharitatis
1757 1548 1960 1601 servire
1995 1545 2298 1611 devotione,

724 1634 850 1703 quia
882 1634 1202 1689 humilitatis
1245 1636 1491 1704 passibus
1535 1637 1600 1688 ad
1647 1637 1881 1690 caelestis
1908 1637 2056 1705 regni
2085 1637 2300 1692 celsitu-

726 1724 904 1776 dinem
951 1726 1276 1793 pervenitur.
1333 1725 1465 1780 Ideo
1495 1726 1759 1795 Propheta
1799 1727 1981 1780 divino
2017 1728 2302 1784 instinctus

2393 540 2594 596 Christi
2619 543 2902 596 retributio
2929 550 3270 611 compensat,
3300 550 3354 597 et
3378 543 3520 611 quod
3546 545 3709 599 miser
3735 561 3840 600 non
3866 561 3957 600 va-

2395 630 2466 684 let
2514 646 2896 697 remunerare,
2940 632 3042 687 hoc
3079 634 3318 688 omnium
3359 634 3614 690 Dominus
3653 636 3959 706 dignabitur

2396 737 2822 791 recompensarc.
2859 722 3126 794 Cogitatio
3154 726 3370 782 assidua
3402 727 3498 781 tibi
3537 729 3607 783 sit
3639 729 3690 783 in
3719 728 3960 800 Scriptu—

2396 813 2472 867 ris
2493 815 2714 877 sanctis,
2743 823 2799 868 et
2823 815 3004 868 laetitia
3028 816 3254 871 convivii
3284 817 3399 872 laus
3421 819 3791 889 redemptoris.
3821 821 3958 878 Dum

2395 920 2592 972 corpus
2611 905 2736 959 cibo
2766 906 3022 974 pascitur,
3049 922 3203 961 mens
3231 909 3408 963 divina
3435 910 3662 966 lectione
3686 909 3955 976 foveatur;

2397 1008 2464 1046 ne
2506 994 2683 1048 auinta
2711 995 2956 1050 esuriens
2991 995 3254 1051 inebriato
3291 984 3515 1070 corpore
3541 1001 3734 1072 lugeat.
3768 1001 3963 1057 Pasca-

2398 1095 2485 1138 tur
2504 1085 2646 1154 quod
2669 1094 2926 1140 :eternum
2954 1095 3037 1141 est
3065 1089 3266 1158 magis,
3314 1105 3474 1158 quam
3503 1093 3643 1160 quod
3667 1092 3964 1160 periturum

2397 1177 2520 1230 erit.
2563 1176 2711 1231 Mens
2736 1179 2980 1252 cmlestia'
3001 1180 3245 1244 rimetur,
3278 1189 3333 1234 et
3353 1181 3585 1237 futuram
3609 1182 3807 1252 jngiter
3829 1199 3952 1254 prae-

2399 1269 2575 1322 videat
2601 1259 2979 1332 mansionem,‘
3004 1278 3064 1323 ut
3100 1272 3250 1339 parvi
3281 1273 3536 1341 temporis
3571 1272 3748 1328 labore
3772 1289 3964 1344 perpe-

2402 1367 2487 1410 tua
2527 1367 2800 1412 ntereatur
2828 1359 3061 1426 requies.
3113 1359 3272 1414 Plura
3311 1362 3409 1415 tibi
3449 1362 3778 1432 scripsissem
3807 1404 3822 1428 ,
3863 1361 3966 1416 nisi

2398 1461 2568 1515 pauca
2608 1447 2802 1500 scirent
2853 1447 3096 1502 sullicere
3143 1449 3390 1517 sapienti.
3452 1449 3628 1505 Unum
3667 1451 3884 1505 verbum
3912 1451 3966 1504 in

2401 1539 2561 1592 corde.
2591 1540 2791 1592 sensati
2839 1539 3032 1593 melius
3083 1540 3316 1609 prolicit,
3367 1557 3526 1610 quam
3584 1541 3750 1596 muita
3804 1541 3966 1595 millia

2401 1632 2809 1700 contemptoris.
2866 1630 2983 1684 Non
3029 1646 3208 1686 cesses
3243 1648 3425 1687 semen
3474 1635 3662 1688 salutis
3705 1635 3968 1688 seminare

2404 1720 2457 1772 in
2481 1721 2642 1774 corda
2669 1721 2961 1775 utultorunt
2986 1762 2999 1783 ,
3035 1730 3094 1775 ut
3121 1738 3188 1776 ex
3234 1723 3403 1779 salute
3432 1725 3719 1779 multorum
3747 1725 3968 1779 multam

727 1831 911 1869 amure
951 1789 1076 1868 iuit;
1126 1815 1247 1869 Non
1291 1817 1454 1870 reuiat
1502 1789 1627 1870 milli
1663 1836 1753 1888 pes
1786 1821 2040 1888 superbire
2071 1819 2299 1891 (Psalm.
2335 1789 2378 1848 Β
2405 1814 2544 1883 ³1)υά
2569 1814 2659 1868 Dei
2686 1815 2939 1884 Ptelalcm
2967 1815 3225 1869 mercaris
3245 1817 3442 1870 habere
3464 1818 3964 1872 remunerationem-

733 1919 892 1968 μιν,
929 1905 1051 1973 I2):
1103 1907 1202 1960 hoc
1242 1915 1342 1968 cst,
1393 1916 1450 1959 ut
1493 1908 1694 1961 nullum
1724 1910 2006 1979 vestigium
2036 1912 2304 1980 superbia:

731 2001 1075 2054 remansisset
1123 2001 1178 2054 itt
1221 2001 1382 2055 corde
1431 2001 1590 2054 illius.
1647 1999 1858 2067 Quanto
1904 2003 2074 2071 magis
2104 2019 2203 2057 nos
2240 2003 2306 2057 de

727 2101 968 2145 stercore
1018 2091 1352 2161 paupertatis
1419 2093 1484 2146 ad
1544 2092 1725 2146 sedem
1785 2093 1968 2162 gloriae
2032 2091 2304 2148 sublimati

728 2185 958 2250 (I’salm.
982 2201 1114 2250 cvtt,
1142 2183 1214 2255 7),
1247 2185 1558 2253 dignitatem
1587 2195 1823 2239 nostram
1855 2186 2172 2240 humilitatis
2191 2186 2305 2240 olli-

730 2276 817 2330 eiu
843 2275 1122 2331 sublevare
1147 2275 1421 2331 debemus.
1456 2274 1580 2330 IIaee
1609 2285 1690 2330 cst
1719 2292 1837 2345 qua:
1865 2277 2152 2346 ignobilem
2177 2276 2306 2331 facit

732 2366 987 2432 nobilem,
1009 2375 1065 2421 et
1089 2381 1209 2436 qua:
1236 2375 1511 2421 terrenum
1549 2367 1749 2420 animal
1788 2368 1853 2420 ad
1893 2367 2112 2422 carleste
2131 2367 2306 2421 elevat

730 2459 980 2512 trihuual.
1022 2458 1210 2530 Cogita
1255 2473 1467 2528 semper
1507 2458 1633 2514 dum
1677 2457 1837 2528 pallio
1885 2460 2184 2513 sanctitatis
2210 2472 2302 2512 vc-

727 2549 908 2603 stieris
935 2591 950 2613 ,
998 2557 1053 2604 et
1098 2550 1282 2604 videas
1325 2558 1525 2604 sancttc
1555 2550 1728 2604 crucis
1770 2550 1979 2619 signum
2015 2550 2126 2604 sive
2157 2557 2302 2610 ante,

729 2642 842 2693 sive
875 2650 1018 2694 tetro
1061 2642 1115 2695 in
1163 2656 1228 2696 eo
1277 2641 1478 2705 fixum,
1523 2650 1576 2696 te
1619 2641 1770 2710 sequi
1815 2642 2009 2695 debere
2033 2642 2180 2695 illunt
2210 2643 2302 2709 qui

729 2725 946 2782 erucem
974 2745 1128 2784 suam
1151 2731 1382 2800 portavit
1407 2771 1421 2796 ,
1455 2724 1507 2784 in
1556 2747 1660 2801 qua
1701 2732 2081 2802 redemptionis
2106 2742 2302 2788 nostrae

727 2821 1024 2890 tropltzeum
1065 2822 1290 2890 paravit.
1340 2821 1475 2876 Dum
1527 2822 1728 2888 videas,
1781 2823 2025 2878 osculare
2073 2822 2200 2876 illud
2250 2834 2305 2878 et

729 2925 1021 2975 venerare;
1060 2912 1199 2966 sicut
1223 2912 1376 2966 decet
1403 2911 1562 2980 hujus
1589 2913 1725 2981 signi
1749 2913 2114 2978 sanctitatem,
2165 2923 2220 2968 ct
2252 2926 2302 2970 te

729 3001 882 3070 sequi
907 3001 1104 3056 debere
1144 3011 1412 3056 memento
1441 3003 1620 3069 illum,
1645 3003 1758 3072 'qni
1783 3004 1894 3058 ait:
1932 3003 2035 3070 Qui
2063 3005 2164 3058 rult
2185 3015 2300 3075 post

2405 1907 2537 1962 Vive
2552 1906 2780 1960 feliciter
2804 1906 3000 1960 ﬂorens
3021 1916 3076 1960 et
3101 1907 3386 1976 proficiens
3409 1908 3463 1970 in
3488 1909 3749 1963 cbaritate
3769 1906 3968 1962 Christi

2403 2005 2458 2049 et
2485 1997 2786 2067 pratceptis,
2819 2011 2938 2066 qua:
2967 2013 2997 2050 a
3025 1999 3137 2052 Deo
3160 1997 3285 2052 data
3321 2007 3444 2054 sunt
3473 1999 3538 2054 ad
3560 2009 3814 2055 aeternam
3841 1999 3970 2053 bea-

2406 2087 2688 2142 titudinem
2718 2087 2931 2154 generis
2956 2086 3198 2152 huutaui,
3221 2075 3432 2157 meique
3458 2105 3684 2154 ntemor,
3711 2089 3966 2144 charissi-

2406 2193 2491 2232 me
2511 2177 2672 2232 Pater
2718 2176 2904 2234 frater.
2951 2176 3046 2236 fili.
3078 2178 3257 2234 valeas
3303 2181 3518 2236 teternis
3564 2181 3887 2250 temporibus
3917 2180 3970 2232 in

2405 2270 2639 2326 Christo.

2867 2373 2890 2401 ι
2926 2360 3258 2416 EPISTOLA
3295 2360 3495 2418 XCVIII

3003 2469 3070 2506 AD
3109 2468 3374 2507 ARNONEI.

3011 2543 3188 2608 (Anno
3229 2543 3377 2614 799.)

2404 2653 2444 2706 Α
2477 2655 2654 2707 mutuli
2687 2653 2930 2723 periculis
2952 2654 3052 2707 sibi
3081 2671 3258 2708 carere
3292 2657 3505 2719 suadet,
3532 2673 3679 2709 suum
3719 2657 3794 2709 illi
3817 2673 3966 2711 mtto-

2986 2739 3090 2777 rem
3114 2726 3393 2794 signiﬁcat.

2476 2837 2793 2908 Evangelieo
2817 2837 3023 2906 Aquilze
3050 2835 3274 2891 Albinus
3295 2838 3544 2892 salutem.

2475 2930 2723 2984 Plurimae
2749 2936 2876 2981 sunt
2919 2925 3076 2992 huius
3104 2928 3284 2982 δείξουΙί
3317 2930 3639 2984 tentationes
3662 2968 3678 2994 ,
3726 2937 3781 2983 et
3812 2927 3975 2982 multa

2401 3019 2640 3090 pericula
2687 3017 2939 3073 saeculum
2978 3019 3301 3074 amantibus.
3343 3020 3482 3074 Ecce
3509 3020 3774 3088 quomodo
3803 3033 3964 3075 reces

729 3108 810 3144 me
835 3092 1019 3154 reuirc,
1045 3091 1192 3145 tollat
1219 3109 1421 3146 crucem
1447 3111 1595 3147 suam
1621 3105 1669 3147 ct
1695 3106 1941 3163 sequatur
1969 3112 2048 3148 me
2085 3094 2296 3166 (.lluttlt.
2329 3130 2378 3194 ϐ
2407 3125 2464 3162 se

2230 3097 2296 3148 ν’·
2329 3130 2378 3194 c
2407 3118 2589 3162 serunt
2617 3109 2797 3162 subito
2825 3107 2852 3147 δ
2895 3108 2996 3161 viri
3041 3106 3356 3173 fortissimi,
3407 3108 3496 3178 qui
3523 3109 3778 3164 terminos
3799 3118 3968 3164 custo-

729 3201 842 3247 xvi,
867 3184 988 3254 2-1),
1037 3183 1161 3238 Ideo
1203 3184 1451 3240 Christus
1502 3187 1736 3255 portavit
1786 3187 2038 3256 printuttt,
2089 3195 2144 3241 et
2185 3195 2305 3256 post

729 3275 877 3330 illutn
909 3276 1156 3329 iuventus
1181 3275 1398 3338 Simon,
1443 3278 1530 3346 qui
1559 3293 1720 3346 super
1741 3293 1798 3332 se
1829 3279 2056 3348 positam
2087 3295 2302 3334 crucem

729 3368 930 3434 Christi
976 3369 1247 3438 portavit,
1288 3384 1517 3438 sequens
1547 3370 1769 3440 vestigia
1807 3371 1972 3428 illius.
2034 3371 2097 3424 Et
2122 3373 2218 3425 hoc
2249 3372 2303 3425 in

729 3461 939 3528 signum
967 3469 1162 3513 nostra:
1196 3460 1426 3514 actionis
1453 3471 1658 3530 gestum
1680 3477 1798 3516 esse
1820 3463 2185 3532 dignoscitur;
2221 3465 2306 3516 Si-

733 3565 857 3603 mon
886 3550 1028 3604 cnim
1055 3550 1311 3605 obcdicns
1340 3552 1739 3620 interpretatur.
1788 3552 1975 3608 Omnis
1996 3554 2139 3608 enim
2165 3595 2179 3618 ,
2212 3555 2302 3624 qui

730 3656 827 3708 per
850 3640 1210 3694 obedientiam
1235 3641 1300 3693 ad
1327 3642 1481 3711 122
1507 3643 1832 3712 trimttpbum
1881 3643 2063 3711 gloria:
2086 3642 2305 3715 [Supple

732 3734 916 3788 venire
938 3734 1102 3802 cupit,
1138 3733 1211 3787 rel
1241 3733 1460 3806 simile],
1499 3734 1699 3789 Christi
1731 3751 1945 3791 crucem
1980 3744 2195 3806 portare
2215 3751 2306 3791 co-

728 3827 882 3894 gitat.
943 3826 1244 3882 IIoc-ettim
1289 3829 1606 3885 humilitatis
1652 3833 1898 3900 passibus
1937 3842 1992 3887 et
2025 3833 2306 3902 patientize

674 3931 691 3945 ο
727 3919 1006 3986 gressibus
1029 3961 1043 3983 ,
1080 3920 1161 3974 vel
1191 3930 1408 3990 paratus
1433 3938 1530 3990 pro
1569 3923 1797 3976 veritate
1839 3913 1997 3988 mori,
2045 3924 2126 3978 vel
2151 3940 2307 3978 scan-

729 4015 848 4067 dala
879 4014 1129 4069 fratcrnm
1151 4015 1516 4084 perversitatis
1543 4018 1687 4087 pati,
1723 4017 1805 4072 vel
1843 4017 2036 4073 affectu
2063 4035 2306 4087 compas-

729 4103 898 4156 sionis
922 4102 1173 4156 fraternis
1203 4103 1552 4158 incommodis
1580 4105 1910 4175 condolere].

802 4191 1031 4246 Excitati
1067 4192 1232 4246 animi
1256 4202 1432 4248 motus
1467 4194 1519 4247 in
1568 4202 1622 4248 te
1671 4196 1956 4265 tranquilla
1986 4212 2116 4267 pace
2159 4214 2306 4253 com-

732 4293 1027 4350 ponantur,
1055 4293 1113 4336 ut
1143 4285 1272 4338 nihil
1304 4301 1398 4355 per
1422 4287 1557 4341 iram
1575 4287 1686 4353 fiat,
1704 4288 1797 4344 sed
1821 4290 2002 4344 omnia
2021 4306 2144 4344 cum
2177 4307 2306 4346 con-

731 4373 891 4426 sitio:
923 4381 1134 4443 tempus
1170 4375 1510 4438 redimentes,
1550 4379 1721 4432 donec.
1749 4388 1988 4433 transeat
2009 4380 2089 4433 ira
2115 4381 2301 4450 (Eccli.

2411 3201 2647 3264 diernnt,
2701 3198 2864 3253 etiam
2907 3208 2963 3253 et
2998 3199 3384 3264 dilataverunt,
3435 3199 3722 3255 Christiani
3743 3201 3973 3270 intperii.

2411 3292 2526 3345 Non
2552 3291 2723 3346 solunt
2749 3293 2851 3346 hoc
2881 3292 3132 3346 damnum
3155 3291 3487 3360 plangimus,
3525 3293 3619 3345 sed
3646 3291 3858 3358 majoris
3886 3308 3972 3361 pc-

2411 3382 2565 3436 riculi
2594 3383 2804 3451 signum
2831 3383 3102 3436 timemus.
3143 3380 3315 3444 Unde,
3347 3381 3660 3436 ebarissime
3695 3381 3845 3451 123
3876 3381 3972 3434 Pa-

2411 3481 2514 3533 ter,
2534 3472 2680 3527 omni
2709 3472 2950 3525 custodia
2975 3487 3130 3525 serva
3153 3482 3204 3524 te
3233 3472 3424 3540 ipsum,
3451 3481 3506 3525 et
3526 3471 3705 3526 labora
3735 3471 3788 3524 itt
3815 3471 3974 3525 domo

2409 3565 2528 3628 Dei,
2558 3573 2614 3617 ut
2646 3563 2894 3632 proficiat
2921 3563 3017 3615 tibi
3047 3561 3196 3615 labor
3225 3570 3346 3614 tuus
3367 3561 3421 3614 in
3443 3561 3670 3614 salutent
3695 3569 3968 3614 aeternam.

2410 3653 2552 3708 Nihil
2581 3653 2723 3708 enim
2751 3651 2942 3707 stabile
2966 3651 3018 3704 in
3037 3651 3139 3704 hoc
3153 3649 3352 3704 mundo
3368 3648 3482 3704 fieri
3497 3649 3710 3718 poterit,
3729 3649 3828 3702 nisi
3851 3650 3971 3702 cha-

2412 3746 2543 3800 ritas
2572 3743 2773 3798 Christi
2802 3752 2856 3796 et
2884 3742 3160 3796 servitium
3187 3741 3347 3794 illius.
3381 3741 3618 3794 Pra'tcrit
3638 3741 3774 3794 enim
3792 3780 3807 3802 ,
3837 3739 3972 3807 Apo-

2409 3834 2548 3889 Stolo
2595 3834 2824 3895 dicente,
2871 3832 3044 3901 ﬁgura
3088 3832 3244 3900 hujus
3269 3832 3450 3884 mundi
3487 3830 3539 3899 (l
3577 3829 3698 3882 Cor.
3735 3845 3831 3890 vlt,
3861 3831 3971 3896 51).

2410 3922 2542 3978 Illud
2572 3922 2742 3976 solum
2775 3928 3033 3982 remanet,
3068 3919 3211 3988 quod
3252 3935 3348 3988 pro
3374 3919 3468 3972 Dei
3493 3918 3793 3982 dilectione,
3841 3917 3972 3971 etin

2408 4013 2690 4082 prarceptis
2717 4011 2856 4065 illius
2884 4012 3210 4082 peragimus.
3255 4009 3394 4064 Erue
3416 4017 3466 4063 te
3493 4009 3684 4078 ipsum,
3719 4018 3972 4078 quantum

2407 4104 2605 4168 valeas,
2643 4105 2706 4158 de
2730 4104 2981 4173 periculis
3005 4102 3161 4170 ltnjus
3189 4103 3330 4156 vitze.
3357 4103 3439 4156 Sit
3465 4110 3646 4173 guttur
3672 4110 3818 4154 tuum
3847 4103 3971 4154 tuba

2409 4211 2570 4265 super
2589 4195 2805 4248 domum
2829 4194 2942 4247 Dei.
2960 4193 3231 4262 Spit-italis
3257 4193 3380 4248 belli
3403 4191 3621 4261 signifer
3633 4200 3768 4252 esto,
3793 4199 3847 4244 et
3869 4191 3973 4244 dux

2409 4289 2462 4342 itt
2492 4285 2608 4339 acie
2641 4284 2872 4345 Cltristi,
2921 4293 2979 4336 ut
3005 4283 3362 4352 amplificetur
3389 4283 3482 4336 tibi
3515 4297 3733 4351 regnum
3758 4282 3810 4335 itt
3839 4289 3972 4335 terra

2406 4377 2718 4439 viventium,
2755 4385 2808 4429 ct
2832 4389 2936 4428 tton
2971 4375 3173 4428 habeas
3199 4388 3347 4443 spem
3370 4374 3423 4427 in
3450 4374 3550 4427 bac
3574 4383 3711 4427 terra
3739 4374 3971 4428 morien-

732 4479 908 4526 χχχιι,
932 4461 1045 4531 2i),
1079 4473 1133 4517 et
1162 4472 1288 4518 tunc
1311 4465 1522 4520 dicatur
1551 4468 1630 4521 vel
1661 4477 1870 4537 agatur,
1901 4469 2158 4540 quidquid
2182 4486 2306 4540 pro-
2330 4484 2380 4544 υ
2409 4468 2539 4520 tium
2573 4485 2583 4519 :
2640 4465 2732 4520 sed
2762 4465 2851 4519 ubi
2880 4465 2986 4518 vita
3035 4472 3118 4518 est
3159 4473 3358 4518 aeterna
3385 4504 3399 4527 ,
3448 4463 3554 4519 illic
3597 4464 3689 4517 fiat
3730 4464 3974 4518 omnibus

733 4555 855 4608 vida
881 4553 1087 4609 consilii
1125 4555 1382 4624 sapientia
1417 4568 1665 4627 suggerat
1693 4560 1954 4629 agendum
1982 4576 2120 4614 esse.
2178 4559 2301 4615 Cla-

735 4659 915 4698 mores
965 4660 1259 4714 pauperum
1316 4648 1490 4701 cordis
1540 4649 1720 4702 audiat
1767 4648 2023 4715 affectus,
2065 4660 2120 4704 et
2159 4651 2305 4721 larga

731 4750 927 4790 tnanus
962 4736 1233 4789 miseriam
1276 4735 1486 4790 illorum
1526 4736 1782 4793 refoveat.
1823 4739 2070 4809 Magnum
2099 4752 2182 4796 est
2209 4742 2303 4796 de-

733 4856 1110 4929 Mabillonius,
1152 4857 1453 4929 adhortatio
1499 4873 1618 4929 qua;
1643 4859 1710 4912 ab
1745 4859 1829 4913 his
1865 4859 2043 4912 verbis
2071 4861 2255 4929 incipit
2288 4881 2302 4914 :

735 4927 967 4998 Επειαή
1006 4928 1166 4998 animi
1213 4938 1434 4980 motus:
1476 4930 1542 4982 ad
1595 4928 1732 4982 hanc
1781 4943 1974 4982 novam
2025 4927 2306 4998 epistolam

733 4996 1184 5066 pertineusalteri
1210 5007 1546 5061 assueretur;
1575 5007 1629 5052 et
1658 4999 1798 5066 quod
1827 4999 2000 5052 eidem
2031 4996 2164 5052 nova
2193 4999 2306 5055 hzec

734 5065 960 5134 epistola
1009 5065 1063 5118 in
1113 5067 1231 5120 cod.
1281 5067 1473 5119 Salisb.
1528 5065 1731 5135 absqne
1776 5083 1912 5122 nova
1957 5069 2305 5137 inscriptione

734 5144 1165 5196 eonnecteretnr,
1220 5137 1360 5203 quod
1407 5137 1539 5190 nihil
1587 5138 1710 5189 novi
1759 5152 1879 5192 esse
1907 5140 1959 5192 in
1998 5154 2056 5193 re
2085 5139 2301 5194 libraria

735 5213 977 5257 veterum
1004 5205 1156 5271 periti
1183 5213 1464 5258 noverunt.
1502 5205 1654 5259 Nolui
1676 5215 1854 5259 tamen
1881 5207 1982 5261 hoc
2003 5208 2120 5263 loco
2143 5225 2301 5264 uuam

734 5271 1015 5345 epistolam
1041 5276 1107 5345 ab
1134 5275 1326 5336 altera,
1360 5274 1460 5345 etsi
1503 5291 1622 5328 meo
1649 5275 2124 5345 judicioidiverse.
2149 5288 2204 5330 et
2229 5281 2305 5333 di-

735 5342 910 5412 versis
932 5342 1088 5395 annis
1123 5345 1336 5412 scripta:
1368 5343 1501 5412 sint,
1544 5342 1795 5411 separare
1831 5344 1901 5399 ob
1942 5347 2062 5400 cod.
2105 5346 2300 5402 Salisb.

737 5411 918 5475 fidem,
945 5412 1056 5474 cui,
1083 5426 1148 5465 an
1176 5411 1307 5466 mea:
1334 5411 1654 5479 conjectura:
1677 5415 2030 5469 insistendum
2059 5415 2152 5478 sit,
2181 5431 2304 5469 eru-

735 5479 833 5535 diti
851 5479 1114 5548 judicent.
1153 5479 1210 5535 Si
1232 5496 1360 5552 mea;
1383 5480 1704 5549 conjectura:
1730 5484 1932 5552 aliquid
1961 5485 2301 5540 tribuendum

738 5558 1058 5614 censeatur,
1111 5560 1240 5606 tunc
1280 5550 1558 5618 epistolam
1613 5552 1752 5607 hanc
1776 5550 1968 5607 novam
1998 5555 2065 5609 ad
2104 5569 2302 5608 annum

737 5618 840 5672 798
861 5634 967 5691 quo
990 5630 1170 5693 vetera
1201 5629 1539 5693 monumenta
1557 5663 1570 5683 ,
1593 5621 1814 5693 pallium
1851 5622 2054 5678 Δηιοηί
2083 5640 2302 5679 οοηωεο

739 5704 853 5742 sunt
879 5690 1017 5761 esse,
1040 5690 1194 5761 plane
1215 5690 1574 5761 consentiunt,
1600 5690 1867 5761 pertinere
1886 5693 2169 5749 dicendum
2185 5703 2298 5758 est;

739 5773 780 5810 si
816 5773 938 5813 vero
985 5758 1115 5816 tldes
1169 5760 1367 5816 codicis
1414 5758 1750 5831 praeferatur,
1800 5774 1855 5818 et
1898 5765 2083 5822 ambas
2119 5773 2302 5836 partes

2409 4561 2557 4614 boris
2601 4557 2828 4612 intentio
2871 4568 2958 4610 tua
2985 4598 2999 4621 ,
3055 4571 3179 4626 spes
3225 4565 3280 4610 et
3322 4555 3643 4610 desiderium
3671 4563 3838 4608 tuum.
3880 4554 3969 4608 Dic

2409 4653 2517 4706 Deo
2544 4650 2758 4706 Christo
2791 4667 2804 4703 :
2856 4651 3043 4702 Anima
3090 4665 3206 4702 mea
3245 4646 3549 4700 desideravit
3574 4655 3623 4698 te
3647 4646 3700 4697 in
3725 4655 3889 4707 nocte,
3923 4654 3970 4697 et

2405 4743 2618 4810 spiritus
2635 4756 2776 4792 meus
2789 4741 2843 4792 in
2861 4739 3164 4808 prrrcordiis
3177 4735 3404 4806 vigilavit
3418 4737 3486 4788 ad
3498 4747 3545 4790 te
3560 4736 3714 4806 (lsai.
3729 4751 3851 4789 xxvi
3862 4777 3875 4801 ,
3893 4736 3965 4806 9).

2406 4876 2566 4915 uuam
2586 4861 2845 4916 duntaxat
2859 4857 3140 4922 epistolam
3163 4873 3282 4914 esse
3307 4867 3606 4922 statuatur;
3643 4859 3765 4914 inde
3790 4867 3961 4913 tamen

2406 4932 2508 4985 hoc
2547 4938 2731 4984 contra
2779 4928 2848 4984 cl.
2891 4928 3200 4983 Hansizium
3240 4938 3446 4983 certum
3479 4943 3599 4982 esse
3626 4928 3803 4991 debet,
3831 4929 3967 4995 quod

2405 5010 2458 5055 et
2481 5001 2626 5054 Arno
2652 5009 2775 5053 ante
2797 5013 2996 5053 annum
3025 4998 3128 5052 800
3147 5006 3203 5052 et
3221 5008 3346 5052 ante
3366 5013 3602 5051 mensem
3620 4997 3851 5066 Aprilem
3873 5012 3966 5050 an-

2404 5073 2457 5124 ni
2503 5070 2606 5125 799
2626 5085 2731 5139 quo
2779 5069 2866 5122 illa
2905 5069 2961 5122 in
2983 5068 3233 5139 Leonem
3264 5082 3452 5139 papam
3481 5069 3734 5139 atrocitas
3762 5074 3960 5134 patrata

2403 5141 2524 5205 fuit,
2549 5137 2861 5209 dignitatem
2887 5137 3405 5209 archiepiscopalem
3430 5137 3638 5209 publice
3660 5151 3960 5209 assumpse—

2404 5204 2580 5273 rit,et
2609 5204 2877 5262 'Alcuinus
2920 5215 3044 5260 ante
3078 5204 3235 5260 illum
3255 5204 3453 5261 annum
3494 5204 3618 5270 800,
3656 5205 3708 5258 id
3736 5204 3962 5260 est'antc

2402 5278 2639 5333 medium
2668 5277 2793 5330 anni
2818 5276 2919 5331 799
2960 5275 3361 5333 Krawlatoriam
3404 5275 3625 5330 miserit.
3667 5275 3786 5330 Vid.
3828 5274 3961 5329 lian-

2403 5350 2500 5402 siz.
2525 5345 2724 5417 tome"
2746 5345 2940 5417 Genu;
2970 5345 3125 5417 Sacr.
3164 5364 3217 5417 p.
3249 5345 3370 5417 tto.

2473 5430 2498 5457 ι
2522 5416 2620 5486 Ed.
2641 5416 2778 5470 Mab.
2800 5415 2865 5468 ιο
2880 5415 3064 5485 (rt-ob.
3077 5413 3373 5486 esteorum
3385 5417 3638 5486 cumcod.
3657 5430 3756 5486 ms.
3773 5413 3958 5486 Salisb.

2473 5487 2501 5526 ιι
2533 5482 2643 5556 γετί
2662 5482 2954 5556 fortissimi.
2978 5482 3239 5556 Nimirum
3255 5484 3514 5556 Henricus
3537 5501 3630 5541 seu
3655 5485 3840 5541 Ericus
3860 5485 3957 5537 dux

2401 5553 2786 5626 Forojuliensis
2826 5556 2981 5626 juxta
3011 5555 3346 5626 Tarsaticam
3391 5554 3658 5626 Liburnia:
3699 5556 3959 5626 civitatem

2403 5625 2610 5680 insidiis
2641 5624 2840 5681 civium
2854 5639 3174 5694 oppressus;
3207 5634 3261 5679 et
3273 5624 3534 5681 Geroldus
3556 5625 3807 5694 Baiosrite
3827 5636 3958 5694 pra:-

2403 5694 2870 5750 t‘ectusoommisso
2890 5692 3027 5747 cum
3068 5692 3332 5750 Avaribns
3359 5695 3496 5750 bello
3517 5695 3635 5752 Kal.
3665 5693 3959 5760 Septembr.

2401 5767 2612 5822 occisus
2641 5779 2780 5820 anno
2800 5763 2921 5819 799.
2944 5764 3061 5819 Vid.
3089 5763 3278 5820 Annal.
3296 5765 3336 5820 ιτ
3343 5781 3487 5820 rane.
3505 5765 3571 5820 ad
3586 5765 3722 5818 hunc
3751 5778 3960 5820 annum.
