4400 6472
182 442 288 501 509
1096 410 1099 417 ’
1216 449 1229 461 ·
1280 460 1285 463 τ
1618 441 1992 500 ΕΡιεῑυιιε.

3310 441 3414 497 διο

180 555 281 623 Qui
317 564 499 611 castra
545 554 745 609 Christi
794 553 1132 617 custodiunt,
1187 554 1409 623 vigilare
1439 554 1657 619 debent,
1690 569 1763 633 ret
1788 559 1837 618 Α
1865 560 2036 614 larius
2061 574 2248 629 passer
2283 560 2445 615 sciret
2473 559 2528 614 in
2570 566 2745 624 tecto,
2780 571 2900 629 quae
2931 568 3073 614 esset
3100 559 3411 614 eom‘euien-

180 655 285 700 non
311 643 569 700 dormire.
622 643 760 711 Quia
796 643 1144 714 vigilantibus
1180 652 1237 698 et
1267 659 1375 698 non
1412 642 1614 699 desidia
1645 651 1757 712 tor-j

176 733 426 801 pentibus
447 734 688 802 perpetui
719 731 869 800 regni
896 732 1229 801 promittitur
1252 731 1441 803 gloria.
1496 782 1502 789 .

132 842 137 847 α
245 820 455 890 ξενίας
483 820 579 875 tibi
603 820 961 889 scripsissem,
990 819 1038 874 si
1065 819 1149 873 vel
1177 817 1321 874 fama
1349 828 1625 875 narrasset
1652 816 1753 873 mi-

175 910 230 964 bi
256 950 269 974 ,
307 909 400 964 ubi
438 917 491 964 te
527 908 773 965 chartula
807 923 925 963 mea
961 907 1203 963 invenire
1237 908 1511 962 valuisset.
1552 908 1751 962 Tamen

173 999 375 1070 scripta
402 1007 486 1053 est
514 998 568 1052 in
595 997 757 1052 corde
785 1011 907 1052 meo
945 996 1204 1052 memoria
1244 996 1479 1051 nominis
1513 996 1591 1050 tui
1627 985 1753 1051 eum

172 1086 313 1157 stylo
341 1085 641 1157 charitatis,
667 1100 774 1140 non
804 1100 977 1154 penna
1005 1085 1266 1156 peritura,
1292 1086 1385 1141 sed
1404 1092 1754 1154 permanente

172 1176 438 1232 suavitate
457 1174 654 1244 saepius
673 1164 1010 1247 ingeminans
1029 1163 1096 1229 ex
1119 1174 1309 1229 intimo
1328 1174 1508 1229 cordis
1524 1173 1749 1229 aﬂ‘eetu:

170 1266 399 1332 Quando
424 1266 529 1321 erit
552 1264 643 1319 illa
661 1264 799 1330 dies,
825 1274 886 1319 ut
906 1265 1069 1320 liceat
1086 1264 1217 1319 mihi
1239 1257 1532 1336 [Aquilam]
1553 1263 1756 1333 ample-

170 1357 309 1410 ctari
348 1369 548 1418 meum,
593 1362 651 1409 et
684 1354 930 1410 dulcibus
958 1353 1294 1425 amplexibus
1316 1353 1458 1408 colla
1486 1353 1757 1409 constrin-

171 1461 299 1514 gere
327 1444 504 1500 Patris
535 1444 868 1500 venerandi!
915 1445 1146 1500 Videsne
1182 1443 1359 1514 qualis
1395 1454 1481 1499 est
1514 1443 1756 1498 eharitas

172 1549 320 1599 vera,
344 1548 465 1603 qua:
485 1532 628 1587 nulla
647 1532 1034 1603 longinquitate
1056 1541 1323 1587 terrarum
1345 1533 1509 1588 dividi
1531 1530 1752 1603 poterit,

172 1622 317 1677 nulla
344 1622 613 1678 oblivione
638 1622 825 1688 deleri,
848 1622 945 1678 sed
973 1623 1142 1693 magis
1166 1624 1445 1693 magisque
1469 1623 1748 1679 accrescit.

244 1710 394 1764 Felix
430 1711 609 1764 anima
633 1725 754 1780 qua:
778 1711 946 1766 Deum
974 1710 1149 1783 diligit
1170 1713 1347 1767 soluta
1374 1714 1444 1767 ab
1470 1710 1629 1781 hujus
1655 1727 1753 1768 επ-
1830 1725 1835 1729 ‘

168 1798 277 1851 culi
324 1798 574 1862 nexibus,
620 1808 680 1853 ut
718 1800 966 1868 proficiat
1009 1800 1063 1854 in
1097 1801 1344 1857 veritatis
1377 1803 1667 1870 soliditate,
1688 1813 1754 1859 et

1855 652 1929 706 tia
1956 651 2097 705 inter
2122 648 2358 705 Leonem
2389 659 2445 704 et
2467 648 2717 718 Aquilam
2744 666 2757 701 :
2781 656 2837 703 et
2869 648 2912 703 si
2935 648 3191 718 juventus
3210 649 3419 719 Aquilio

1820 782 1823 783 ν
1852 736 2145 793 secundum
2191 736 2527 807 prophetiam
2551 736 2939 807 Psalmigraphi
2967 735 3190 809 (Psalm.
3219 753 3315 799 Cll,
3339 738 3418 808 5),

1854 832 2110 881 renovata
2145 833 2291 881 esset
2315 826 2370 880 in
2401 825 2683 895 pristinam
2723 825 3045 880 hilaritatem
3071 842 3085 891 ;
3115 834 3170 880 et
3195 826 3239 881 si
3282 842 3418 882 nova

1852 923 2140 985 surgerent
2169 923 2310 971 tecta
2337 915 2391 969 in
2418 914 2745 984 palustribus
2765 913 3014 987 perfidia:
3040 915 3246 979 lustris,
3279 924 3337 970 et
3372 916 3418 970 si

1853 1006 1976 1061 Leo.
1994 1006 2163 1067 ibices
2190 1004 2344 1079 [Hs.,
2370 1005 2601 1078 bibices]
2637 1020 2866 1076 sequens
2893 1005 3116 1075 Alpinos
3140 1007 3424 1062 meditaret

1853 1096 2088 1151 transire
2112 1096 2294 1152 colles.
2337 1096 2534 1151 Passer
2555 1111 2717 1152 aures
2751 1097 2915 1151 habet
2941 1104 3194 1166 apertas;
3223 1099 3315 1153 sed
3362 1108 3422 1152 ut

1854 1186 2030 1249 video,
2071 1185 2425 1256 proverbialis
2458 1185 2515 1240 in
2560 1183 2740 1240 fabula
2786 1185 2943 1256 lupus
2983 1184 3123 1256 gallo
3169 1187 3294 1241 tulit
3325 1203 3421 1242 vo-

1853 1293 1994 1341 cem,
2026 1293 2093 1333 ne
2110 1278 2246 1332 forte
2269 1284 2520 1332 cantante
2548 1276 2642 1331 illo
2659 1276 2950 1345 apostolica
2974 1275 3185 1345 negatio
3200 1290 3422 1330 renova-

1854 1375 2007 1422 retur
2033 1367 2086 1421 in
2120 1366 2262 1423 Urbe
2287 1367 2521 1437 antiqua:
2551 1366 2853 1437 potestatis,
2880 1374 2937 1421 et
2974 1365 3046 1420 sit
3070 1379 3223 1421 error
3248 1365 3424 1422 novis-

1852 1458 2023 1513 simus
2042 1457 2193 1527 pejor
2211 1458 2400 1527 priori.
3346 1466 3354 1477 '

1922 1548 2060 1615 Quid
2079 1551 2321 1618 peccavit
2347 1550 2607 1617 ebaritas,
2628 1567 2750 1622 qua:
2771 1553 2922 1610 valen
2950 1553 3068 1626 (sic)
3109 1554 3242 1610 vidit
3259 1555 3421 1625 scrip-

1852 1646 1988 1702 tum,
2008 1626 2137 1692 dum
2160 1636 2405 1708 perdices
2430 1653 2528 1709 per
2548 1654 2773 1710 campos
2800 1651 3080 1699 currentes
3109 1645 3177 1700 ad
3205 1644 3416 1700 habita-

1854 1731 2055 1785 tionem
2102 1729 2227 1801 galli
2264 1730 2425 1785 audio
2447 1731 2679 1787 venisse.
2729 1730 2971 1801 Perfecta
3008 1732 3239 1788 charitas
3280 1733 3423 1803 foras

1852 1820 2009 1873 mittit
2029 1819 2266 1873 timorem
2292 1818 2345 1890 (I
2372 1818 2532 1875 Joan.
2564 1836 2640 1885 tv,
2663 1821 2773 1891 18),
2801 1835 2922 1892 qua!
2945 1820 3269 1892 fulgentibus
3295 1836 3424 1877 ocu-

169 1888 448 1958 perveniat
485 1889 551 1943 ad
589 1889 782 1944 divina:
823 1891 1175 1947 beatitudinis
1213 1893 1495 1958 visionem,
1539 1893 1630 1949 ubi
1671 1903 1755 1949 est
1784 1899 1830 1960 Β
1855 1909 1907 1965 ιο

1682 1903 1755 1949 εει
1784 1899 1830 1960 Β
1855 1909 2031 1965 lorum
2061 1909 2276 1979 pupillis
2292 1888 2472 1966 omnia
2497 1888 2773 1981 perspicit,
2820 1888 2881 1966 et
2903 1888 3051 1966 claro
3072 1909 3288 1982 pietatis
3334 1911 3420 1964 iu-

170 1976 459 2047 tranquilla
484 2026 487 2027 ν
514 1977 718 2041 ιευιίιίει,
763 1986 819 2033 et
863 1979 981 2034 sine
1030 1979 1138 2033 ulla
1186 1982 1586 2049 perturbatione
1634 1983 1746 2037 vita

167 2072 444 2136 perpetua.
502 2064 584 2120 Ad
629 2081 791 2136 quam
835 2065 1165 2132 felicitatem,
1207 2068 1366 2124 Pater
1408 2079 1613 2135 sancte,
1661 2088 1750 2127 me

167 2159 421 2227 precibus
456 2167 632 2213 tet-um
665 2158 929 2215 deducere
961 2168 1165 2231 samge,
1196 2170 1255 2215 ut
1282 2162 1337 2216 in
1364 2163 1581 2219 Christo
1604 2150 1751 2219 frua-

167 2264 293 2302 mur
327 2248 609 2304 dulcedine
643 2248 927 2303 cbaritatis
961 2259 1253 2321 perpetuae.
1304 2250 1490 2307 Saluta
1523 2268 1591 2308 ex
1628 2269 1750 2311 meo

168 2338 387 2392 nomine
411 2352 602 2394 omnes
629 2336 828 2394 sanctae
874 2338 972 2394 Dei
1014 2340 1267 2397 Ecclesia:
1313 2342 1472 2406 ﬁlios,
1517 2345 1610 2416 qui
1655 2360 1751 2398 vo-

168 2425 378 2497 biscum
422 2427 535 2482 Deo
576 2428 898 2493 deserviunt,
943 2438 1000 2484 et
1040 2431 1216 2488 scribe
1255 2444 1448 2489 nomen
1486 2451 1666 2491 meum
1694 2438 1750 2492 in

165 2513 425 2567 cordibus
454 2515 667 2570 illorum
694 2517 794 2585 pia:
832 2517 1102 2587 petitionis
1135 2519 1352 2595 affectu,
1390 2539 1619 2593 quorum
1655 2542 1752 2581 no-

170 2603 316 2657 mina
349 2603 492 2657 Dens
518 2596 849 2660 Christns‘in
876 2609 1083 2665 cwlesti
1113 2609 1252 2666 libro
1281 2612 1519 2668 scribere
1537 2612 1747 2681 jubeat,

169 2694 261 2762 qui
291 2692 370 2747 ait
395 2694 728 2750 cliarissimis
754 2697 835 2751 sui
865 2697 1068 2755 laboris
1098 2702 1261 2758 sociis
1289 2721 1303 2756 :
1329 2702 1595 2771 Gaudete,
1623 2708 1751 2777 quia

170 2786 385 2840 nomina
410 2794 576 2842 vestra
603 2789 793 2858 scripta
820 2799 940 2843 sunt
968 2791 1024 2845 in
1047 2792 1189 2847 cali:
1215 2793 1366 2864 (Luc.
1394 2811 1453 2861 ι,
1479 2796 1593 2867 20).
1646 2799 1750 2852 Va-

168 2874 274 2927 lete
310 2890 500 2930 omnes
525 2870 831 2933 felicitcrin
860 2878 1062 2935 Christi
1090 2880 1484 2949 benedictione,
1513 2885 1749 2941 dilectis-

169 2964 290 3018 simi
319 2963 537 3022 fratres.

682 3058 1013 3117 EPISTOLA
1045 3064 1227 3119 XCIX.

844 3166 912 3205 an
942 3153 982 3171 “
1011 3164 1059 3203 ει.

773 3239 951 3311 (Anno
979 3242 1125 3314 799).
1166 3296 1169 3299 .

169 3349 584 3420 Epistolaiuitio
607 3354 958 3424 a'nigmatiea.
1002 3348 1494 3412 Illius’clmritutem
1536 3359 1745 3430 expetit.

236 3464 419 3519 Prima
465 3464 646 3519 littera
691 3465 880 3534 prima:
916 3474 974 3520 et
1001 3468 1191 3535 quinta
1219 3469 1429 3524 decima
1456 3450 1622 3526 schap
1662 3486 1750 3525 sa-

165 3563 354 3607 cratus
403 3553 459 3606 in
511 3554 767 3622 gradibus
810 3556 1069 3610 numerus
1108 3556 1349 3625 perfecto
1390 3560 1449 3615 in
1494 3561 1751 3631 operibus

166 3641 265 3696 Dei
290 3640 543 3696 salutem.

236 3732 419 3797 Quare
446 3728 613 3784 frater
636 3728 722 3785 ille
758 3731 944 3787 vacuis
976 3733 1122 3786 venit
1151 3734 1519 3791 manibusﬂn
1569 3736 1747 3805 lingua

163 3821 404 3890 portavit
444 3820 669 3875 auribus
701 3820 835 3889 Ave,
870 3822 925 3876 in
959 3823 1210 3879 manibus
1260 3824 1497 3890 coculos,
1554 3825 1629 3880 nil
1665 3835 1748 3880 at-

162 3915 307 3971 tulit.
366 3913 445 3970 Tu
485 3929 614 3969 vero
660 3916 754 3985 qui
801 3917 957 3972 sedes
998 3917 1054 3972 in
1094 3917 1258 3981 bivio,
1302 3932 1471 3988 quare
1509 3919 1584 3973 nil
1627 3936 1747 3975 cer-

166 4018 283 4059 tum
308 4003 648 4059 demandasti
693 4005 770 4059 illi
815 4006 908 4074 qui
959 4006 1241 4062 habitatin
1272 4006 1522 4063 Maresa?
1584 4008 1744 4064 Corvi

162 4096 452 4150 volitantes
476 4110 573 4164 per
612 4095 893 4150 cacumina
938 4104 1206 4152 tectorum
1250 4098 1486 4153 clamant
1511 4116 1527 4164 ;
1550 4107 1607 4154 et
1647 4098 1742 4156 c6-

161 4186 348 4241 lumba
395 4185 448 4239 in
473 4186 798 4255 pavimentis
823 4186 1028 4240 nutrita
1052 4186 1305 4243 Ecclesize
1329 4195 1494 4255 tacet,
1518 4192 1602 4245 cui
1626 4206 1745 4246 cre-

160 4282 373 4344 derem,
400 4277 585 4348 siquid
609 4277 832 4334 dixisset
852 4277 917 4332 de
940 4274 1151 4348 Aquila,
1174 4278 1267 4348 qui
1292 4295 1466 4350 nuper
1487 4280 1742 4352 Romana:

161 4370 309 4424 areis
353 4367 609 4423 deserens
633 4369 944 4434 cacumina,
964 4377 1025 4424 ut
1056 4370 1271 4427 biberet
1311 4369 1563 4428 Saxonici
1600 4374 1742 4429 ruris

161 4461 363 4523 fontes,
402 4467 458 4513 et
477 4459 682 4513 videret
710 4459 940 4513 Leonem
978 4461 1188 4529 cttnctis
1214 4461 1584 4518 dominantem
1623 4465 1739 4517 ani—

1855 2001 1992 2056 tuitu
2003 2010 2208 2056 certam
2221 2001 2454 2057 salubris
2466 2002 2675 2057 consilii
2690 2015 2901 2072 semper
2912 2000 3150 2057 inveniet
3162 2000 3419 2072 regulam.

1855 2089 1927 2146 Ut
1957 2090 2169 2145 videtur
2193 2090 2367 2160 gallus
2397 2105 2589 2145 versus
2612 2099 2696 2145 est
2729 2091 2783 2145 in
2813 2090 3083 2158 cucuium,
3115 2092 3204 2160 qui
3237 2090 3422 2146 :estivo

1851 2179 2227 2237 cancri-sidere
2238 2179 2351 2235 sole
2374 2180 2694 2235 ascendente
2718 2181 2877 2235 silere
2896 2180 3052 2246 solet,
3078 2180 3205 2236 dum
3231 2179 3424 2237 nidlfer

1850 2283 2037 2340 passer
2078 2268 2226 2323 omni
2262 2267 2542 2339 aequaliter
2574 2268 2753 2323 sidere
2786 2269 2843 2323 in
2872 2269 3030 2325 tectis
3056 2270 3219 2325 tinnit
3249 2269 3423 2339 fuligi-

1853 2362 2020 2427 nosis,
2068 2362 2161 2433 qui
2202 2361 2363 2418 modo
2396 2377 2582 2417 mense
2617 2362 3142 2434 Septembrionidum
3188 2362 3421 2418 revisere

1851 2451 1996 2508 volat
2032 2461 2288 2519 amatum,
2313 2461 2375 2507 ut
2398 2452 2590 2525 pullos,
2621 2453 2793 2509 avidis
2832 2453 3046 2509 hiantes
3087 2452 3276 2510 rostris
3303 2455 3421 2525 pic-

1852 2544 1981 2599 tatis
2022 2553 2211 2613 pascat
2242 2543 2518 2614 granulis;
2550 2551 2744 2614 optans
2789 2553 2853 2599 ut
2896 2545 3221 2615 quandoque
3262 2560 3423 2616 super

1853 2636 1998 2705 ripas
2026 2635 2054 2674 ι’
2081 2635 2278 2704 piscosi
2321 2633 2557 2690 fluminis
2597 2635 2723 2705 galli
2766 2650 2953 2691 vocem
2986 2635 3167 2691 valere
3210 2634 3423 2709 [Forte,

1851 2725 2049 2798 valide]
2086 2741 2282 2782 sonare
2306 2726 2529 2792 audiat;
2561 2733 2618 2782 et
2639 2727 2730 2796 qui
2757 2742 2816 2783 se
2847 2727 3042 2798 pennis
3067 2728 3303 2784 excitare
3338 2741 3425 2783 so-

1850 2815 1926 2870 let
1970 2816 2205 2885 propriis
2244 2814 2308 2869 ad
2345 2815 2690 2871 matutinales
2738 2815 3015 2882 melodias,
3062 2830 3334 2887 passerem
3372 2816 3424 2871 in

1849 2902 2119 2974 pullorum
2154 2903 2331 2957 medio
2358 2903 2634 2958 exhortari
2660 2904 2861 2959 veniat.

1917 2990 1965 3048 0
1998 2993 2160 3062 quam
2185 2992 2355 3048 dulcis
2376 2992 2659 3048 cbaritatis
2680 2994 2821 3048 vox!
2848 2992 3009 3064 quam
3031 2992 3279 3050 amabilia
3303 3011 3423 3066 ger—

1853 3094 2025 3139 manae
2068 3083 2371 3138 dilectionis
2404 3083 2744 3137 hortamenta
2780 3083 2835 3138 in
2858 3084 3085 3139 auribus
3111 3082 3289 3139 cordis
3332 3085 3421 3140 soi

1802 3242 1823 3261 Ἰ
1855 3190 1985 3233 nare
2007 3176 2219 3233 solent!
2250 3168 2368 3232 Noli
2405 3191 2596 3231 manus
2622 3175 2871 3247 claudere
2890 3174 3183 3261 seminibus
3218 3175 3421 3247 plenas,

1779 3252 1824 3301 υ
1856 3268 1983 3337 quia
2028 3268 2117 3337 qui
2159 3266 2476 3330 {minantum
2520 3266 2808 3330 abscondit,
2858 3253 3166 3322 maledicta:
3203 3269 3336 3330 erit;
3374 3280 3422 3323 et

1847 3366 1939 3438 qui
1962 3363 2290 3435 multiplicat,
2318 3363 2725 3418 benedictionem
2751 3364 2958 3435 recipiet
2991 3363 3173 3433 (Prov.
3205 3379 3276 3427 xr,
3301 3364 3415 3429 26).

1848 3457 2019 3526 Quale
2043 3456 2150 3513 erit
2171 3455 2458 3525 judicium,
2487 3454 2577 3526 qui
2611 3455 2813 3524 petenti
2848 3463 3028 3527 negat,
3052 3455 3194 3525 quod
3223 3455 3423 3512 nolenti

1850 3550 2095 3620 ingerere
2131 3547 2357 3604 debuit?
2384 3544 2664 3613 Quomodo
2688 3545 2887 3602 crescit
2923 3546 3016 3618 qui
3053 3562 3158 3602 non
3186 3548 3419 3604 semina-

1850 3653 1937 3698 tur
1956 3644 1980 3696 ?
2001 3640 2132 3708 Quae
2158 3654 2367 3696 merces
2394 3640 2654 3709 speranda
2682 3648 2766 3695 est
2788 3637 3021 3695 fructum
3042 3655 3149 3694 non
3172 3637 3424 3695 facienti?

1849 3724 1945 3786 Vel
1988 3730 2259 3803 quomodo
2298 3727 2506 3782 fructus
2529 3729 2747 3792 crescit,
2796 3728 2841 3782 si
2877 3729 3082 3785 semina
3117 3743 3220 3782 non
3267 3742 3418 3796 sparo

1844 3821 2083 3894 guntur?
2130 3819 2281 3876 Beati
2319 3819 2411 3889 qui
2458 3805 2727 3874 seminam
2780 3833 2943 3887 super
2986 3834 3175 3874 onmes
3228 3833 3416 3888 aquas.

1846 3913 2201 3970 immitteutes
2255 3909 2449 3980 pedem
2492 3908 2645 3964 bovis
2701 3908 3053 3964 ecclesiastici
3106 3909 3314 3965 ordinis
3363 3921 3419 3965 et
3467 3961 3473 3967 .

1846 4006 1982 4063 asini
2006 4004 2248 4074 plebialis
2272 4003 2438 4058 curia:
2461 4018 2475 4068 ;
2502 4010 2558 4057 et
2581 4001 2625 4055 si
2665 4014 2821 4055 tuane
2857 3999 3046 4069 prima:
3087 4000 3263 4056 aetatis
3307 4017 3416 4055 non

1844 4097 2037 4161 fecisti,
2071 4094 2157 4148 vel
2180 4095 2337 4149 modo
2368 4107 2591 4162 vespere
2619 4089 2822 4145 ultima:
2842 4089 3056 4146 canitiei
3086 4089 3273 4147 facias.
3310 4089 3416 4144 llo-

1843 4187 1947 4241 lius
1986 4194 2071 4240 est
2112 4184 2535 4254 dispensatorem
2576 4194 2698 4235 esse
2733 4179 2891 4250 panis
2935 4178 3201 4249 perpetui,
3252 4193 3414 4248 quam

1841 4277 2054 4331 rustica:
2098 4271 2473 4344 negotiationis
2506 4270 2811 4334 divisorem,
2862 4270 2991 4341 quia
3037 4286 3153 4341 qua:
3196 4270 3416 4323 seminat

1839 4365 2012 4427 homo,
2042 4364 2152 4417 Iure
2172 4371 2220 4415 et
2248 4369 2398 4414 metet
2422 4357 2565 4430 (Gal.
2592 4375 2667 4424 vt,
2695 4359 2772 4429 8).

1912 4464 2050 4518 Ecce
2089 4477 2198 4531 quo
2225 4477 2311 4517 me
2333 4460 2582 4532 perduxit
2611 4461 2850 4517 Charitas
2872 4462 2885 4513 !
2910 4462 3015 4515 mei
3055 4461 3272 4523 oblitus,
3303 4461 3415 4530 pel-

161 4549 439 4605 mantibus
470 4551 525 4601 et
560 4546 725 4611 feris;
753 4548 834 4601 vel
872 4548 1000 4617 quid
1039 4550 1243 4604 merula
1289 4560 1473 4606 nostra
1505 4552 1737 4606 volitans
1768 4572 1818 4633 υ
1840 4554 1917 4608 les
1942 4568 2227 4621 caprarqu
2270 4553 2336 4606 ad
2371 4552 2679 4605 sacrarium
2711 4549 2959 4605 deferens
3004 4549 3224 4606 Christi!
3278 4547 3411 4602 Nam

163 4641 309 4693 inter
341 4638 461 4693 illos
480 4636 623 4708 gallo
644 4637 1019 4692 demandassct
1044 4639 1358 4701 monastico,
1387 4640 1478 4707 qui
1499 4640 1741 4696 excitare

160 4730 302 4783 solet
331 4722 529 4782 fratres
553 4726 621 4782 ad
645 4725 859 4796 vigilias
891 4726 1219 4790 matutinas;
1248 4735 1307 4780 ut
1335 4741 1431 4796 per
1467 4742 1588 4781 eum
1614 4729 1740 4783 soli-

230 4878 258 4905 ι
292 4861 521 4930 Froben.
543 4858 807 4930 172.7Haac
828 4857 1054 4929 epistola
1077 4858 1229 4930 initio
1245 4872 1468 4930 prorsus
1479 4858 1737 4927 amigran-

161 4936 271 4988 tica
312 4927 418 4994 est,
456 4927 1013 4998 necdivinaripotest
1026 4928 1152 4998 quis
1176 4927 1321 4998 galli,
1343 4928 1465 4996 quis
1489 4931 1737 4998 passeris,

158 4997 531 5072 quislrmerulie,
540 4994 1256 5072 etc.,nominejntelligatur.
1270 4994 1460 5072 aqua.
1472 4994 1568 5053 abs
1577 4998 1656 5072 du
1652 5000 1740 5054 bio

158 5064 248 5127 est
270 5071 420 5126 Arno
443 5066 878 5136 archiepiscopus
895 5064 1339 5136 Salisburgensis,
1359 5068 1426 5120 ad
1447 5083 1605 5135 quem
1633 5067 1741 5121 for-

162 5142 327 5198 tassis
344 5141 458 5195 haec
480 5132 705 5208 epistola
720 5132 921 5208 directa
944 5142 1056 5208 est;
1089 5132 1191 5208 130
1214 5149 1341 5187 vero
1368 5132 1605 5202 pontifex
1623 5136 1741 5208 lto-

160 5226 379 5273 manus,
402 5210 494 5279 qui
512 5200 656 5279 anno
667 5205 779 5279 :79!)
798 5203 1078 5279 atrocibus
1105 5200 1465 5279 Romanorum
1493 5204 1738 5259 inanibus

159 5283 253 5336 vix
288 5272 615 5348 ereptus_ad
655 5275 911 5348 Carolmn
945 5286 1125 5341 regem
1166 5272 1220 5325 in
1270 5272 1737 5348 Saxoniam_pro-_

160 5351 339 5406 fectus
364 5342 465 5401 est.
503 5342 829 5415 Eo“quidctn
865 5343 1247 5415 Arno_quoque
1274 5342 1451 5406 venit,
1486 5349 1542 5397 et
1570 5342 1736 5415 Leoni
1761 5350 1767 5356 '

158 5416 402 5491 pontifici
457 5431 557 5491 sua
603 5411 1369 5491 o'llieia_impendit.__eunique
1403 5413 1740 5491 postca‘lio-

162 5479 307 5544 inani
330 5526 345 5549 ,
397 5483 668 5553 mandato
696 5484 869 5553 regis,
896 5479 1180 5553 'deduxit._
1216 5479 1540 5553 Quod_vero
1590 5479 1738 5534 Arno

162 5548 351 5616 eodem
392 5567 536 5609 anno
578 5551 682 5606 799
715 5548 843 5606 dum
882 5561 1036 5606 atrox
1073 5548 1248 5603 scelus
1291 5549 1343 5602 in
1382 5549 1611 5604 Leonem
1645 5565 1737 5618 pa-

164 5638 367 5684 tratum
419 5624 561 5686 fuit,
618 5621 801 5675 Romae
845 5622 1019 5675 adhuc
1067 5628 1429 5673 commoratus
1482 5628 1536 5673 et
1588 5618 1735 5673 illum

166 5702 220 5754 in
250 5695 544 5755 Saxoniam
579 5690 868 5746 comitatus
896 5691 985 5759 sil,
1012 5689 1151 5759 quod
1190 5689 1277 5759 hic
1317 5687 1574 5742 Alcuiuus
1608 5689 1737 5759 insi-

167 5784 334 5824 nuarc
360 5767 593 5823 videtur.
634 5762 758 5815 dum
802 5759 912 5811 ait:
944 5756 1263 5825 De'Aquila,
1304 5759 1392 5828 qui
1424 5774 1585 5826 nuper
1633 5758 1736 5811 Ro-

171 5855 337 5894 mamr
360 5838 501 5894 arcis
522 5834 752 5888 deum“
775 5827 1066 5893 cacumina,
1090 5835 1217 5891 etc,
1242 5827 1397 5883 nemo
1415 5828 1549 5885 alius
1569 5829 1734 5897 scrip-

1838 4658 1937 4699 cor
1969 4652 2119 4696 tuum
2147 4641 2352 4697 Christi
2389 4639 2735 4710 cognoscitur
2770 4639 3057 4693 thesaurus
3089 4637 3242 4709 [511a,
3289 4638 3410 4692 the-

1839 4730 2110 4801 saurum],
2181 4730 2322 4784 unde
2374 4730 2596 4799 ﬂumina
2639 4744 2789 4799 aqum
2847 4729 2973 4783 vim
3020 4725 3189 4783 liuere
3238 4726 3413 4783 solent

1840 4870 2016 4916 torum
2050 4858 2273 4914 notavit.
2310 4857 2465 4913 Anno
2490 4872 2721 4927 namque
2749 4854 2852 4912 797
2877 4870 2907 4909 a
2944 4852 3137 4911 Carolo
3177 4869 3301 4927 rege
3337 4856 3411 4910 le-

1839 4942 1994 5003 gatus
2038 4930 2265 5003 Romam
2297 4929 2492 5003 missus
2519 4926 2649 5003 est,
2675 4927 2768 4982 sed
2817 4926 3129 5003 ingleAanno
3167 4929 3407 5003 sequenti

1842 4994 1988 5056 illum
2027 5001 2253 5056 rediisse
2274 4998 2342 5053 cl.
2372 4997 2671 5059 Hansizius,
2705 5005 2834 5052 tom.
2866 4994 2906 5050 ll
2935 4994 3118 5051 Germ.
3152 5010 3318 5048 same
3354 4996 3408 5048 in

1840 5066 2071 5131 iit-none,
2112 5086 2168 5123 n.
2197 5069 2269 5123 20
2311 5075 2367 5120 et
2401 5067 2490 5128 ‘22,
2522 5068 2707 5121 multis
2747 5066 2958 5132 probat,
2986 5074 3041 5119 et
3077 5080 3140 5119 ev
3171 5062 3409 5132 epistolis

1840 5140 2206 5209 superioribus
2256 5135 2431 5209 colligi
2474 5150 2630 5209 posse
2678 5131 2909 5191 videtur.
2949 5131 3215 5209 Fortassis
3266 5131 3404 5209 idem

1837 5200 1982 5261 anno
2024 5208 2127 5261 799
2152 5207 2275 5274 dum
2320 5200 2443 5259 odia
2474 5200 2541 5259 in
2561 5205 2794 5259 Leonem
2825 5205 2997 5274 niagis
3022 5200 3403 5274 ferverenttiif

1838 5277 1924 5331 luc
1952 5291 2050 5345 pro
2090 5273 2326 5328 dissidiis
2368 5276 2639 5344 sopiendis
2689 5275 2883 5330 iterato
2918 5269 3121 5325 missus
3148 5277 3250 5323 est.
3299 5269 3404 5323 Sed

1838 5346 1958 5391 nnis
2002 5359 2065 5391 ex
2114 5344 2197 5391 his
2233 5344 2579 5391 mnicmntnm
2632 5342 2870 5391 tenebris
2912 5339 3086 5391 lucem
3124 5338 3357 5391 excutiat
3381 5342 3406 5391 ’ἒ

1836 5344 1967 5414 quis
2002 5359 2068 5398 ex
2114 5344 2197 5399 his
2233 5344 2579 5425 :enigmatum
2632 5344 2891 5419 tenebris.
2912 5344 3086 5393 lucem
3124 5344 3357 5394 excutiat
3381 5344 3403 5391 ’ἒ

1908 5415 1935 5454 ιι
1964 5413 2166 5468 Piscosi
2204 5414 2455 5482 ﬂuntinis.
2502 5408 3008 5482 Ligerimlluvrum,
3056 5407 3297 5482 Turonos
3324 5408 3403 5482 al—

1837 5482 2093 5546 luentem,
2143 5475 2240 5537 ab's
2282 5482 2442 5537 dubio
2481 5475 2670 5543 notat;
2724 5480 2789 5533 de
2829 5477 3014 5545 quoin
3056 5475 3279 5546 epistola
3329 5478 3402 5531 9.9

1838 5558 2003 5619 (nunc
2029 5552 2120 5621 5i)
2156 5553 2266 5605 ait:
2315 5550 2547 5621 «Nescio
2573 5549 2638 5602 de
2681 5555 2866 5621 nostro
2891 5546 3101 5610 itinere,
3139 5545 3268 5615 quid
3296 5548 3405 5601 erit

1838 5616 2186 5677 futurutna...
2225 5636 2291 5674 an
2334 5618 2695 5687 Aligcrensem
2746 5616 2961 5687 "mium
3000 5624 3293 5687 revertere,
3340 5625 3405 5687 et

1839 5694 1910 5746 ibi
1958 5691 2226 5758 salmones
2271 5683 2503 5743 natando
2535 5686 2801 5758 colligere.
2838 5705 2856 5737 ι
2894 5686 2959 5739 Et
2996 5686 3049 5758 in
3076 5683 3300 5756 epistola
3330 5685 3400 5742 87

1838 5765 1999 5831 (nilne
2032 5755 2152 5831 I05)
2176 5765 2344 5831 optat,
2383 5765 2447 5831 ut
2489 5756 2720 5831 {Aquila
2747 5755 2934 5830 (Arno)
2966 5755 3195 5813 volasse!
3231 5768 3400 5827 usque

1839 5825 1901 5886 ad
1925 5825 2249 5901 piscationc's
2275 5827 2452 5900 Ligeri
2482 5825 2732 5885 fluminis.
2768 5845 2788 5882 υ
