4400 6432
814 425 906 481 δη

1673 435 1730 486 Β.
1771 435 1831 488 Γ.
1876 436 2096 489 Αιιιιλι
2138 438 2265 492 διέιζ
2306 437 2576 493 Αωιίκι
2614 440 2895 498 ΟΡΕΒιῙΜ
2933 441 3110 497 PARS
3143 442 3180 497 Ι.
3251 445 3259 453 ’

3937 439 4031 497 5η

811 539 992 604 (locu.
1034 555 1130 604 vn,
1182 541 1292 603 58).
1348 543 1400 594 Si
1455 545 1666 595 modum
1712 543 1942 605 excessi,
1983 544 2224 614 ignoscat
2274 544 2364 612 qui
2396 548 2440 603 Λ
2467 544 2630 612 Cujus
2655 547 2848 602 solium
2876 549 3100 617 dissipat
3121 548 3488 616 iniquitatem;
3519 545 3670 616 Cujus
3690 547 3863 603 vultus
3895 563 4031 606 reve-

812 631 997 704 [Forte
1034 633 1133 705 leg.
1181 636 1306 706 quia
1343 635 1602 706 cbaritas]
1636 635 1853 690 modum
1902 651 2009 690 non
2056 638 2235 700 habet,
2285 636 2375 706 qui

813 723 991 779 omnia
1033 725 1280 780 sustinet.
1311 723 1488 777 Trahe
1521 739 1605 776 me
1632 731 1750 793 post
1776 733 1830 777 te
1862 723 2134 792 precibus,
2163 733 2222 777 ut
2257 741 2378 779 cur-

816 827 996 868 ramus
1020 814 1181 870 simul
1209 815 1274 868 ad
1303 815 1544 867 bravittm
1568 827 1812 881 superna:
1840 814 2138 868 vocationis
2161 800 2175 868 ξ
2204 815 2378 869 vi‘rtus

815 901 1028 961 defecit.
1065 904 1168 957 nisi
1199 902 1434 956 fraterna
1466 901 1761 955 consolatio
1791 901 2033 956 sublevet
2067 902 2289 965 lassum,
2321 909 2377 956 et

813 992 986 1062 erigat
1006 990 1296 1060 iacentem.
1329 991 1468 1055 Quid
1493 998 1576 1044 est
1612 988 1751 1058 quod
1789 989 2024 1043 charitas
2054 1004 2158 1044 non
2185 989 2371 1059 possit,

815 1083 940 1135 dum
976 1084 1030 1133 tn
1055 1093 1121 1134 eo
1145 1087 1230 1135 est
1246 1080 1336 1148 qui
1371 1080 1551 1132 omnia
1587 1079 1802 1147 potest?
1824 1077 1941 1131 Noli
1980 1076 2250 1148 negligere
2277 1075 2380 1132 fra-

815 1180 1019 1225 ternam
1049 1171 1294 1223 salutem.
1324 1167 1570 1222 Christus
1605 1169 1838 1237 seipsum
1872 1183 1969 1237 pro
2007 1167 2380 1236 peccatoribus

817 1258 1074 1322 tradidit;
1127 1258 1254 1327 quid
1307 1266 1362 1311 tu
1417 1257 1577 1312 verba
1640 1255 1930 1311 subtrahis.
1965 1255 2374 1317 exhortationis,

816 1350 902 1402 cui
936 1348 1024 1403 ille
1050 1352 1366 1419 sanguinem
1396 1363 1551 1402 suum
1579 1362 1686 1401 non
1711 1345 1967 1412 negavit?
1998 1344 2245 1416 Nunquid
2275 1345 2376 1398 ali-'

810 1455 969 1507 quem
1013 1440 1352 1508 peregrinum
1391 1440 1656 1492 aestimare
1696 1439 1877 1502 debes,
1914 1437 2040 1492 dum
2085 1453 2273 1493 omnes
2324 1438 2376 1491 in

811 1529 1028 1585 Christo
1048 1537 1171 1583 sunt
1202 1529 1388 1589 cives?
1411 1528 1659 1582 Charitas
1682 1541 1940 1596 personas
1943 1541 2082 1609 )ton
2110 1527 2336 1581 miratur
2360 1543 2374 1590 ;

807 1634 991 1676 saccos
1033 1616 1282 1690 pertusas
1315 1634 1417 1672 non
1450 1619 1629 1679 habet,
1666 1631 1765 1671 nec
1812 1624 2100 1685 congregat
2151 1615 2378 1670 densum

807 1711 978 1764 lutum
1017 1723 1181 1777 super
1219 1723 1313 1772 se;
1347 1708 1438 1761 sed
1466 1714 1546 1759 est
1583 1706 1841 1768 modesta,
1879 1705 2130 1772 benigna,
2169 1704 2379 1758 miseri-

805 1813 928 1854 cors
956 1808 1008 1853 et
1035 1798 1276 1853 clemens
1298 1813 1316 1858 ;
1336 1797 1392 1851 in
1427 1811 1532 1865 qua
1555 1804 1606 1849 te
1631 1796 1917 1857 custodiat,
1949 1794 2040 1862 qui
2067 1803 2121 1848 te
2161 1793 2215 1848 in
2237 1793 2377 1848 ovile

2476 639 2705 691 rentiam
2737 647 3020 692 conservat
3053 636 3224 706 usque
3259 637 3324 691 ad
3369 638 3693 704 aequitatem.
3737 637 3870 691 Nam
3902 647 4034 707 quod

2473 727 2600 780 olim
2621 728 2898 797 apostolici
2917 727 3109 805 Patres
3123 727 3235 783 suis
3259 728 3473 796 scriptis
3502 727 3554 780 in
3582 725 4032 784 confirmationem

2476 812 2599 867 fidei
2636 815 2912 870 catholicae
2942 815 3173 870 diversis
3209 816 3392 870 mundi
3430 815 3670 884 partibus
3699 826 4032 888 peregerunt.

2475 900 2578 954 hoc
2599 909 2776 965 vestra
2797 903 3137 958 sanctissima
3159 901 3458 958 sollicitudo
3481 903 3698 972 implere
3717 919 3820 959 non
3841 914 4033 960 cessat.

2546 990 2656 1044 Hoc
2693 991 2937 1046 mirabile
2963 1000 3020 1046 et
3046 992 3280 1061 speciale
3304 993 3361 1047 in
3397 1001 3448 1047 te
3478 994 3690 1062 pietatis
3717 993 3814 1048 Dei
3843 994 4033 1050 donum

2471 1078 2842 1146 pmdicamus,
2870 1079 3015 1149 quod
3049 1087 3198 1134 tanta
3233 1080 3514 1148 devotione
3542 1080 3808 1136 Ecclesias
3840 1079 4033 1138 Christi

2475 1181 2505 1219 a
2541 1165 2867 1235 perfidorum
2899 1168 3159 1224 doctrinis
3188 1169 3507 1223 intrinsecus
3543 1183 3768 1239 purgare
3795 1173 4035 1242 tuerique

2475 1254 2695 1317 niteris,
2743 1263 2944 1324 quanta
2977 1255 3277 1313 forinsecus
3307 1270 3338 1310 a
3376 1259 3675 1313 vastatione
3710 1275 4033 1330 paganorum

2476 1341 2760 1398 defendere
2782 1344 2866 1399 vel
2895 1359 3193 1417 propagare
3239 1345 3470 1400 conaris.
3505 1344 3609 1399 'l‘lis
3627 1347 3832 1403 duobus
3849 1347 4034 1417 gladiis

2477 1361 2760 1398 uetenaere
2782 1361 2866 1399 vet
2895 1361 3193 1487 propjfare
3239 1361 3470 1400 conaris.
3514 1361 3609 1399 ms
3627 1361 3832 1403 uuoous
3849 1361 4034 1417 gtauus

2477 1428 2755 1503 [vestram]
2782 1447 3017 1488 veneran
3088 1449 3141 1488 m
3171 1433 3544 1488 excellentiam
3582 1436 3766 1490 dextra
3807 1436 4037 1508 laevaque

2475 1519 2652 1576 divina
2676 1523 2906 1577 armavit
2925 1531 3180 1592 potestas,
3203 1525 3258 1578 in
3279 1524 3474 1593 quibus
3498 1525 3670 1578 victor
3689 1525 3967 1582 laudabilis
3985 1537 4038 1581 et

2475 1609 2832 1681 triumphator
2860 1612 3124 1683 gloriosus
3152 1613 3358 1668 existis.
3410 1612 3561 1668 Unde
3589 1621 3646 1667 et
3672 1614 3739 1667 ad
3771 1615 4038 1671 interioris

2476 1712 2667 1768 pugna:
2693 1715 2863 1769 genus
2887 1716 3020 1756 mea:
3059 1701 3341 1771 parvitatis
3375 1701 3713 1756 devotionem
3750 1717 4039 1770 provocare

2479 1787 2758 1842 voluistis:
2784 1788 2936 1857 cujus
2967 1789 3279 1844 certaminis
3303 1789 3484 1844 sudori
3512 1790 3740 1846 libenter
3763 1793 4034 1856 succubui,

804 1889 1148 1958 congregavit
1183 1886 1346 1950 illius,
1375 1885 1706 1940 transferens
1734 1886 1800 1938 de
1831 1881 2080 1939 fluctibus
2125 1881 2224 1937 feri
2261 1899 2372 1938 ma-
2403 1871 2451 1930 B
2481 1883 2540 1928 ut
2563 1885 2584 1912 ο
2609 1875 2662 1928 in
2689 1876 2886 1940 libello,
2919 1891 3080 1946 quem
3103 1886 3297 1932 vestra:
3321 1893 3490 1948 nuper
3514 1878 3813 1933 direxeram
3834 1879 4036 1949 pietati,

803 1980 900 2040 ris,
930 1987 988 2030 ut
1011 1992 1160 2031 esses
1190 1977 1346 2038 aries,
1385 1977 1470 2029 cui
1512 1975 1654 2030 nulla
1694 1974 1992 2044 iniquitatis
2019 1983 2257 2042 potestas
2286 1989 2371 2029 re-.

804 2069 994 2122 sistere
1024 2067 1294 2120 valuisset.
1322 2063 1533 2133 Adjnva
1555 2073 1884 2134 precantem,
1915 2072 1976 2117 ut
2001 2063 2180 2117 vincat
2200 2063 2260 2118 in
2283 2077 2371 2131 eo,

808 2158 900 2225 qui
922 2158 1055 2210 vicit
1078 2159 1130 2210 in
1163 2164 1215 2209 te
1240 2153 1399 2221 hujus
1425 2155 1603 2219 steculi
1634 2154 1937 2216 vanitates;
1964 2153 2054 2221 qui
2085 2167 2214 2207 voce
2238 2169 2370 2210 con-

805 2247 1058 2300 solatoria
1096 2246 1208 2299 suis
1233 2246 1370 2298 dixit
1407 2243 1715 2314 discipulis:
1748 2241 1874 2297 lla'c
1898 2241 2101 2296 locutus
2125 2258 2242 2296 sum
2281 2259 2372 2297 tto-

802 2341 896 2402 ltis,
940 2350 994 2392 ut
1032 2338 1086 2392 in
1131 2354 1211 2390 me
1240 2353 1420 2406 putem
1460 2336 1730 2395 habeatis;
1761 2335 1815 2387 in
1847 2333 2043 2387 mundo
2075 2348 2372 2402 pressat-am

806 2429 1082 2490 habebitis,
1125 2426 1213 2479 sed
1245 2425 1510 2492 conﬁdite,
1531 2425 1654 2492 quia
1684 2439 1774 2492 ego
1797 2422 1892 2475 rici
1915 2420 2166 2473 mundum
2189 2418 2370 2488 (Joan.

811 2504 920 2578 xvi,
951 2514 1064 2584 55).
1095 2515 1343 2569 Christus
1376 2513 1467 2566 Dei
1511 2512 1676 2565 Filius
1720 2519 1770 2564 te
1819 2510 2078 2563 victorem
2118 2506 2278 2562 faciat
2320 2517 2376 2562 et

803 2606 1050 2669 exaudiat
1080 2606 1132 2658 in
1156 2606 1300 2659 omni
1326 2619 1503 2673 prece,
1539 2599 1854 2656 charissime
1884 2598 2068 2651 frater.

1343 2727 1368 2755 -
1410 2713 1742 2768 EPISTOLA
1771 2712 1831 2766 c.
1866 2688 1898 2702 "

1308 2800 1373 2839 AD
1409 2799 1622 2838 DOMSUII
1665 2797 1857 2835 REGE”.

1400 2877 1574 2946 (.tnno
1614 2874 1763 2943 800.)

798 2967 988 3023 Carolo
1013 2971 1214 3023 iteratis
1240 2969 1424 3022 litteris
1447 2966 1735 3034 respondet.
1771 2966 1970 3019 Laudat
2000 2965 2259 3035 religionis
2289 2984 2374 3020 ze-

867 3040 999 3102 lum,
1018 3039 1280 3107 pietatem,
1315 3036 1538 3107 regalem
1562 3035 1880 3107 potentiam;
1909 3037 2212 3089 memoriam
2241 3037 2372 3106 facit

864 3113 930 3161 de
954 3104 1266 3184 quibusdam
1292 3104 1486 3159 chartis
1525 3104 1772 3174 computi.

866 3197 1152 3252 Benedicto
1178 3205 1340 3266 atque
1363 3196 1509 3251 omni
1539 3197 1813 3265 sapientia:
1837 3195 2032 3249 decore
2060 3193 2370 3264 praefulgido
2396 3209 2442 3272 ο

797 3285 964 3340 David
990 3286 1120 3356 regi,
1151 3284 1374 3340 Flaccus
1405 3285 1627 3342 Albinus
1654 3287 1704 3339 in
1734 3285 1951 3341 Christo
1979 3284 2224 3339 salutem.

779 3361 784 3365 ’
869 3376 1017 3433 Licet
1068 3377 1312 3448 proxime
1362 3376 1431 3430 ad
1488 3375 1827 3431 clementiam
1874 3384 2108 3431 vestram
2155 3376 2369 3444 gemina

797 3466 992 3534 scripta
1023 3465 1329 3528 direxerim,
1361 3476 1590 3534 quorum
1618 3481 1781 3523 unum
1815 3465 2054 3521 debitum
2089 3464 2370 3518 salutatio—

797 3558 880 3610 nis
901 3556 1147 3628 impleret
1177 3552 1474 3627 [ofﬁcium],
1516 3552 1663 3608 aliud
1687 3551 1974 3622 cujusdam
2012 3552 2370 3621 responsionis

791 3650 912 3716 jura
959 3655 1161 3702 teneret
1192 3665 1206 3700 :
1240 3657 1418 3701 tamen
1465 3644 1759 3700 occasione
1792 3654 1986 3699 vestrae.
2025 3642 2370 3699 beatitudinis

797 3741 1096 3794 litterarum
1122 3745 1362 3807 accepta,
1393 3737 1716 3804 respondere
1737 3743 2023 3803 utrumque
2049 3731 2181 3804 [Αι.,
2203 3733 2367 3788 utris-

793 3846 896 3899 que
914 3874 927 3895 ,
953 3832 1085 3900 forte
1111 3827 1408 3902 utcunque]
1430 3828 1703 3893 convenit,
1725 3843 1860 3896 quas
1885 3826 2086 3881 lumine
2113 3834 2169 3881 et
2195 3826 2370 3880 scien-

795 3921 881 3972 lite
901 3929 954 3973 et
977 3919 1220 3973 veritatis
1239 3918 1578 3986 indagatione
1597 3916 1783 3986 plenas
1803 3923 2123 3973 veneranter
2140 3915 2322 3983 accepi
2349 3931 2365 3978 ;

793 4013 1070 4076 rt‘t‘nagno
1095 4005 1387 4076 gratiarum
1417 4005 1645 4060 actionis
1678 4003 1855 4058 studio
1892 4004 2058 4058 Deum
2095 4002 2363 4066 benedixi,

793 4098 882 4166 qui
911 4097 1108 4150 virtute
1135 4095 1256 4149 lidei
1286 4107 1342 4149 et
1378 4094 1602 4149 rationis
1627 4092 1956 4162 experientia
1982 4099 2172 4147 vestra:
2196 4091 2367 4160 pieta-

794 4190 863 4241 tis
887 4196 1074 4257 pectus
1103 4186 1440 4239 abundanter
1463 4184 1666 4254 implet.
1705 4185 1779 4236 Ita
1799 4188 1862 4238 'ut
1887 4183 1939 4236 in
1967 4197 2034 4237 eo
2056 4181 2368 4252 prmrogati—

795 4295 855 4331 va
881 4275 1229 4332 sacerdotalis
1252 4275 1527 4337 doctrinm,
1557 4273 1844 4329 voluntatis
1870 4273 2061 4344 pietas,
2091 4281 2147 4326 et
2173 4272 2368 4342 regalis

792 4367 1029 4436 potentia
1051 4367 1423 4434 splendescere
1445 4361 1824 4434 comprobetur
1851 4363 2084 4416 maxime
2107 4378 2121 4414 :
2146 4361 2271 4430 quia
2309 4359 2367 4413 ti—

791 4455 885 4508 des
910 4453 1196 4515 catholica,
1227 4469 1346 4522 quae
1373 4443 1572 4521 ubique
1601 4453 1758 4507 debet
1785 4467 1905 4506 esse
1925 4467 2032 4506 una
2059 4459 2116 4506 et
2134 4449 2189 4505 in
2216 4449 2360 4504 nullo

790 4543 1083 4605 dissimilis,
1115 4558 1213 4613 per
1246 4551 1478 4597 vestram
1508 4542 1902 4596 sanctissimam
1929 4541 2357 4603 sollicitudinem,
2392 4551 2442 4612 υ

2392 4589 2440 4612 ¹¹
2464 4591 2678 4661 ρὶθιιιίω
2712 4589 3102 4698 prqulgidutn,
3142 4590 3446 4693 venerando
3470 4597 3680 4661 gestare
3694 4593 3762 4695 .in
3791 4593 3995 4698 vertice
4021 4613 4032 4646 :

794 4635 819 4672 ι»
848 4633 1035 4701 sopitis
1063 4633 1411 4686 schismatum
1445 4632 1739 4696 erroribus,
1778 4629 2056 4700 pradicari
2083 4638 2138 4686 et

790 4723 1138 4792 dignoscitur.
1185 4723 1252 4776 Et
1293 4731 1551 4791 quantum
1601 4722 1750 4790 regni
1792 4722 2030 4792 potentia
2071 4719 2358 4791 praalatus,

792 4817 1000 4863 tantum
1025 4809 1299 4878 sapientiae
1327 4808 1518 4862 decore
1545 4818 1599 4861 et
1626 4815 1823 4862 sancta:
1853 4809 2126 4878 religionis
2153 4807 2362 4861 fervore

789 4901 1040 4956 omnibus
1073 4899 1357 4970 prteeellis.
1396 4899 1543 4954 Felix
1590 4898 1816 4968 populus
1863 4900 1952 4968 qui
1994 4899 2081 4952 tali
2123 4897 2362 4967 principe

788 4989 985 5059 gaudet
1009 5008 1022 5042 :
1050 4989 1208 5062 124
1229 4990 1281 5042 in
1309 4990 1463 5058 cujus
1484 4987 1840 5058 prosperitate
1867 4987 2011 5042 salus
2047 4999 2360 5044 cunctorum

785 5066 1061 5143 consistit;
1081 5078 1133 5131 in
1149 5077 1300 5146 cujus
1311 5078 1580 5132 hilaritate
1598 5078 1836 5132 omnium
1860 5080 2070 5132 animus
2089 5081 2356 5149 gaudebit,

785 5177 843 5220 ut
869 5167 1071 5223 dictum
1091 5175 1176 5222 est
1201 5185 1212 5219 :
1237 5165 1302 5220 In
1321 5165 1583 5220 hilaritate
1605 5169 1737 5236 regis
1765 5169 1865 5220 vita
1893 5167 2072 5235 (Prov.
2106 5185 2215 5235 XVI,
2249 5170 2358 5240 l5).

853 5333 880 5360 ⁸
910 5319 1052 5397 Edit.
1080 5321 1328 5397 ρων-εει.
1365 5322 1446 5384 Η,
1475 5324 1654 5377 (lanis.
1688 5322 1722 5375 ὅ
1750 5321 2000 5392 (Froben.
2040 5326 2130 5397 84)
2166 5325 2355 5384 collata

787 5405 909 5460 cum
1081 5389 1212 5460 Reg.
1247 5391 1367 5444 Vat.

854 5459 1110 5533 trsapitis
1150 5459 1486 5533 schismatum
1531 5460 1811 5533 erroribus.
1864 5459 1987 5533 litec
2033 5462 2356 5533 intelligode

782 5527 1170 5609 sopitanbteresi
1193 5527 1462 5609 Feliciana
1491 5543 1586 5598 per
1613 5529 1896 5586 concilium
1921 5527 2355 5602 Aquisgratiense

787 5594 930 5652 circa
958 5594 1118 5650 tinem
1147 5598 1271 5652 anni
1301 5597 1423 5654 799.
1492 5594 1508 5598 ⁷
1647 5633 1650 5637 -
1985 5594 2002 5601 “
2093 5594 2122 5602 ⁷

907 5664 1205 5756 Ιηᾼίὲἒοέιξε
1233 5666 2190 5756 ιὲξιτῖψξιέιξεὲἑνεεξξιξεςὲίίξςφρ
2220 5687 2354 5756 ιιιμρε

785 5737 926 5806 regis
974 5737 1206 5795 examini
1261 5743 1319 5792 et
1363 5737 1729 5810 approbationi
1778 5737 2029 5804 submisit
2069 5737 2354 5800 linito-illo

787 5806 1008 5859 t-onrilio
1043 5806 1474 5875 .\qttisgranensi.
1513 5807 1626 5860 \‘id.
1651 5805 1929 5875 epistolam
1965 5809 2026 5863 iis
2057 5809 2205 5866 libris
2223 5829 2351 5882 prte-

2471 1965 2689 2033 agnosci
2717 1966 2949 2034 poterit:
2973 1965 3098 2019 licet
3128 1966 3355 2021 necdum
3385 1975 3583 2020 vestrae
3601 1967 3937 2021 auctoritatis
3963 1969 4038 2021 si-

2471 2052 2595 2120 gillo
2615 2054 2862 2108 eumdem
2886 2053 3045 2108 libelli
3083 2062 3322 2109 tenorem
3362 2054 3732 2110 confirmatum
3774 2071 4038 2126 cognove-

2473 2138 2594 2192 rim.
2640 2139 2708 2194 Et
2739 2140 2858 2203 hoc,
2893 2156 3034 2205 reor,
3061 2141 3143 2197 vel
3168 2143 3420 2197 tarditate
3439 2143 3734 2214 portitoris,
3761 2145 3843 2199 vel
3867 2160 4035 2214 angu-

2470 2227 2572 2282 stia
2596 2231 2851 2298 temporis
2872 2240 3078 2299 gestum
3101 2246 3236 2286 esse.
3276 2231 3588 2288 Nullatenus
3608 2233 3762 2288 solita
3786 2234 4037 2290 bonitatis

2471 2326 2662 2373 vestrae
2689 2323 3020 2376 consuetudo
3059 2321 3114 2375 in
3157 2321 3398 2390 pluribus
3443 2322 3546 2377 hoc
3589 2336 3748 2394 agere
3790 2323 4040 2380 litterulis

2475 2417 2702 2469 recusat,
2750 2409 2893 2478 quod
2940 2410 2993 2462 in
3041 2410 3335 2465 rarioribus
3367 2409 3560 2480 sepius
3590 2409 3778 2466 fecisse
3806 2427 4042 2482 comper-

2474 2507 2585 2551 tum
2611 2508 2713 2553 est.

2537 2611 2821 2667 Cbartulas
2843 2627 2973 2667 vero
2995 2613 3363 2668 calculationis
3377 2629 3568 2670 cursus
3583 2613 3803 2682 lunaris,
3823 2623 3905 2672 vet
3929 2618 4036 2673 bis-

2473 2704 2680 2757 sextilis
2698 2703 3122 2773 prmparationis,
3146 2720 3283 2774 quas
3296 2714 3504 2762 nostra;
3527 2708 3792 2763 devotioni
3817 2711 4039 2765 tradidi-

2472 2792 2572 2847 stis
2592 2792 2971 2861 explorandas,
3002 2793 3302 2854 invenimus
3322 2809 3448 2865 erga
3468 2796 3892 2851 mensurationes
3919 2797 4039 2851 dili-

2471 2884 2786 2954 gentissime
2825 2885 3141 2954 exquisitas,
3181 2886 3491 2941 acutissime
3525 2886 3786 2955 inventas,
3816 2890 4038 2944 nobilis-

2473 2973 2608 3027 sime
2629 2972 2883 3040 prolatas.
2928 2972 2995 3026 Et
3014 2973 3155 3041 quod
3179 2987 3299 3027 mea
3325 2973 3451 3027 olim
3477 2974 3690 3031 devotio
3711 2977 3776 3052 de
3798 2979 4037 3034 bissexto

2471 3064 2656 3131 paucis
2682 3063 2953 3118 inchoavit
2973 3063 3308 3131 ratiunculis,
3331 3073 3508 3121 vestra
3529 3052 3869 3138 sagacissima
3889 3069 4039 3123 inda-

2473 3151 2620 3222 gatio
2643 3152 2859 3220 copiose
2879 3152 3181 3222 complevit.
3224 3152 3477 3219 Quamvis
3498 3155 3943 3210 considerandum
3971 3157 4041 3210 sit

2473 3255 2570 3295 cur
2595 3241 2647 3295 in
2673 3241 2993 3310 quibusdam
3022 3242 3315 3307 mensibus,
3345 3243 3412 3297 ad
3439 3243 3651 3297 eosdem
3681 3243 3794 3298 dies
3818 3245 3869 3298 in
3898 3263 4039 3301 anno

2467 3332 2723 3393 secundo,
2762 3331 2921 3384 tertio
2949 3329 3033 3383 vel
3067 3339 3261 3398 quarto
3291 3337 3576 3400 computus
3618 3347 3806 3388 cursus
3848 3334 4042 3388 solaris

2473 3437 2576 3475 non
2617 3421 2968 3490 pervenisset.
3009 3419 3139 3475 Item
3172 3419 3380 3476 facilior
3413 3429 3468 3476 et
3503 3423 3798 3492 expeditior
3837 3423 4043 3480 lunaris

2469 3527 2658 3566 cursus
2695 3510 3002 3580 supputatio
3038 3525 3194 3580 posse
3228 3511 3451 3565 inveniri
3480 3512 3707 3567 videtur.
3751 3513 3900 3568 Licet
3927 3515 4042 3569 btec

2468 3601 2667 3670 optima
2699 3611 2754 3656 et
2778 3601 3088 3656 acutissima
3122 3615 3293 3669 usque
3323 3603 3389 3656 ad
3423 3617 3586 3656 unum
3614 3603 3922 3673 scrupulum
3957 3605 4042 3661 vel

2466 3691 2678 3746 silicum
2713 3689 2820 3763 [ΑΙ.
2850 3688 3141 3762 siliculum]
3172 3691 3420 3758 distincte
3453 3700 3510 3746 et
3533 3702 3686 3748 caute
3713 3709 3932 3752 currere
3959 3696 4041 3750 in.

2468 3780 2749 3854 telligatur.
2793 3779 2971 3834 Direxi
3000 3764 3329 3834 excellenti-.12
3349 3788 3540 3835 vestra:
3560 3789 3764 3836 stamen
3785 3797 4041 3851 quarum-

2466 3873 2590 3927 dam
2612 3871 3049 3941 supputationum
3088 3868 3115 3907 ἀ
3147 3869 3214 3924 de
3251 3869 3380 3924 solis
3413 3869 3655 3938 lunaeque
3689 3885 3787 3939 per
3822 3871 4042 3941 signife-

2467 3976 2584 4014 rum
2633 3957 2942 4015 cursuzeui
2990 3957 3037 4012 si
3081 3958 3246 4012 vestri
3295 3958 3588 4014 acutissimi
3631 3975 3818 4015 sensus
3857 3963 4041 4016 subte-

2465 4064 2622 4118 gtnen
2648 4048 2844 4103 addere
2868 4047 3149 4117 placuerit,
3192 4046 3330 4102 forte
3362 4047 3543 4117 pueris
3567 4047 3813 4118 palatinis
3849 4060 4041 4108 contra

2465 4137 2635 4210 frigus
2658 4137 2938 4207 imperitiae
2963 4136 3176 4206 aliquod
3200 4137 3503 4191 vestimenti
3533 4152 3697 4208 genus
3741 4139 3845 4193 texi
3887 4149 4040 4208 pote-

2465 4231 2570 4294 rit;
2601 4232 2741 4284 sicut
2764 4230 2818 4283 in
2843 4229 3038 4298 prioris
3066 4237 3289 4282 textura:
3309 4241 3392 4282 me
3417 4227 3547 4299 [.ll.,
3577 4228 3727 4300 mete]
3750 4231 3912 4284 etiam
3944 4247 4039 4285 or-

2465 4318 2736 4375 diuatinne
2774 4321 2975 4388 optime
3021 4321 3214 4376 fecisse
3256 4319 3590 4390 protestaris.
3631 4319 3803 4373 Meum
3841 4333 3927 4376 est
3972 4325 4040 4377 de

2463 4418 2621 4465 terra:
2644 4410 2865 4482 gremio,
2905 4410 2988 4464 vel
3021 4411 3191 4481 glebis
3219 4410 3619 4480 pulverulentis,
3652 4411 3768 4465 auri
3802 4411 4038 4468 effodere

2464 4511 2694 4554 atomos.
2737 4500 2989 4555 Vestrum
3037 4508 3121 4554 est
3146 4500 3325 4570 regale
3368 4501 3635 4565 diadema,
3679 4503 3906 4570 gemmis
3950 4520 4039 4557 sa-

2462 4689 2728 4750 quatenus
2766 4680 3043 4736 laudabilis
3078 4681 3316 4750 potentia
3352 4691 3530 4736 vestra
3567 4681 3802 4738 omnium
3846 4681 4040 4739 ﬂoreat

2461 4785 2655 4840 genere
2701 4773 2975 4836 virtutum,
3017 4779 3073 4826 et
3113 4772 3390 4840 multiplici
3433 4772 3744 4826 meritorum
3782 4772 3937 4828 laude
3966 4776 4036 4828 ad

2461 4861 2693 4916 (infestis
2717 4862 2868 4931 regni
2894 4862 3140 4931 gloriam,
3172 4861 3387 4918 Christo
3417 4872 3632 4934 regente
3657 4873 3816 4936 atque
3833 4867 4036 4922 donan-

2461 4957 2537 5014 te,
2566 4951 2847 5020 pervenire
2874 4957 3161 5005 mereatur.

2530 5081 2720 5136 Vivere
2742 5097 2826 5138 me
2846 5083 3006 5137 terris
3025 5084 3114 5137 vix
3139 5084 3228 5138 vix
3249 5085 3379 5138 sinit
3399 5085 3640 5156 improba
3669 5089 3854 5154 febris,

2601 5170 2666 5223 Et
2693 5186 2777 5224 me
2807 5171 3025 5228 eteleste
3050 5173 3311 5227 scandere
3334 5174 3494 5231 vultis
3519 5178 3637 5231 iter.

2458 5327 2622 5398 ﬁxam
2649 5333 2702 5379 et
2731 5335 2971 5398 nostram
3001 5327 3225 5382 Dissert.
3263 5331 3330 5385 de
3355 5327 3555 5398 Haeresi
3582 5326 4025 5398 Adoptianorum.

2525 5393 3604 5482 έ,ἔέέ,-είξίί³,,¹.ιξξιιξηαε.ηεῖιείςνείῖετυνη
3642 5393 3836 5482 θοάζεις,
3872 5401 4027 5482 92m!

2457 5463 2710 5537 {ticuinus
2738 5463 2803 5517 de
2833 5464 2961 5519 solis
2982 5463 3079 5537 per
3104 5463 3416 5537 signiferum
3439 5463 3603 5537 cursu
3630 5468 3864 5537 scripsit,
3893 5463 4025 5537 illud

2455 5531 2701 5586 fortassis
2729 5540 2832 5607 est,
2857 5531 2997 5607 quod
3035 5531 3262 5589 habetur
3286 5550 3446 5607 supra
3473 5536 3522 5590 in
3554 5543 3709 5607 epist.
3734 5531 3823 5593 85.
3854 5531 4027 5593 Char-

2456 5611 2566 5655 tam
2595 5617 2722 5658 vero
2747 5602 2903 5672 illam
2932 5603 2986 5659 in
3019 5618 3124 5672 qua
3157 5602 3561 5672 supputationes
3585 5602 3669 5660 'de
3698 5605 3836 5664 laute
3859 5622 4023 5663 cursu

2453 5685 2549 5746 per
2586 5671 2796 5744 singula
2823 5673 2973 5746 signa
3002 5671 3384 5746 cantinentur,‘
3400 5674 3469 5730 ad
3495 5674 3874 5746 epistolaij
3897 5690 4025 5746 per-

2454 5740 2626 5814 tinere
2667 5740 3052 5814 exuuiasque
3093 5743 3493 5814 comparatione
3527 5740 3733 5814 liquet:
3763 5740 4018 5814 Eandem

2455 5756 2626 5798 tmere
2667 5756 3052 5820 evuu'tusque
3093 5756 3493 5866 cmparattono
3540 5756 3724 5814 liquet.
3764 5756 4009 5820 eamdem

2455 5811 2696 5865 chartam
2745 5819 2885 5864 Inter
2919 5808 3178 5878 Opuscula
3254 5812 3577 5881 hilnsophica
3606 5812 3666 5867 Τ.
3693 5809 3734 5866 ll
3759 5809 4009 5883 mperics.
