4400 6396
740 358 855 423 3M-

1616 355 2053 449 ιιειξέλιμιῃᾶι
2082 355 2211 412 sm;
2253 353 2529 412 .\l.C.lJlNl
2564 352 2846 411 orrum
2886 354 3064 410 PARS
3098 354 3137 408 ι.
3202 320 3207 327 ’

3896 353 4020 410 516

740 486 1026 535 noraretur
1054 475 1265 536 litteris,
1287 490 1406 543 quat
1426 480 1605 527 vestro
2343 472 2392 530 Α
2419 467 2647 537 placeat,
2682 468 2917 537 impleat.
2946 466 3085 534 Quid
3107 475 3189 521 est
3213 465 3483 530 saeculum,
3524 467 3627 521 nisi
3657 466 3909 532 miseria,
3956 479 4022 522 et

741 570 1004 641 pervenit.
1031 567 1096 621 Et
1119 567 1163 620 si
1190 566 1368 619 minus
1386 564 1517 633 quid
1535 543 2315 644 exemplorum

754 659 892 719 ναι..
945 654 1202 725 habeant]
1249 654 1519 725 pranlicue
1554 638 1792 720 species,
1814 647 1845 690 ’ά
1878 638 2115 729 Beselecl
2143 639 2323 703 vester

744 751 851 803 into
878 758 931 803 et
955 756 1137 803 noster
1162 746 1443 800 familiaris
1469 744 1698 813 adiutor,
1732 743 1799 797 de
1818 741 2057 810 paternis
2080 741 2321 814 versibus

740 853 1009 908 apponere
1038 838 1274 907 poterit:
1313 852 1410 890 nec
1443 850 1550 890 non
1588 834 1965 902 et‘lignrartttn
1993 830 2228 885 rationes
2266 830 2319 883 itt

743 930 920 983 libello
983 927 1338 981 arithmetica:
1400 923 1694 993 disciplitne
1753 921 2097 976 considerare
2157 918 2317 972 valet.

744 1018 771 1057 ι’
792 1017 1115 1071 Punctormn
1146 1031 1274 1068 vero
1302 1013 1673 1067 distinctiones
1702 1011 1786 1065 vel
1823 1010 2318 1073 sululistinctiones,

742 1109 866 1161 licet
903 1118 1155 1161 ornatum
1204 1102 1868 1172 faciantpulcherrimum
1914 1100 1970 1153 in
2017 1099 2319 1162 sententiis,

740 1209 920 1253 tamen
949 1214 1080 1253 usus
1110 1197 1320 1250 illorutn
1350 1204 1569 1264 propter
1598 1192 1954 1247 rusticitatem
1978 1204 2116 1258 pene
2142 1204 2321 1244 reces-

737 1290 809 1343 sit
836 1305 863 1341 a
901 1288 1270 1356 scriptoribus.
1301 1286 1406 1339 Sed
1433 1285 1572 1337 sicut
1595 1282 1762 1336 totius
1785 1279 2067 1349 sapientia:
2086 1280 2250 1334 decus
2268 1286 2324 1332 et

738 1378 993 1432 salutaris
1022 1376 1176 1448 [(ἱοά.
1232 1372 1372 1438 l'at.,
1414 1370 1715 1442 saecularis]
1742 1369 2067 1438 eruditionis
2098 1377 2323 1423 ornatus

738 1485 835 1539 per
884 1479 1073 1525 vestite
1120 1466 1413 1522 nobilitatis
1462 1462 1778 1518 industriant
1818 1454 2083 1540 renovari
2111 1459 2317 1541 incipit,

739 1562 811 1613 ita
841 1570 896 1614 et
944 1560 1135 1613 horum
1177 1573 1306 1612 usus
1344 1557 1397 1610 itt
1424 1555 1670 1610 manibus
1707 1551 2057 1611 scribentium
2089 1549 2323 1605 redinte-

643 1702 651 1711 .
737 1654 974 1722 [trandus
1015 1666 1135 1705 esse
1174 1651 1374 1721 optime
1417 1648 1650 1702 videtur.
1698 1646 1812 1715 Ego
1843 1646 2044 1723 itaque,
2075 1642 2201 1700 licet
2228 1657 2323 1711 pa-

652 1724 661 1732 .
738 1759 856 1796 runt
886 1742 1208 1811 proficiens,
1259 1755 1381 1795 cum
1411 1738 1680 1792 Turonica
1726 1736 1967 1804 quotidie
2010 1746 2189 1801 pugno
2231 1748 2321 1785 ru-

2418 556 2562 611 velut
2597 559 2788 612 umbra
2835 557 3014 627 fugax,
3038 565 3093 612 et
3113 556 3369 611 seducens
3393 555 3719 613 delectatio?
3752 555 4021 613 Festiw

2418 662 2539 701 ntus
2578 656 2691 701 tota
2716 647 2910 701 mentis
2934 647 3230 701 intentione
3258 646 3325 700 ad
3370 646 3513 701 illam
3544 647 3805 717 requiem,
3834 663 4017 717 quam

2418 737 2598 791 nullus
2626 736 2779 789 dolor
2808 736 3107 804 perturbat.
3128 734 3497 790 Ascendantus
3516 749 3616 805 per
3640 739 3846 805 gradus
3868 738 4020 793 cha—

2419 826 2600 882 ritatis
2618 826 2685 880 ad
2720 811 2866 880 illam
2892 826 3186 897 civitatem,
3213 827 3267 880 itt
3298 842 3403 895 qua
3446 827 3587 883 Deus
3613 829 3762 884 solus
3786 845 3889 885 rex
3922 846 4018 885 re-

2418 925 2548 987 gnat
2570 916 2622 969 in
2648 923 2929 991 :eternutn.
2956 914 3013 970 ln
3032 930 3139 984 qua
3165 923 3278 991 tota
3307 916 3582 973 beatitudo
3608 917 3729 972 sine
3763 916 3878 972 ulla
3901 918 4017 972 mi-

2419 1006 2560 1061 seria
2586 1004 2731 1075 viget
2750 1014 2807 1060 et
2831 990 2989 1060 valet.
3021 1005 3091 1062 Ut
3112 1006 3181 1060 ad
3204 988 3349 1060 illam
3371 1007 3654 1076 pervenire
3666 1023 4011 1069 mereantur.

2418 1099 2606 1153 eodem
2628 1100 2922 1154 auxiliante
2951 1115 3098 1171 rege.
3145 1114 3245 1156 nos
3282 1091 3511 1155 invicem
3542 1099 3925 1161 exbortemur,
3950 1105 4013 1152 et

2420 1191 2657 1246 velocior
2712 1191 2998 1246 cltaritatis
3040 1206 3208 1263 cursu
3268 1192 3562 1246 tardiorem
3611 1188 4012 1245 admonitionis

2420 1280 2705 1335 sedulitate
2732 1282 2932 1335 trahat.
2971 1281 3051 1337 Tu
3072 1295 3246 1335 meam
3264 1281 3501 1342 fraterna
3516 1280 3797 1352 diligentia
3822 1295 4013 1335 socor-

2420 1371 2562 1424 diam
2596 1371 2834 1438 castiga;
2868 1370 2950 1424 vel
2984 1378 3096 1445 μω
3121 1371 3423 1426 sanctitatis
3448 1371 3701 1441 precibus
3724 1367 4009 1436 jacentem

2405 1463 2614 1524 .releva,
2645 1472 2705 1517 ut
2728 1462 2978 1516 fraterna:
3005 1462 3242 1516 dexterae
3272 1463 3469 1517 ducatu
3508 1470 3617 1516 non
3655 1460 3924 1513 lasseseat
3951 1458 4007 1512 in

2422 1552 2507 1605 via
2534 1551 2796 1614 veritatis,
2828 1550 2921 1621 qui
2970 1551 3246 1606 bucusuue
3291 1550 3345 1605 in
3385 1549 3566 1606 oraculi
3605 1563 3665 1603 se
3689 1547 4010 1603 revolvebat

2421 1656 2597 1696 C(BIIO.

2474 1734 2517 1783 Δ
2561 1734 2793 1789 Veniens
2818 1733 3098 1788 veniebam
3131 1733 3199 1787 ad
3221 1733 3392 1788 sancti
3427 1729 3656 1786 Amandi
3677 1729 4011 1799 protectoris

736 1795 987 1885 stin-italae.
1045 1833 1232 1884 Vestra
1281 1843 1411 1882 vero
1440 1826 1737 1881 auctoritas
1772 1822 2054 1894 palatinos
2107 1821 2319 1876 erudiat
2349 1795 2395 1854 Β
2418 1808 2592 1877 nostri
2640 1821 2981 1876 dttlcissimas
3013 1822 3360 1886 mansiones,
3400 1835 3647 1891 quaerens
3699 1827 4007 1875 amatorem

738 1938 968 1992 pueros.
1012 1931 1071 1976 ut
1110 1919 1506 1990 elegantissime
1550 1916 1827 1988 proferant
1867 1913 2125 1985 quidquid
2153 1912 2351 1965 vestri-

736 1990 928 2065 settsus
953 2010 1284 2065 lucidissima
1323 2008 1604 2063 dictaverit
1636 2005 1945 2074 eloquentia
1974 2017 1990 2056 :
2036 2010 2095 2055 ιιι
2121 2001 2319 2069 ubique

737 2101 930 2170 regalis
976 2100 1169 2171 [Edit.,
1222 2097 1442 2168 regulis]
1494 2098 1724 2151 nominis
1771 2096 1959 2150 charta
2002 2095 2327 2164 decurrens,

735 2190 930 2258 regalis
959 2189 1235 2259 sapientia-
1267 2189 1601 2243 nobilitatem
1621 2186 1890 2241 ostendat.

807 2305 1019 2359 Floreat
1038 2301 1254 2369 attentis
1295 2310 1470 2353 lt‘t'lllll
1501 2299 1761 2370 sapientia
1799 2298 1972 2357 donis.

848 2404 851 2407 '
881 2395 947 2449 ιῖι
979 2396 1072 2448 tibi
1098 2402 1414 2465 permaneat
1440 2393 1575 2453 laus,
1611 2393 1803 2453 honor,
1835 2388 2139 2459 itnpcritutt.

803 2485 946 2550 Quot
967 2484 1168 2538 habeas
1198 2484 1398 2553 apices,
1429 2490 1662 2547 sanctas,
1707 2496 1826 2532 mea
1856 2479 2064 2542 cltarta,
2094 2479 2293 2534 salutes

882 2572 1056 2627 Dicito
1078 2582 1153 2628 tot
1180 2572 1322 2626 dulci
1353 2572 1518 2627 David
1545 2586 1730 2626 amore
1753 2557 1895 2626 tneo.

1254 2715 1274 2743 ι·
1318 2703 1645 2758 EI‘ISTOLA
1687 2703 1801 2797 ιιιιὶ

1336 2810 1404 2847 ΔΙ)
1442 2808 1710 2848 Μικοκειι.

1174 2953 1187 2968 ,.
1261 2972 1265 2975 _
1361 2908 1538 2978 (Anno
1555 2905 1704 2977 800.)

736 3017 1005 3073 Strrnlunt
1024 3020 1455 3073 cotuentnendmn
1471 3062 1485 3083 ,
1515 3020 1584 3073 ad
1602 3030 1797 3074 attenta
1819 3019 2129 3072 tendendum
2146 3020 2313 3071 docet.

775 3121 779 3125 -
805 3087 1028 3146 Venisse
1048 3089 1194 3141 se'ad
1236 3091 1530 3142 mansiones
1562 3089 1623 3143 S.
1654 3089 1903 3152 Amandi,
1930 3090 2025 3149 ait,
2056 3090 2313 3140 .lrnoncm

775 3198 778 3202 λ
805 3159 1070 3222 in‘visnrns
1086 3169 1116 3222 ;'
1134 3173 1285 3227 qnent
1315 3167 1489 3211 tamen
1519 3157 1656 3212 dolet
1684 3159 1756 3211 ibi
1787 3176 1888 3212 non
1921 3158 2187 3227 reperisse.

808 3242 1139 3332 Cltarissinto
1172 3283 1427 3338 gertttano
1457 3282 1577 3345 meo
1612 3267 1817 3337 Aquilae
1845 3268 2071 3323 antistiti
2096 3268 2322 3324 Albinus

729 3360 987 3413 salutent.
1978 3355 1982 3360 ’

784 3451 871 3503 'Si
922 3438 1071 3505 tnilti
1106 3453 1323 3520 gerulus
1358 3463 1542 3523 gratus
1583 3454 1942 3517 occurrisset,
1968 3452 2187 3537 sepius
2217 3462 2321 3505 tum
2390 3470 2393 3473 ·

734 3540 1073 3608 scripsissem
1123 3542 1439 3607 dilectioni,
1496 3552 1554 3597 ttt
1608 3542 1804 3598 litteris
1856 3542 2131 3612 implerem
2179 3541 2320 3610 quod

738 3630 917 3684 verbis
944 3647 1048 3684 non
1073 3632 1239 3699 potui,
1297 3641 1353 3685 et
1406 3633 1689 3688 charitatis
1739 3632 2320 3701 duleedinem,lingtta

736 3712 975 3786 tacente,
1000 3723 1180 3790 apices
1204 3732 1587 3797 monstrarent.
1618 3723 1730 3780 lloc
1753 3724 1898 3779 dedit
1920 3725 2061 3778 Dctts
2088 3723 2323 3778 absenti-

738 3811 839 3863 bus
866 3809 919 3863 itt
946 3805 1302 3874 sdlatimtt‘,‘.nt
1332 3798 1429 3882 per
1464 3812 1679 3885 chartas
1717 3814 1859 3882 loqui
1906 3813 2223 3883 potuissent,
2267 3802 2323 3867 et

742 3900 1046 3955 necessaria
1101 3902 1344 3970 proferre
1380 3903 1435 3957 itt
1487 3919 1584 3959 cor
1633 3904 1905 3957 alterius:
1952 3904 2077 3963 dum
2109 3904 2322 3956 animus

740 3990 892 4058 gravi
927 3990 1167 4044 carcere
1192 3993 1437 4061 corporis
1489 3993 1911 4062 circumseptus,
1963 4008 2076 4071 stne
2116 4002 2323 4047 natium

737 4080 1078 4135 velocitatem
1101 4084 1372 4155 explicare
1398 4099 1503 4139 non
1531 4084 1705 4149 valet;
1739 4083 1941 4150 indices
1976 4093 2154 4139 tamen
2182 4084 2324 4139 litte-

741 4189 833 4227 ras
862 4173 1132 4228 fraternus
1170 4182 1326 4230 amor
1370 4172 1472 4230 sibi
1527 4185 1713 4231 mutuo
1758 4172 2035 4245 dirigeret.
2080 4175 2218 4241 Qttid
2257 4175 2321 4230 de

743 4263 911 4328 gloria
934 4272 1245 4318 sanctorum
1268 4266 1553 4320 dicendum
1594 4266 1786 4336 putas?
1809 4267 1897 4319 ubi
1925 4266 2068 4319 ttulla
2098 4266 2323 4320 tarditas

742 4353 970 4406 sat-time
998 4355 1293 4422 corporalis
1322 4354 1421 4423 pi:e
1449 4355 1707 4412 voluntati
1735 4357 1968 4418 obsistit,
1994 4355 2145 4424 quin,
2180 4357 2322 4425 quod

822 4506 978 4577 127
1005 4508 1032 4546 'I
1062 4505 1307 4561 Beselcel.
1343 4506 1451 4562 Iloe
1479 4522 1671 4561 nomen
1698 4506 2024 4569 adseititiutn
2051 4516 2133 4562 est
2164 4522 2193 4559 a
2222 4505 2321 4562 Be—

744 4577 943 4629 seleele
990 4577 1425 4647 architectonica-
1480 4577 1829 4646 peritissimo,
1876 4593 2036 4647 quem
2118 4577 2327 4647 Moyses

745 4646 1111 4718 mittstruendg
1169 4646 1527 4718 talterttarulo
1566 4647 1784 4718 hederis
1840 4646 2078 4715 praefecit
2116 4646 2321 4717 (Ea-od.

748 4715 1135 4785 “3,5637,
1154 4719 1313 4785 etin).
1347 4716 1445 4769 llic
1470 4714 1598 4771 vero
1636 4714 1910 4780 indigitari
1958 4714 2169 4771 videtur
2205 4718 2327 4785 ligi-

750 4782 991 4855 nltardus
1011 4783 1187 4855 Caroli
1214 4784 1385 4852 Magni
1404 4787 1647 4855 notarius
1676 4794 1731 4855 et
1744 4785 1877 4837 Vita!
1906 4785 2039 4855 illius
2069 4782 2325 4855 Scriptor.

745 4852 844 4923 qui
873 4853 951 4906 rei
980 4853 1215 4907 :edilitize
1246 4856 1296 4907 itt
1353 4853 1500 4923 regio
1538 4854 1736 4921 palatio
1792 4853 2076 4923 praefectus
2122 4852 2243 4919 fuit,
2273 4865 2329 4911 et

790 4931 1034 4991 roptcrea
1055 4938 1085 4975 a
1112 4923 1405 4981 Walafrido
1442 4924 1709 4979 Strabone
1759 4925 1921 4977 etiam
1955 4938 2145 4976 nomen
2172 4925 2330 4978 llcse-

771 4992 903 5063 eelis
930 4992 1053 5045 tulit
1078 4992 1131 5044 in
1159 4997 1415 5052 carmine,
1460 4995 1604 5063 quod
1638 4995 1703 5047 de
1728 4991 1918 5048 eodem
1951 4993 2209 5047 Einltarto
2232 5010 2326 5048 seu

753 5060 1060 5129 Egittltardo
1083 5063 1320 5131 scripsit,
1353 5065 1421 5118 ibi
1451 5079 1465 5115 :

877 5173 981 5223 Nec
1003 5177 1159 5223 minor
1180 5182 1255 5224 est
1280 5178 1439 5233 tnagni
1465 5178 1746 5224 reverentia
1774 5173 1931 5223 Patris
1954 5174 2174 5226 habenda

877 5234 1109 5298 Beseleel
1134 5237 1269 5285 labre
1292 5249 1497 5294 prtnttttn
1522 5240 1603 5295 qui
1624 5239 1829 5298 percipit
1847 5248 1993 5286 omne

880 5297 1129 5343 Artillcunt
1156 5307 1428 5359 pra-cautus
1444 5310 1581 5358 opus.

828 5401 854 5437 ι’
901 5398 1224 5471 Punctorum
1250 5403 1627 5455 distinctiones.
1662 5401 1948 5457 Alt-uinum
1991 5402 2212 5471 quidam
2235 5419 2329 5456 att-

755 5479 960 5523 ctoretn
984 5468 1170 5523 dicunt
1193 5482 1532 5538 punctortntt,
1567 5480 1838 5539 comatum
1871 5468 2208 5539 aliarumque
2234 5489 2330 5526 no-

757 5547 932 5608 tat-tun
954 5553 1053 5607 pro
1092 5539 1478 5608 distinguendis
1518 5542 1571 5595 itt
1607 5541 1893 5596 St‘l‘lbt‘tldt)
1915 5544 2216 5597 sententiis.
2253 5543 2326 5595 l-Iv

761 5607 849 5660 hut
894 5606 1009 5663 loco
1045 5620 1193 5678 patet
1234 5606 1355 5663 eum
1401 5611 1517 5664 illas
1544 5620 1700 5664 notas
1754 5612 1841 5663 diu
1879 5611 2147 5680 neglectas
2178 5628 2328 5666 revo—

756 5690 886 5749 care.
913 5685 1167 5751 tentasse.
1206 5690 1259 5733 et
1290 5691 1569 5751 propterea
1595 5681 1697 5734 sibi
1728 5696 1843 5732 cmn
1878 5679 2131 5735 Turonim
2165 5684 2325 5736 rusti-

760 5755 917 5799 cnatc
966 5750 1203 5815 quotidie
1226 5750 1563 5820 pugnandun‘t
1597 5751 1779 5804 t‘tti~.~o-.
2062 5760 2063 5763 ‘

2352 4474 2403 4533 D

2416 1927 2623 1977 meum,
2661 1920 2720 1966 ut
2746 1910 2862 1979 ejus
2885 1912 3196 1968 dulcissimo
3221 1912 3458 1981 alloquio
3486 1910 3869 1980 refrigeraverit
3888 1909 4010 1964 aui-

2418 2020 2561 2058 mam
2619 2018 2817 2059 meam.
2848 2004 2957 2063 Sed
2989 2004 3115 2074 quia
3174 2003 3401 2058 necdum
3431 2003 3497 2057 dc
3540 2001 3667 2056 nido
3708 1998 4008 2054 Juvavensi

2418 2092 2572 2165 [Cod.
2608 2091 2750 2157 Sal.,
2808 2090 3135 2163 Juuovense]
3184 2093 3302 2147 avis
3342 2100 3526 2160 optata
3556 2089 3826 2152 evolavit,
3880 2089 4007 2143 misi

2417 2183 2558 2236 hanc
2577 2181 2944 2235 invitatoriam
2967 2181 3044 2234 illi
3057 2173 3381 2245 chartulam,
3404 2186 3465 2233 ttt
3481 2186 3724 2233 nostram
3742 2190 4009 2245 agnosce-

2416 2280 2500 2325 ret
2542 2272 2981 2340 prosperitatem,
3032 2269 3114 2323 vel
3141 2284 3292 2324 suam
3326 2268 3480 2324 nobis
3516 2266 3864 2336 prmsentiam
3911 2267 4009 2321 dc-

2417 2368 2750 2414 monstraret
2799 2358 2993 2429 [Edit.,
3019 2354 3370 2429 designaret].
3422 2356 3623 2412 Fidelis
3673 2357 3885 2411 anticus
3913 2356 4007 2411 diu

2417 2450 2698 2519 quaeritur,
2728 2449 2817 2502 vix
2844 2449 3133 2509 invenitur,
3160 2446 3376 2502 dillicile
3405 2455 3678 2509 senatur;
3705 2444 3864 2512 cujus
3888 2445 4010 2500 dul-

2417 2541 2549 2595 cedo
2565 2554 2755 2595 omnes
2783 2538 2961 2594 saeculi
2988 2534 3606 2612 superatjueunditates.
3635 2533 3776 2600 Quid
3798 2534 4010 2589 divitia:

2416 2633 2534 2688 sine
2558 2631 2784 2688 amicis?
2815 2631 3026 2687 Avarus
3055 2644 3247 2685 aurum
3267 2628 3455 2700 quaerit
3485 2642 3501 2682 :
3531 2627 3599 2683 Et
3616 2626 3749 2697 quid
3770 2626 3825 2681 in
3846 2641 4003 2686 auro,

2346 2769 2349 2772 ι
2416 2724 2521 2778 ttisi
2550 2724 2758 2793 species
2785 2724 2955 2777 vana?
2977 2723 3165 2779 Nonne
3184 2737 3323 2777 unus
3350 2721 3506 2791 panis
3519 2717 3779 2775 esurienti
3806 2716 4007 2771 melior

2419 2825 2522 2880 est,
2546 2830 2708 2885 quam
2736 2831 2892 2870 mons
2917 2815 3146 2869 aureus?
3172 2815 3377 2869 Aurum
3401 2812 3655 2881 prodesse
3677 2817 3858 2881 potest
3878 2810 4011 2864 dan-

2420 2908 2496 2970 ti,
2527 2922 2632 2961 non
2662 2905 2979 2975 possidenti.
3016 2906 3140 2959 Ideo
3186 2904 3377 2959 demus
3400 2902 3616 2957 divitias
3644 2900 4004 2971 inprzesenti,

2417 3006 2475 3051 ut
2513 2998 2567 3050 itt
2608 2996 2790 3050 futuro
2847 2995 3216 3064 possideantus
3267 2993 3405 3047 illas.
3445 2992 3581 3046 Nam
3608 2990 3860 3060 pauperis
3889 3004 4006 3041 ma-

2420 3105 2521 3144 tttts
2549 3086 2991 3158 gazopltylaciuttt
3021 3096 3105 3141 est
3128 3086 3351 3141 Christi.
3383 3084 3571 3138 Nullus
3591 3080 3786 3136 melior
3815 3091 4007 3134 custos

2418 3180 2731 3237 divitiarum
2794 3189 2881 3234 est
2942 3194 3105 3248 quant
3165 3179 3432 3233 Christus.
3486 3174 3867 3229 Proﬁcientcnt
3907 3181 3961 3226 te
3987 3214 4005 3235 ,

2419 3273 2735 3327 citarissitnc
2756 3270 2943 3332 frater,
2961 3269 3142 3322 divitta
3154 3267 3445 3322 auxiliatur
3457 3265 3632 3337 gratia
3646 3265 3699 3319 itt
3713 3274 4002 3319 :eternunt.

2831 3381 2992 3451 128
3030 3391 3053 3419 ο
3093 3379 3424 3435 ΕΡΙδΪΟΙΛ
3462 3378 3591 3462 Clll.

3032 3467 3098 3505 ΑΙ)
3136 3464 3404 3505 .NtSOSEII.

3050 3520 3228 3591 (Anno
3247 3518 3397 3588 800.)

2422 3610 2506 3665 Ea:
2522 3612 2709 3664 litteris
2730 3612 2794 3663 ab
2820 3610 2860 3663 Α
2871 3625 3031 3678 mone
3050 3610 3271 3678 acceptis
3295 3607 3440 3663 illius
3460 3607 3713 3678 reditum;
3737 3605 3868 3660 nihil
3885 3623 4004 3660 rem

2489 3681 2554 3734 de
2577 3680 2692 3735 nari
2718 3679 2894 3751 populi
2921 3677 3338 3751 Clrristiartitate,
3364 3677 3496 3751 ιιἱῂρΙ
3511 3677 3754 3751 deipsins
3776 3692 4005 3751 commo—

2493 3746 2727 3813 ratione,
2758 3746 2887 3804 nihil
2928 3748 2994 3802 de
3028 3765 3117 3819 spe
3159 3750 3330 3802 mutui
3361 3746 3625 3819 colloquii,
3660 3746 3798 3816 quod
3827 3754 4001 3797 tamen

2491 3820 2639 3893 rulde
2661 3825 2891 3889 exoptat,
2916 3819 3156 3889 percipit.

2496 3908 2851 3964 Sanetissimo
2869 3906 3111 3988 pontiﬁci
3131 3916 3189 3963 et
3210 3907 3524 3963 dulcissimo
3544 3905 3656 3962 lilio
3677 3904 3882 3975 Aquila:
3904 3904 3996 3957 AI-

2423 3999 2582 4053 binus
2607 3998 2857 4053 salutem.
3049 4065 3057 4070 _

2495 4087 2856 4141 Suavissintas
2882 4085 3188 4142 dilectionis
3222 4094 3416 4142 vestrae
3451 4087 3634 4156 accepi
3679 4086 3908 4147 littoras,
3946 4093 3998 4137 et

2423 4176 2576 4231 latttts
2601 4178 2667 4232 de
2687 4177 2960 4247 agnitione
2983 4179 3361 4248 prosperitatis
3386 4187 3441 4233 et
3462 4177 3786 4234 reversionis
3809 4185 3997 4231 vestite.

2424 4267 2665 4337 l:gebam
2690 4281 2820 4327 cas;
2872 4278 3193 4336 exspectans
3217 4268 3346 4337 quid
3375 4267 3479 4322 illa:
3508 4267 3637 4321 mihi
3692 4268 3998 4320 nuntiarent

2430 4357 2446 4396 ¹
2477 4360 2542 4411 de
2564 4356 2754 4412 novelli
2777 4357 2953 4425 populi
2984 4358 3404 4417 Christianitate,
3436 4367 3493 4412 et
3518 4358 3584 4411 de
3613 4372 3791 4411 rerum
3813 4358 3885 4411 ibi
3912 4373 3998 4428 ge.-

2498 4515 2519 4542 ι·
2563 4503 2704 4558 Edit.
2735 4504 3107 4572 Quercct.66,
3158 4506 3353 4562 collata
3406 4524 3528 4564 cum
3579 4506 3789 4562 duobus
3841 4508 3995 4562 codd.

2427 4590 2557 4651 mss.
2574 4575 2788 4651 _$alisb.
2813 4573 3066 4651 (Froben.
3095 4577 3255 4651 epist.
3294 4577 3436 4651 tog).

2494 4643 2522 4684 ἀ
2574 4643 2792 4699 Veniens
2822 4643 3433 4703 renicbant."llansizius
3474 4652 3660 4701 censet
3702 4644 3991 4708 Arnonem,

2428 4730 2569 4768 anno
2595 4713 2698 4768 799
2724 4729 2756 4768 e
2784 4714 3062 4769 Pannonia
3098 4732 3374 4772 reversum
3399 4754 3415 4777 .
3454 4715 3739 4771 consilium
3772 4715 3995 4784 erepisse

2428 4783 2495 4838 ad
2521 4785 2909 4839 monasterium
2935 4785 3240 4841 Elnonense
3267 4783 3325 4841 S.
3355 4785 3582 4841 Amandi
3616 4783 3899 4851 invisendi,
3921 4785 3995 4841 id-

2427 4867 2532 4928 que.
2554 4861 2709 4905 antea
2739 4868 2836 4922 per
2864 4852 3075 4928 litteras
3093 4854 3319 4928 Aletrino
3340 4854 3688 4928 signiﬁcasse,
3715 4855 3857 4924 quod
3892 4856 4009 4928 col-'

2428 4921 2518 4995 ligi
2542 4931 2883 4995 posseqputat
2917 4924 3002 4995 vir
3028 4923 3362 4982 clarissimus
3386 4921 3451 4981 cx
3479 4925 3704 4995 epistula
3731 4921 3989 4995 sequenti.

2429 4992 2687 5063 Alcuit‘tus
2707 4993 2909 5062 itaque,
2934 4994 3032 5058 ait,
3052 4995 3351 5063 se'interea
3367 4996 3436 5050 ad
3460 4992 3842 5050 monasterium
3871 4993 3992 5048 illud

2428 5060 2694 5126 contulit;
2733 5060 2951 5132 etquod
3003 5060 3077 5118 ibi
3106 5066 3381 5122 Arnonem
3419 5066 3653 5120 nondum
3704 5072 3988 5132 repererat.

2427 5132 2675 5203 eumdem
2718 5131 2838 5202 per
2864 5134 3003 5189 hanc
3054 5135 3337 5203 epistolam
3398 5151 3585 5203 rursus
3641 5131 3987 5203 compellavit-

2430 5201 2543 5269 Ego
2571 5216 2709 5273 vero
2722 5201 3013 5270 utramque
3053 5201 3333 5273 epistolam
3364 5206 3431 5260 ad
3457 5201 3654 5257 annum
3703 5201 3809 5273 800
3836 5205 3991 5273 perti-

2430 5284 2581 5334 nere,
2614 5277 2668 5323 et
2697 5271 2856 5332 hanc,
2908 5271 3196 5341 antequam
3224 5275 3372 5331 Arno
3401 5273 3713 5342 Salislturgo
3742 5271 3991 5330 discesse-

2432 5346 2515 5417 rat
2544 5354 2559 5402 ;
2608 5349 2948 5417 sequentem.
2976 5356 3134 5417 vero,
3161 5345 3289 5399 dum
3325 5345 3381 5417 is
3422 5342 3535 5411 jam
3565 5343 3617 5398 itt
3666 5344 3988 5417 monasterio

2432 5408 2718 5463 Elnoncttsi
2756 5411 3063 5476 advenerat,
3103 5415 3284 5469 datam
3309 5408 3661 5470 esse'censeo.
3688 5412 3824 5466 Vide
3846 5423 3988 5468 notas

2430 5477 2668 5545 epistola:
2702 5481 2992 5545 sequentis.

2455 5495 2668 5545 pisum:
2702 5495 2728 5534 s
2799 5495 2992 5536 uentts.

2455 5616 2465 5626 .
2506 5558 2528 5584 ο
2568 5548 2709 5603 Edit.
2731 5495 2942 5629 globi".
2972 5554 3025 5606 5.
3052 5551 3176 5629 Pe_z_.
3200 5550 3258 5629 3.
3305 5552 3556 5629 (Froben.
3582 5554 3694 5625 87).
3737 5553 3981 5610 Emenda-

2432 5621 2537 5689 tior
2560 5633 2703 5689 nunc
2724 5621 2906 5689 prodit
2931 5636 3000 5676 ex
3032 5621 3188 5677 codd.
3220 5621 3350 5678 mss.
3376 5623 3571 5681 Salisb.

2507 5685 2525 5723 ί
2574 5685 2859 5759 βειιᾱιορηὶ
2896 5689 3073 5759 populi
3119 5689 3525 5748 Christianitatc.
3567 5694 3642 5750 De
3680 5693 3982 5751 Hunnorum

2431 5756 2622 5824 populo
2658 5758 2759 5814 lsta
2788 5756 3009 5828 accipio,
3041 5761 3131 5831 qui
3156 5778 3297 5819 anno
3325 5764 3489 5833 priori
3521 5763 3624 5818 799
3652 5782 3684 5818 α
3710 5762 3819 5833 Μ(
3840 5779 3978 5831 σηπίη
