  <div class='ocr_page' id='page_1' title='image "/cluster/home/n/w/nwhite01/storage/ocr_20150623/99-100/uc1.31175006946845/806.png"; bbox 0 0 4400 6408; ppageno 0'>
   <div class='ocr_carea' id='block_1_1' title="bbox 268 356 400 415">
    <p class='ocr_par' dir='ltr' id='par_1_1' title="bbox 268 356 400 415">
     <span class='ocr_line' id='line_1_1' title="bbox 268 356 400 415; baseline -0.023 0"><span class='ocrx_word' id='word_1_1' title='bbox 268 356 400 415; x_wconf 76' lang='grc'><strong>517</strong></span> 
     </span>
    </p>
   </div>
   <div class='ocr_carea' id='block_1_2' title="bbox 1726 361 2102 441">
    <p class='ocr_par' dir='ltr' id='par_1_2' title="bbox 1726 361 2102 441">
     <span class='ocr_line' id='line_1_2' title="bbox 1726 361 2102 441; baseline -0.003 -24"><span class='ocrx_word' id='word_1_2' title='bbox 1726 361 2102 441; x_wconf 56' lang='grc' dir='ltr'><strong>ενιξτοωε.</strong></span> 
     </span>
    </p>
   </div>
   <div class='ocr_carea' id='block_1_3' title="bbox 3426 371 3532 428">
    <p class='ocr_par' dir='ltr' id='par_1_3' title="bbox 3426 371 3532 428">
     <span class='ocr_line' id='line_1_3' title="bbox 3426 371 3532 428; baseline 0.019 -3"><span class='ocrx_word' id='word_1_3' title='bbox 3426 371 3532 428; x_wconf 68' lang='grc'><strong>318</strong></span> 
     </span>
    </p>
   </div>
   <div class='ocr_carea' id='block_1_4' title="bbox 267 470 3528 552">
    <p class='ocr_par' dir='ltr' id='par_1_4' title="bbox 267 470 3528 552">
     <span class='ocr_line' id='line_1_4' title="bbox 267 470 3528 552; baseline 0.005 -22"><span class='ocrx_word' id='word_1_4' title='bbox 267 485 514 530; x_wconf 79' lang='lat' dir='ltr'><strong>starum</strong></span> <span class='ocrx_word' id='word_1_5' title='bbox 539 470 801 543; x_wconf 86' lang='lat' dir='ltr'><strong>profectu.</strong></span> <span class='ocrx_word' id='word_1_6' title='bbox 830 470 1081 527; x_wconf 89' lang='lat' dir='ltr'><strong>Sednihil</strong></span> <span class='ocrx_word' id='word_1_7' title='bbox 1111 471 1175 527; x_wconf 87' lang='lat' dir='ltr'><strong>de</strong></span> <span class='ocrx_word' id='word_1_8' title='bbox 1199 472 1283 527; x_wconf 87' lang='lat' dir='ltr'><strong>his</strong></span> <span class='ocrx_word' id='word_1_9' title='bbox 1309 470 1507 541; x_wconf 81' lang='lat' dir='ltr'><strong>inveni.</strong></span> <span class='ocrx_word' id='word_1_10' title='bbox 1534 471 1756 537; x_wconf 88' lang='lat' dir='ltr'><strong>Tamen,</strong></span> <span class='ocrx_word' id='word_1_11' title='bbox 1779 488 1875 525; x_wconf 87' lang='lat' dir='ltr'><strong>vo-</strong></span> <span class='ocrx_word' id='word_1_12' title='bbox 1899 478 1949 535; x_wconf 77' lang='grc' dir='ltr'>Λ</span> <span class='ocrx_word' id='word_1_13' title='bbox 1976 482 2085 552; x_wconf 61' lang='lat' dir='ltr'><strong>tas.</strong></span> <span class='ocrx_word' id='word_1_14' title='bbox 2101 473 2208 530; x_wconf 90' lang='lat' dir='ltr'><strong>Sed</strong></span> <span class='ocrx_word' id='word_1_15' title='bbox 2230 475 2355 545; x_wconf 83' lang='lat' dir='ltr'><strong>quia</strong></span> <span class='ocrx_word' id='word_1_16' title='bbox 2384 491 2543 547; x_wconf 87' lang='lat' dir='ltr'><strong>spero</strong></span> <span class='ocrx_word' id='word_1_17' title='bbox 2565 480 2674 536; x_wconf 85' lang='lat' dir='ltr'><strong>cito</strong></span> <span class='ocrx_word' id='word_1_18' title='bbox 2700 496 2815 547; x_wconf 87' lang='lat' dir='ltr'><strong>vos,</strong></span> <span class='ocrx_word' id='word_1_19' title='bbox 2851 482 3139 539; x_wconf 76' lang='lat' dir='ltr'><strong>miserante</strong></span> <span class='ocrx_word' id='word_1_20' title='bbox 3166 484 3297 552; x_wconf 84' lang='lat' dir='ltr'><strong>Deo,</strong></span> <span class='ocrx_word' id='word_1_21' title='bbox 3328 484 3528 546; x_wconf 78' lang='lat' dir='ltr'><strong>videre.</strong></span> 
     </span>
    </p>
   </div>
   <div class='ocr_carea' id='block_1_5' title="bbox 267 562 1870 630">
    <p class='ocr_par' dir='ltr' id='par_1_5' title="bbox 267 562 1870 630">
     <span class='ocr_line' id='line_1_5' title="bbox 267 562 1870 630; baseline -0.001 -9"><span class='ocrx_word' id='word_1_22' title='bbox 267 568 449 622; x_wconf 86' lang='lat' dir='ltr'><strong>lente</strong></span> <span class='ocrx_word' id='word_1_23' title='bbox 467 566 601 630; x_wconf 87' lang='lat' dir='ltr'><strong>Deo,</strong></span> <span class='ocrx_word' id='word_1_24' title='bbox 626 565 840 619; x_wconf 90' lang='lat' dir='ltr'><strong>visurus</strong></span> <span class='ocrx_word' id='word_1_25' title='bbox 861 579 976 628; x_wconf 78' lang='lat' dir='ltr'><strong>vos,</strong></span> <span class='ocrx_word' id='word_1_26' title='bbox 1006 563 1090 618; x_wconf 88' lang='lat' dir='ltr'><strong>vel</strong></span> <span class='ocrx_word' id='word_1_27' title='bbox 1122 564 1441 619; x_wconf 72' lang='lat' dir='ltr'><strong>necessitate</strong></span> <span class='ocrx_word' id='word_1_28' title='bbox 1464 562 1683 619; x_wconf 73' lang='lat' dir='ltr'><strong>coactus</strong></span> <span class='ocrx_word' id='word_1_29' title='bbox 1703 563 1870 619; x_wconf 85' lang='lat' dir='ltr'><strong>habes</strong></span> 
     </span>
    </p>
   </div>
   <div class='ocr_carea' id='block_1_6' title="bbox 265 654 1867 729">
    <p class='ocr_par' dir='ltr' id='par_1_6' title="bbox 265 654 1867 729">
     <span class='ocr_line' id='line_1_6' title="bbox 265 654 1867 729; baseline -0.003 -16"><span class='ocrx_word' id='word_1_30' title='bbox 265 657 485 729; x_wconf 74' lang='lat' dir='ltr'><strong>[Pez.,</strong></span> <span class='ocrx_word' id='word_1_31' title='bbox 514 656 758 729; x_wconf 86' lang='lat' dir='ltr'><strong>habebis]</strong></span> <span class='ocrx_word' id='word_1_32' title='bbox 778 658 976 723; x_wconf 88' lang='lat' dir='ltr'><strong>dicere,</strong></span> <span class='ocrx_word' id='word_1_33' title='bbox 998 657 1140 726; x_wconf 91' lang='lat' dir='ltr'><strong>quod</strong></span> <span class='ocrx_word' id='word_1_34' title='bbox 1151 656 1393 713; x_wconf 80' lang='lat' dir='ltr'><strong>chartula</strong></span> <span class='ocrx_word' id='word_1_35' title='bbox 1414 656 1670 712; x_wconf 86' lang='lat' dir='ltr'><strong>conticuit</strong></span> <span class='ocrx_word' id='word_1_36' title='bbox 1693 654 1867 728; x_wconf 76' lang='lat' dir='ltr'><strong>[Pez.,</strong></span> 
     </span>
    </p>
   </div>
   <div class='ocr_carea' id='block_1_7' title="bbox 264 746 1873 820">
    <p class='ocr_par' dir='ltr' id='par_1_7' title="bbox 264 746 1873 820">
     <span class='ocr_line' id='line_1_7' title="bbox 264 746 1873 820; baseline -0.004 -16"><span class='ocrx_word' id='word_1_37' title='bbox 264 746 591 820; x_wconf 82' lang='lat' dir='ltr'><strong>continet].</strong></span> <span class='ocrx_word' id='word_1_38' title='bbox 619 748 749 803; x_wconf 90' lang='lat' dir='ltr'><strong>ltem</strong></span> <span class='ocrx_word' id='word_1_39' title='bbox 770 762 1014 818; x_wconf 65' lang='lat' dir='ltr'><strong>quaerens</strong></span> <span class='ocrx_word' id='word_1_40' title='bbox 1032 747 1085 801; x_wconf 93' lang='lat' dir='ltr'><strong>in</strong></span> <span class='ocrx_word' id='word_1_41' title='bbox 1111 746 1237 812; x_wconf 89' lang='lat' dir='ltr'><strong>illis,</strong></span> <span class='ocrx_word' id='word_1_42' title='bbox 1262 754 1462 816; x_wconf 89' lang='lat' dir='ltr'><strong>quanto</strong></span> <span class='ocrx_word' id='word_1_43' title='bbox 1487 746 1873 816; x_wconf 76' lang='lat' dir='ltr'><strong>temporebea-</strong></span> 
     </span>
    </p>
   </div>
   <div class='ocr_carea' id='block_1_8' title="bbox 267 832 1871 906">
    <p class='ocr_par' dir='ltr' id='par_1_8' title="bbox 267 832 1871 906">
     <span class='ocr_line' id='line_1_8' title="bbox 267 832 1871 906; baseline -0.003 -14"><span class='ocrx_word' id='word_1_44' title='bbox 267 836 525 892; x_wconf 84' lang='lat' dir='ltr'><strong>titudini</strong></span> <span class='ocrx_word' id='word_1_45' title='bbox 559 847 665 894; x_wconf 72' lang='lat' dir='ltr'><strong>tua:</strong></span> <span class='ocrx_word' id='word_1_46' title='bbox 692 838 747 893; x_wconf 91' lang='lat' dir='ltr'><strong>in</strong></span> <span class='ocrx_word' id='word_1_47' title='bbox 803 837 886 892; x_wconf 89' lang='lat' dir='ltr'><strong>his</strong></span> <span class='ocrx_word' id='word_1_48' title='bbox 909 836 1149 906; x_wconf 88' lang='lat' dir='ltr'><strong>partibus</strong></span> <span class='ocrx_word' id='word_1_49' title='bbox 1193 844 1335 891; x_wconf 82' lang='lat' dir='ltr'><strong>esset</strong></span> <span class='ocrx_word' id='word_1_50' title='bbox 1383 834 1737 890; x_wconf 75' lang='lat' dir='ltr'><strong>manendum?</strong></span> <span class='ocrx_word' id='word_1_51' title='bbox 1765 832 1871 888; x_wconf 88' lang='lat' dir='ltr'><strong>Sed</strong></span> 
     </span>
    </p>
   </div>
   <div class='ocr_carea' id='block_1_9' title="bbox 265 912 1878 1000">
    <p class='ocr_par' dir='ltr' id='par_1_9' title="bbox 265 912 1878 1000">
     <span class='ocr_line' id='line_1_9' title="bbox 265 912 1878 1000; baseline -0.004 -16"><span class='ocrx_word' id='word_1_52' title='bbox 265 943 481 1000; x_wconf 86' lang='lat' dir='ltr'><strong>neque</strong></span> <span class='ocrx_word' id='word_1_53' title='bbox 508 929 613 983; x_wconf 90' lang='lat' dir='ltr'><strong>hoc</strong></span> <span class='ocrx_word' id='word_1_54' title='bbox 651 928 846 982; x_wconf 80' lang='lat' dir='ltr'><strong>inveni.</strong></span> <span class='ocrx_word' id='word_1_55' title='bbox 866 927 991 983; x_wconf 86' lang='lat' dir='ltr'><strong>Ideo</strong></span> <span class='ocrx_word' id='word_1_56' title='bbox 1030 927 1282 981; x_wconf 82' lang='lat' dir='ltr'><strong>incertior</strong></span> <span class='ocrx_word' id='word_1_57' title='bbox 1311 925 1377 982; x_wconf 89' lang='lat' dir='ltr'><strong>de</strong></span> <span class='ocrx_word' id='word_1_58' title='bbox 1399 924 1663 995; x_wconf 86' lang='lat' dir='ltr'><strong>colloquio</strong></span> <span class='ocrx_word' id='word_1_59' title='bbox 1686 912 1878 979; x_wconf 82' lang='lat' dir='ltr'><strong>nostro</strong></span> 
     </span>
    </p>
   </div>
   <div class='ocr_carea' id='block_1_10' title="bbox 267 1003 1871 1087">
    <p class='ocr_par' dir='ltr' id='par_1_10' title="bbox 267 1003 1871 1087">
     <span class='ocr_line' id='line_1_10' title="bbox 267 1003 1871 1087; baseline -0.003 -15"><span class='ocrx_word' id='word_1_60' title='bbox 267 1018 501 1083; x_wconf 88' lang='lat' dir='ltr'><strong>factus,</strong></span> <span class='ocrx_word' id='word_1_61' title='bbox 528 1018 656 1086; x_wconf 88' lang='lat' dir='ltr'><strong>quid</strong></span> <span class='ocrx_word' id='word_1_62' title='bbox 675 1017 1048 1073; x_wconf 88' lang='lat' dir='ltr'><strong>demandarem</strong></span> <span class='ocrx_word' id='word_1_63' title='bbox 1064 1018 1088 1070; x_wconf 72' lang='grc'><strong><em>2</em></strong></span> <span class='ocrx_word' id='word_1_64' title='bbox 1102 1017 1301 1071; x_wconf 83' lang='lat' dir='ltr'><strong>Tamen</strong></span> <span class='ocrx_word' id='word_1_65' title='bbox 1315 1016 1361 1072; x_wconf 92' lang='lat' dir='ltr'><strong>si</strong></span> <span class='ocrx_word' id='word_1_66' title='bbox 1381 1031 1551 1087; x_wconf 90' lang='lat' dir='ltr'><strong>usque</strong></span> <span class='ocrx_word' id='word_1_67' title='bbox 1566 1016 1634 1070; x_wconf 91' lang='lat' dir='ltr'><strong>ad</strong></span> <span class='ocrx_word' id='word_1_68' title='bbox 1663 1003 1871 1070; x_wconf 79' lang='lat' dir='ltr'><strong>Pascha</strong></span> 
     </span>
    </p>
   </div>
   <div class='ocr_carea' id='block_1_11' title="bbox 265 1106 1872 1178">
    <p class='ocr_par' dir='ltr' id='par_1_11' title="bbox 265 1106 1872 1178">
     <span class='ocr_line' id='line_1_11' title="bbox 265 1106 1872 1178; baseline 0 -18"><span class='ocrx_word' id='word_1_69' title='bbox 265 1106 460 1162; x_wconf 83' lang='lat' dir='ltr'><strong>liceat</strong></span> <span class='ocrx_word' id='word_1_70' title='bbox 494 1107 594 1162; x_wconf 88' lang='lat' dir='ltr'><strong>tibi</strong></span> <span class='ocrx_word' id='word_1_71' title='bbox 623 1107 676 1161; x_wconf 93' lang='lat' dir='ltr'><strong>in</strong></span> <span class='ocrx_word' id='word_1_72' title='bbox 697 1107 1021 1162; x_wconf 84' lang='lat' dir='ltr'><strong>monasterio</strong></span> <span class='ocrx_word' id='word_1_73' title='bbox 1045 1107 1353 1178; x_wconf 72' lang='lat' dir='ltr'><strong>(Elnrmensi</strong></span> <span class='ocrx_word' id='word_1_74' title='bbox 1371 1106 1439 1162; x_wconf 84' lang='lat' dir='ltr'><strong>S.</strong></span> <span class='ocrx_word' id='word_1_75' title='bbox 1454 1106 1690 1162; x_wconf 56' lang='lat' dir='ltr'><strong>‘Amandi</strong></span> <span class='ocrx_word' id='word_1_76' title='bbox 1711 1106 1771 1160; x_wconf 86' lang='lat' dir='ltr'><strong>u&#39;t</strong></span> <span class='ocrx_word' id='word_1_77' title='bbox 1789 1106 1872 1160; x_wconf 89' lang='lat' dir='ltr'><strong>in-</strong></span> 
     </span>
    </p>
   </div>
   <div class='ocr_carea' id='block_1_12' title="bbox 264 1196 1869 1267">
    <p class='ocr_par' dir='ltr' id='par_1_12' title="bbox 264 1196 1869 1267">
     <span class='ocr_line' id='line_1_12' title="bbox 264 1196 1869 1267; baseline 0 -18"><span class='ocrx_word' id='word_1_78' title='bbox 264 1196 392 1266; x_wconf 81' lang='lat' dir='ltr'><strong>fra)</strong></span> <span class='ocrx_word' id='word_1_79' title='bbox 430 1210 774 1265; x_wconf 83' lang='lat' dir='ltr'><strong>permanere,</strong></span> <span class='ocrx_word' id='word_1_80' title='bbox 818 1196 1040 1252; x_wconf 85' lang='lat' dir='ltr'><strong>forsitan</strong></span> <span class='ocrx_word' id='word_1_81' title='bbox 1071 1198 1209 1252; x_wconf 92' lang='lat' dir='ltr'><strong>intra</strong></span> <span class='ocrx_word' id='word_1_82' title='bbox 1238 1197 1713 1267; x_wconf 84' lang='lat' dir='ltr'><strong>Quadragesimam</strong></span> <span class='ocrx_word' id='word_1_83' title='bbox 1737 1196 1869 1250; x_wconf 65' lang='lat' dir='ltr'><strong>visi~</strong></span> 
     </span>
    </p>
   </div>
   <div class='ocr_carea' id='block_1_13' title="bbox 266 1285 1865 1359">
    <p class='ocr_par' dir='ltr' id='par_1_13' title="bbox 266 1285 1865 1359">
     <span class='ocr_line' id='line_1_13' title="bbox 266 1285 1865 1359; baseline 0.001 -20"><span class='ocrx_word' id='word_1_84' title='bbox 266 1297 477 1340; x_wconf 80' lang='lat' dir='ltr'><strong>tomus</strong></span> <span class='ocrx_word' id='word_1_85' title='bbox 525 1295 578 1341; x_wconf 93' lang='lat' dir='ltr'><strong>te</strong></span> <span class='ocrx_word' id='word_1_86' title='bbox 623 1287 675 1340; x_wconf 91' lang='lat' dir='ltr'><strong>in</strong></span> <span class='ocrx_word' id='word_1_87' title='bbox 720 1286 912 1341; x_wconf 90' lang='lat' dir='ltr'><strong>lectulo</strong></span> <span class='ocrx_word' id='word_1_88' title='bbox 937 1287 1244 1341; x_wconf 78' lang='lat' dir='ltr'><strong>deliciarum</strong></span> <span class='ocrx_word' id='word_1_89' title='bbox 1291 1285 1548 1359; x_wconf 80' lang='lat' dir='ltr'><strong>[tuarum]</strong></span> <span class='ocrx_word' id='word_1_90' title='bbox 1574 1288 1865 1341; x_wconf 80' lang='lat' dir='ltr'><strong>sedentem.</strong></span> 
     </span>
    </p>
   </div>
   <div class='ocr_carea' id='block_1_14' title="bbox 264 1376 1869 1447">
    <p class='ocr_par' dir='ltr' id='par_1_14' title="bbox 264 1376 1869 1447">
     <span class='ocr_line' id='line_1_14' title="bbox 264 1376 1869 1447; baseline -0.001 -16"><span class='ocrx_word' id='word_1_91' title='bbox 264 1377 405 1447; x_wconf 83' lang='lat' dir='ltr'><strong>Ego</strong></span> <span class='ocrx_word' id='word_1_92' title='bbox 424 1392 565 1431; x_wconf 88' lang='lat' dir='ltr'><strong>vero</strong></span> <span class='ocrx_word' id='word_1_93' title='bbox 582 1377 797 1446; x_wconf 90' lang='lat' dir='ltr'><strong>ignarus</strong></span> <span class='ocrx_word' id='word_1_94' title='bbox 818 1377 991 1430; x_wconf 88' lang='lat' dir='ltr'><strong>adhuc</strong></span> <span class='ocrx_word' id='word_1_95' title='bbox 1009 1392 1131 1447; x_wconf 9' lang='lat' dir='ltr'><strong>sum,</strong></span> <span class='ocrx_word' id='word_1_96' title='bbox 1146 1378 1213 1431; x_wconf 92' lang='lat' dir='ltr'><strong>de</strong></span> <span class='ocrx_word' id='word_1_97' title='bbox 1236 1377 1427 1431; x_wconf 83' lang='lat' dir='ltr'><strong>itinere</strong></span> <span class='ocrx_word' id='word_1_98' title='bbox 1441 1392 1561 1431; x_wconf 92' lang='lat' dir='ltr'><strong>meo</strong></span> <span class='ocrx_word' id='word_1_99' title='bbox 1579 1376 1754 1447; x_wconf 78' lang='lat' dir='ltr'><strong>[Pez.,</strong></span> <span class='ocrx_word' id='word_1_100' title='bbox 1779 1377 1869 1430; x_wconf 85' lang='lat' dir='ltr'><strong>de-</strong></span> 
     </span>
    </p>
   </div>
   <div class='ocr_carea' id='block_1_15' title="bbox 264 1466 1871 1539">
    <p class='ocr_par' dir='ltr' id='par_1_15' title="bbox 264 1466 1871 1539">
     <span class='ocr_line' id='line_1_15' title="bbox 264 1466 1871 1539; baseline -0.002 -16"><span class='ocrx_word' id='word_1_101' title='bbox 264 1470 473 1523; x_wconf 88' lang='lat' dir='ltr'><strong>tinere</strong></span> <span class='ocrx_word' id='word_1_102' title='bbox 504 1467 616 1539; x_wconf 89' lang='lat' dir='ltr'><strong>me]</strong></span> <span class='ocrx_word' id='word_1_103' title='bbox 644 1477 859 1539; x_wconf 79' lang='lat' dir='ltr'><strong>prapter</strong></span> <span class='ocrx_word' id='word_1_104' title='bbox 885 1467 1100 1531; x_wconf 85' lang='lat' dir='ltr'><strong>famam,</strong></span> <span class='ocrx_word' id='word_1_105' title='bbox 1126 1483 1244 1536; x_wconf 63' lang='lat' dir='ltr'><strong>qua</strong></span> <span class='ocrx_word' id='word_1_106' title='bbox 1269 1467 1455 1522; x_wconf 84' lang='lat' dir='ltr'><strong>volitat</strong></span> <span class='ocrx_word' id='word_1_107' title='bbox 1480 1482 1579 1537; x_wconf 90' lang='lat' dir='ltr'><strong>per</strong></span> <span class='ocrx_word' id='word_1_108' title='bbox 1600 1482 1693 1521; x_wconf 90' lang='lat' dir='ltr'><strong>ora</strong></span> <span class='ocrx_word' id='word_1_109' title='bbox 1740 1466 1871 1520; x_wconf 87' lang='lat' dir='ltr'><strong>mul-</strong></span> 
     </span>
    </p>
   </div>
   <div class='ocr_carea' id='block_1_16' title="bbox 264 1556 1871 1627">
    <p class='ocr_par' dir='ltr' id='par_1_16' title="bbox 264 1556 1871 1627">
     <span class='ocr_line' id='line_1_16' title="bbox 264 1556 1871 1627; baseline -0.001 -17"><span class='ocrx_word' id='word_1_110' title='bbox 264 1568 501 1622; x_wconf 79' lang='lat' dir='ltr'><strong>torum,</strong></span> <span class='ocrx_word' id='word_1_111' title='bbox 533 1569 558 1595; x_wconf 80' lang='grc' dir='ltr'>ι</span> <span class='ocrx_word' id='word_1_112' title='bbox 592 1572 772 1627; x_wconf 88' lang='lat' dir='ltr'><strong>regem</strong></span> <span class='ocrx_word' id='word_1_113' title='bbox 815 1556 1073 1611; x_wconf 90' lang='lat' dir='ltr'><strong>orationis</strong></span> <span class='ocrx_word' id='word_1_114' title='bbox 1104 1558 1276 1625; x_wconf 86' lang='lat' dir='ltr'><strong>gratia</strong></span> <span class='ocrx_word' id='word_1_115' title='bbox 1301 1558 1472 1612; x_wconf 85' lang='lat' dir='ltr'><strong>sancti</strong></span> <span class='ocrx_word' id='word_1_116' title='bbox 1499 1556 1712 1611; x_wconf 73' lang='lat' dir='ltr'><strong>Martini</strong></span> <span class='ocrx_word' id='word_1_117' title='bbox 1743 1556 1871 1609; x_wconf 83' lang='lat' dir='ltr'><strong>visi-</strong></span> 
     </span>
    </p>
   </div>
   <div class='ocr_carea' id='block_1_17' title="bbox 1970 563 3532 643">
    <p class='ocr_par' dir='ltr' id='par_1_17' title="bbox 1970 563 3532 643">
     <span class='ocr_line' id='line_1_17' title="bbox 1970 563 3532 643; baseline 0.009 -26"><span class='ocrx_word' id='word_1_118' title='bbox 1970 563 2164 639; x_wconf 84' lang='lat' dir='ltr'><strong>melius</strong></span> <span class='ocrx_word' id='word_1_119' title='bbox 2190 564 2306 620; x_wconf 64' lang='lat' dir='ltr'><strong>hac</strong></span> <span class='ocrx_word' id='word_1_120' title='bbox 2328 565 2674 639; x_wconf 90' lang='lat' dir='ltr'><strong>colloquendo</strong></span> <span class='ocrx_word' id='word_1_121' title='bbox 2692 572 2876 639; x_wconf 89' lang='lat' dir='ltr'><strong>putavi</strong></span> <span class='ocrx_word' id='word_1_122' title='bbox 2904 572 3162 636; x_wconf 88' lang='lat' dir='ltr'><strong>conferre,</strong></span> <span class='ocrx_word' id='word_1_123' title='bbox 3209 588 3368 643; x_wconf 90' lang='lat' dir='ltr'><strong>quam</strong></span> <span class='ocrx_word' id='word_1_124' title='bbox 3395 577 3532 631; x_wconf 86' lang='lat' dir='ltr'><strong>scri-</strong></span> 
     </span>
    </p>
   </div>
   <div class='ocr_carea' id='block_1_18' title="bbox 1968 653 3534 727">
    <p class='ocr_par' dir='ltr' id='par_1_18' title="bbox 1968 653 3534 727">
     <span class='ocr_line' id='line_1_18' title="bbox 1968 653 3534 727; baseline 0.008 -21"><span class='ocrx_word' id='word_1_125' title='bbox 1968 653 2145 708; x_wconf 89' lang='lat' dir='ltr'><strong>bendo</strong></span> <span class='ocrx_word' id='word_1_126' title='bbox 2163 654 2518 711; x_wconf 84' lang='lat' dir='ltr'><strong>innotescere.</strong></span> <span class='ocrx_word' id='word_1_127' title='bbox 2542 656 2653 713; x_wconf 83' lang='lat' dir='ltr'><strong>Nec</strong></span> <span class='ocrx_word' id='word_1_128' title='bbox 2676 657 2937 727; x_wconf 84' lang='lat' dir='ltr'><strong>maiorem</strong></span> <span class='ocrx_word' id='word_1_129' title='bbox 2964 661 3211 716; x_wconf 89' lang='lat' dir='ltr'><strong>ardorem</strong></span> <span class='ocrx_word' id='word_1_130' title='bbox 3238 662 3402 717; x_wconf 80' lang='lat' dir='ltr'><strong>habet</strong></span> <span class='ocrx_word' id='word_1_131' title='bbox 3424 665 3534 718; x_wconf 84' lang='lat' dir='ltr'><strong>ani-</strong></span> 
     </span>
    </p>
   </div>
   <div class='ocr_carea' id='block_1_19' title="bbox 1970 748 3535 822">
    <p class='ocr_par' dir='ltr' id='par_1_19' title="bbox 1970 748 3535 822">
     <span class='ocr_line' id='line_1_19' title="bbox 1970 748 3535 822; baseline 0.007 -26"><span class='ocrx_word' id='word_1_132' title='bbox 1970 756 2091 797; x_wconf 87' lang='lat' dir='ltr'><strong>mus</strong></span> <span class='ocrx_word' id='word_1_133' title='bbox 2116 752 2323 809; x_wconf 86' lang='lat' dir='ltr'><strong>vester,</strong></span> <span class='ocrx_word' id='word_1_134' title='bbox 2350 760 2511 815; x_wconf 88' lang='lat' dir='ltr'><strong>quam</strong></span> <span class='ocrx_word' id='word_1_135' title='bbox 2541 760 2692 802; x_wconf 89' lang='lat' dir='ltr'><strong>mens</strong></span> <span class='ocrx_word' id='word_1_136' title='bbox 2710 748 2959 818; x_wconf 83' lang='lat' dir='ltr'><strong>colloquii</strong></span> <span class='ocrx_word' id='word_1_137' title='bbox 2982 750 3170 805; x_wconf 85' lang='lat' dir='ltr'><strong>nostri.</strong></span> <span class='ocrx_word' id='word_1_138' title='bbox 3217 750 3343 806; x_wconf 83' lang='lat' dir='ltr'><strong>ideo</strong></span> <span class='ocrx_word' id='word_1_139' title='bbox 3380 767 3535 822; x_wconf 85' lang='lat' dir='ltr'><strong>roge—</strong></span> 
     </span>
    </p>
   </div>
   <div class='ocr_carea' id='block_1_20' title="bbox 1972 829 3536 898">
    <p class='ocr_par' dir='ltr' id='par_1_20' title="bbox 1972 829 3536 898">
     <span class='ocr_line' id='line_1_20' title="bbox 1972 829 3536 898; baseline 0.008 -17"><span class='ocrx_word' id='word_1_140' title='bbox 1972 843 2092 882; x_wconf 91' lang='lat' dir='ltr'><strong>mus</strong></span> <span class='ocrx_word' id='word_1_141' title='bbox 2117 829 2210 884; x_wconf 88' lang='lat' dir='ltr'><strong>Dei</strong></span> <span class='ocrx_word' id='word_1_142' title='bbox 2232 830 2592 898; x_wconf 87' lang='lat' dir='ltr'><strong>clementiam,</strong></span> <span class='ocrx_word' id='word_1_143' title='bbox 2624 842 2685 888; x_wconf 92' lang='lat' dir='ltr'><strong>ut</strong></span> <span class='ocrx_word' id='word_1_144' title='bbox 2711 836 2971 891; x_wconf 83' lang='lat' dir='ltr'><strong>concedat</strong></span> <span class='ocrx_word' id='word_1_145' title='bbox 2996 838 3152 893; x_wconf 88' lang='lat' dir='ltr'><strong>nobis</strong></span> <span class='ocrx_word' id='word_1_146' title='bbox 3176 839 3230 893; x_wconf 93' lang='lat' dir='ltr'><strong>in</strong></span> <span class='ocrx_word' id='word_1_147' title='bbox 3250 854 3345 894; x_wconf 89' lang='lat' dir='ltr'><strong>sua</strong></span> <span class='ocrx_word' id='word_1_148' title='bbox 3369 840 3536 894; x_wconf 82' lang='lat' dir='ltr'><strong>mise-</strong></span> 
     </span>
    </p>
   </div>
   <div class='ocr_carea' id='block_1_21' title="bbox 1971 918 3535 995">
    <p class='ocr_par' dir='ltr' id='par_1_21' title="bbox 1971 918 3535 995">
     <span class='ocr_line' id='line_1_21' title="bbox 1971 918 3535 995; baseline 0.009 -25"><span class='ocrx_word' id='word_1_149' title='bbox 1971 918 2222 983; x_wconf 79' lang='lat' dir='ltr'><strong>ricordia,</strong></span> <span class='ocrx_word' id='word_1_150' title='bbox 2273 930 2330 975; x_wconf 91' lang='lat' dir='ltr'><strong>et</strong></span> <span class='ocrx_word' id='word_1_151' title='bbox 2354 923 2409 976; x_wconf 92' lang='lat' dir='ltr'><strong>in</strong></span> <span class='ocrx_word' id='word_1_152' title='bbox 2449 932 2635 979; x_wconf 89' lang='lat' dir='ltr'><strong>nostra</strong></span> <span class='ocrx_word' id='word_1_153' title='bbox 2666 926 3020 995; x_wconf 77' lang='lat' dir='ltr'><strong>prosperitate</strong></span> <span class='ocrx_word' id='word_1_154' title='bbox 3047 927 3231 984; x_wconf 84' lang='lat' dir='ltr'><strong>videre</strong></span> <span class='ocrx_word' id='word_1_155' title='bbox 3282 945 3379 984; x_wconf 90' lang='lat' dir='ltr'><strong>nos</strong></span> <span class='ocrx_word' id='word_1_156' title='bbox 3423 929 3535 984; x_wconf 90' lang='lat' dir='ltr'><strong>cito</strong></span> 
     </span>
    </p>
   </div>
   <div class='ocr_carea' id='block_1_22' title="bbox 1970 1009 3536 1075">
    <p class='ocr_par' dir='ltr' id='par_1_22' title="bbox 1970 1009 3536 1075">
     <span class='ocr_line' id='line_1_22' title="bbox 1970 1009 3536 1075; baseline 0.006 -12"><span class='ocrx_word' id='word_1_157' title='bbox 1970 1009 2109 1065; x_wconf 91' lang='lat' dir='ltr'><strong>facie</strong></span> <span class='ocrx_word' id='word_1_158' title='bbox 2129 1011 2196 1064; x_wconf 91' lang='lat' dir='ltr'><strong>ad</strong></span> <span class='ocrx_word' id='word_1_159' title='bbox 2221 1010 2433 1071; x_wconf 82' lang='lat' dir='ltr'><strong>faciem.</strong></span> <span class='ocrx_word' id='word_1_160' title='bbox 2465 1014 2650 1070; x_wconf 86' lang='lat' dir='ltr'><strong>Gratia</strong></span> <span class='ocrx_word' id='word_1_161' title='bbox 2684 1017 2894 1071; x_wconf 87' lang='lat' dir='ltr'><strong>Domini</strong></span> <span class='ocrx_word' id='word_1_162' title='bbox 2920 1019 3086 1073; x_wconf 83' lang='lat' dir='ltr'><strong>nostri</strong></span> <span class='ocrx_word' id='word_1_163' title='bbox 3106 1017 3232 1074; x_wconf 78' lang='lat' dir='ltr'><strong>Jesu</strong></span> <span class='ocrx_word' id='word_1_164' title='bbox 3260 1018 3459 1075; x_wconf 82' lang='lat' dir='ltr'><strong>Christi</strong></span> <span class='ocrx_word' id='word_1_165' title='bbox 3480 1027 3536 1073; x_wconf 92' lang='lat' dir='ltr'><strong>te</strong></span> 
     </span>
    </p>
   </div>
   <div class='ocr_carea' id='block_1_23' title="bbox 1933 1102 3534 1177">
    <p class='ocr_par' dir='ltr' id='par_1_23' title="bbox 1933 1102 3534 1177">
     <span class='ocr_line' id='line_1_23' title="bbox 1933 1102 3534 1177; baseline 0.003 -22"><span class='ocrx_word' id='word_1_166' title='bbox 1933 1127 1941 1135; x_wconf 92' lang='lat'><strong>-</strong></span> <span class='ocrx_word' id='word_1_167' title='bbox 1971 1103 2025 1155; x_wconf 91' lang='lat' dir='ltr'><strong>in</strong></span> <span class='ocrx_word' id='word_1_168' title='bbox 2037 1102 2182 1156; x_wconf 91' lang='lat' dir='ltr'><strong>omni</strong></span> <span class='ocrx_word' id='word_1_169' title='bbox 2202 1102 2441 1158; x_wconf 87' lang='lat' dir='ltr'><strong>bonitate</strong></span> <span class='ocrx_word' id='word_1_170' title='bbox 2461 1104 2723 1172; x_wconf 81' lang='lat' dir='ltr'><strong>proﬁcere</strong></span> <span class='ocrx_word' id='word_1_171' title='bbox 2743 1105 2925 1171; x_wconf 78' lang='lat' dir='ltr'><strong>faciat,</strong></span> <span class='ocrx_word' id='word_1_172' title='bbox 2947 1106 3021 1163; x_wconf 83' lang='lat' dir='ltr'><strong>fili</strong></span> <span class='ocrx_word' id='word_1_173' title='bbox 3038 1107 3352 1162; x_wconf 85' lang='lat' dir='ltr'><strong>charissime</strong></span> <span class='ocrx_word' id='word_1_174' title='bbox 3378 1106 3534 1177; x_wconf 84' lang='grc' dir='ltr'>(ϐοά.</span> 
     </span>
    </p>
   </div>
   <div class='ocr_carea' id='block_1_24' title="bbox 1972 1191 3118 1269">
    <p class='ocr_par' dir='ltr' id='par_1_24' title="bbox 1972 1191 3118 1269">
     <span class='ocr_line' id='line_1_24' title="bbox 1972 1191 3118 1269; baseline 0.003 -24"><span class='ocrx_word' id='word_1_175' title='bbox 1972 1191 2143 1257; x_wconf 69' lang='grc' dir='ltr'>Μαι..</span> <span class='ocrx_word' id='word_1_176' title='bbox 2175 1194 2607 1249; x_wconf 70' lang='lat' dir='ltr'><strong>reverentissime</strong></span> <span class='ocrx_word' id='word_1_177' title='bbox 2632 1194 2835 1266; x_wconf 88' lang='lat' dir='ltr'><strong>pater)!</strong></span> <span class='ocrx_word' id='word_1_178' title='bbox 2879 1195 3118 1269; x_wconf 71' lang='lat' dir='ltr'><strong>[Amemj</strong></span> 
     </span>
    </p>
   </div>
   <div class='ocr_carea' id='block_1_25' title="bbox 2468 1328 3020 1387">
    <p class='ocr_par' dir='ltr' id='par_1_25' title="bbox 2468 1328 3020 1387">
     <span class='ocr_line' id='line_1_25' title="bbox 2468 1328 3020 1387; baseline -0.002 -2"><span class='ocrx_word' id='word_1_179' title='bbox 2468 1333 2493 1370; x_wconf 76' lang='grc' dir='ltr'><em>ε</em></span> <span class='ocrx_word' id='word_1_180' title='bbox 2523 1328 2855 1386; x_wconf 77' lang='lat' dir='ltr'><strong>EPISTOLA</strong></span> <span class='ocrx_word' id='word_1_181' title='bbox 2889 1328 3020 1387; x_wconf 78' lang='lat' dir='ltr'><strong>CIV.</strong></span> 
     </span>
    </p>
   </div>
   <div class='ocr_carea' id='block_1_26' title="bbox 2565 1456 2937 1496">
    <p class='ocr_par' dir='ltr' id='par_1_26' title="bbox 2565 1456 2937 1496">
     <span class='ocr_line' id='line_1_26' title="bbox 2565 1456 2937 1496; baseline 0.003 -2"><span class='ocrx_word' id='word_1_182' title='bbox 2565 1457 2634 1494; x_wconf 77' lang='grc' dir='ltr'><strong>ΔΙ)</strong></span> <span class='ocrx_word' id='word_1_183' title='bbox 2668 1456 2937 1496; x_wconf 65' lang='grc' dir='ltr'><strong>Αιιηοκει.</strong></span> 
     </span>
    </p>
   </div>
   <div class='ocr_carea' id='block_1_27' title="bbox 2516 1528 2980 1602">
    <p class='ocr_par' dir='ltr' id='par_1_27' title="bbox 2516 1528 2980 1602">
     <span class='ocr_line' id='line_1_27' title="bbox 2516 1528 2980 1602; baseline 0.011 -21"><span class='ocrx_word' id='word_1_184' title='bbox 2516 1528 2693 1597; x_wconf 78' lang='lat' dir='ltr'><strong>(Anno</strong></span> <span class='ocrx_word' id='word_1_185' title='bbox 2728 1529 2980 1602; x_wconf 89' lang='lat' dir='ltr'><strong>incerto.)</strong></span> 
     </span>
    </p>
   </div>
   <div class='ocr_carea' id='block_1_28' title="bbox 264 1647 3535 1721">
    <p class='ocr_par' dir='ltr' id='par_1_28' title="bbox 264 1647 3535 1721">
     <span class='ocr_line' id='line_1_28' title="bbox 264 1647 3535 1721; baseline 0.002 -22"><span class='ocrx_word' id='word_1_186' title='bbox 264 1656 404 1700; x_wconf 88' lang='lat' dir='ltr'><strong>tare</strong></span> <span class='ocrx_word' id='word_1_187' title='bbox 431 1647 763 1715; x_wconf 90' lang='lat' dir='ltr'><strong>patrocinia,</strong></span> <span class='ocrx_word' id='word_1_188' title='bbox 788 1654 841 1701; x_wconf 92' lang='lat' dir='ltr'><strong>et</strong></span> <span class='ocrx_word' id='word_1_189' title='bbox 872 1647 1000 1700; x_wconf 88' lang='lat' dir='ltr'><strong>mihi</strong></span> <span class='ocrx_word' id='word_1_190' title='bbox 1037 1648 1327 1702; x_wconf 87' lang='lat' dir='ltr'><strong>necessitas</strong></span> <span class='ocrx_word' id='word_1_191' title='bbox 1364 1647 1624 1702; x_wconf 91' lang='lat' dir='ltr'><strong>incumbit</strong></span> <span class='ocrx_word' id='word_1_192' title='bbox 1646 1688 1661 1711; x_wconf 93' lang='lat'><strong>,</strong></span> <span class='ocrx_word' id='word_1_193' title='bbox 1722 1647 1869 1701; x_wconf 91' lang='lat' dir='ltr'><strong>illum</strong></span> <span class='ocrx_word' id='word_1_194' title='bbox 1970 1647 2126 1721; x_wconf 71' lang='lat' dir='ltr'><strong>Dolet</strong></span> <span class='ocrx_word' id='word_1_195' title='bbox 2160 1649 2222 1703; x_wconf 87' lang='lat' dir='ltr'><strong>ob</strong></span> <span class='ocrx_word' id='word_1_196' title='bbox 2266 1648 2463 1717; x_wconf 76' lang='lat' dir='ltr'><strong>frustra</strong></span> <span class='ocrx_word' id='word_1_197' title='bbox 2506 1658 2852 1721; x_wconf 58' lang='lat' dir='ltr'><strong>aspectum</strong></span> <span class='ocrx_word' id='word_1_198' title='bbox 2896 1650 3122 1721; x_wconf 61' lang='lat' dir='ltr'><strong>Arrianis</strong></span> <span class='ocrx_word' id='word_1_199' title='bbox 3166 1654 3535 1721; x_wconf 60' lang='lat' dir='ltr'><strong>parentium;</strong></span> 
     </span>
    </p>
   </div>
   <div class='ocr_carea' id='block_1_29' title="bbox 262 1736 1870 1810">
    <p class='ocr_par' dir='ltr' id='par_1_29' title="bbox 262 1736 1870 1810">
     <span class='ocr_line' id='line_1_29' title="bbox 262 1736 1870 1810; baseline -0.002 -17"><span class='ocrx_word' id='word_1_200' title='bbox 262 1748 549 1809; x_wconf 89' lang='lat' dir='ltr'><strong>spectare</strong></span> <span class='ocrx_word' id='word_1_201' title='bbox 572 1736 687 1809; x_wconf 84' lang='lat' dir='ltr'><strong>[F.,</strong></span> <span class='ocrx_word' id='word_1_202' title='bbox 713 1736 1103 1810; x_wconf 81' lang='lat' dir='ltr'><strong>exspectare?],</strong></span> <span class='ocrx_word' id='word_1_203' title='bbox 1138 1738 1536 1808; x_wconf 86' lang='lat' dir='ltr'><strong>hospitiumque</strong></span> <span class='ocrx_word' id='word_1_204' title='bbox 1566 1753 1870 1807; x_wconf 68' lang='lat' dir='ltr'><strong>prcharare</strong></span> 
     </span>
    </p>
   </div>
   <div class='ocr_carea' id='block_1_30' title="bbox 2039 1717 3532 1799">
    <p class='ocr_par' dir='ltr' id='par_1_30' title="bbox 2039 1717 3532 1799">
     <span class='ocr_line' id='line_1_30' title="bbox 2039 1717 3532 1799; baseline 0.001 -29"><span class='ocrx_word' id='word_1_205' title='bbox 2039 1717 2270 1799; x_wconf 67' lang='lat' dir='ltr'><strong>dolorem</strong></span> <span class='ocrx_word' id='word_1_206' title='bbox 2294 1736 2409 1799; x_wconf 62' lang='lat' dir='ltr'><strong>vero</strong></span> <span class='ocrx_word' id='word_1_207' title='bbox 2429 1717 2632 1799; x_wconf 66' lang='lat' dir='ltr'><strong>mitigat</strong></span> <span class='ocrx_word' id='word_1_208' title='bbox 2655 1719 2894 1799; x_wconf 58' lang='grc' dir='ltr'><strong>μωρίη-ἥς</strong></span> <span class='ocrx_word' id='word_1_209' title='bbox 2918 1719 2988 1772; x_wconf 80' lang='lat' dir='ltr'><strong>ad</strong></span> <span class='ocrx_word' id='word_1_210' title='bbox 3007 1717 3232 1799; x_wconf 58' lang='lat' dir='ltr'><strong>patriam</strong></span> <span class='ocrx_word' id='word_1_211' title='bbox 3261 1719 3532 1774; x_wconf 67' lang='lat' dir='ltr'><strong>emicuerit.</strong></span> 
     </span>
    </p>
   </div>
   <div class='ocr_carea' id='block_1_31' title="bbox 262 1788 3216 1897">
    <p class='ocr_par' dir='ltr' id='par_1_31' title="bbox 262 1788 3216 1897">
     <span class='ocr_line' id='line_1_31' title="bbox 262 1788 3216 1897; baseline -0.003 -16"><span class='ocrx_word' id='word_1_212' title='bbox 262 1788 515 1881; x_wconf 48' lang='lat' dir='ltr'><strong>agmina</strong></span> <span class='ocrx_word' id='word_1_213' title='bbox 545 1788 667 1881; x_wconf 73' lang='lat' dir='ltr'><strong>meo</strong></span> <span class='ocrx_word' id='word_1_214' title='bbox 687 1788 1159 1882; x_wconf 34' lang='lat' dir='ltr'><strong>dliéliSSilllOfEt</strong></span> <span class='ocrx_word' id='word_1_215' title='bbox 1183 1788 1385 1883; x_wconf 69' lang='lat' dir='ltr'><strong>utinam</strong></span> <span class='ocrx_word' id='word_1_216' title='bbox 1416 1788 1649 1883; x_wconf 55' lang='lat' dir='ltr'><strong>vhlasset</strong></span> <span class='ocrx_word' id='word_1_217' title='bbox 1675 1788 1867 1897; x_wconf 57' lang='lat' dir='ltr'><strong>.rAquila</strong></span> <span class='ocrx_word' id='word_1_218' title='bbox 1898 1811 1946 1871; x_wconf 64' lang='grc' dir='ltr'><strong>δ</strong></span> <span class='ocrx_word' id='word_1_219' title='bbox 2044 1788 2266 1841; x_wconf 57' lang='lat' dir='ltr'><strong>&quot;mm&quot;</strong></span> <span class='ocrx_word' id='word_1_220' title='bbox 2292 1789 2360 1841; x_wconf 64' lang='lat' dir='ltr'><strong>ad</strong></span> <span class='ocrx_word' id='word_1_221' title='bbox 2387 1806 2441 1842; x_wconf 70' lang='grc'><strong>³⁸</strong></span> <span class='ocrx_word' id='word_1_222' title='bbox 2468 1805 2626 1842; x_wconf 65' lang='lat' dir='ltr'><strong>mm“</strong></span> <span class='ocrx_word' id='word_1_223' title='bbox 2652 1788 2769 1842; x_wconf 56' lang='lat' dir='ltr'><strong>um</strong></span> <span class='ocrx_word' id='word_1_224' title='bbox 2806 1790 2981 1843; x_wconf 53' lang='lat' dir='ltr'><strong><em>animo</em></strong></span> <span class='ocrx_word' id='word_1_225' title='bbox 3010 1790 3216 1896; x_wconf 61' lang='grc' dir='ltr'><strong>πείρίίξ</strong></span> 
     </span>
    </p>
   </div>
   <div class='ocr_carea' id='block_1_32' title="bbox 264 1916 1868 1989">
    <p class='ocr_par' dir='ltr' id='par_1_32' title="bbox 264 1916 1868 1989">
     <span class='ocr_line' id='line_1_32' title="bbox 264 1916 1868 1989; baseline -0.001 -17"><span class='ocrx_word' id='word_1_226' title='bbox 264 1919 430 1972; x_wconf 87' lang='lat' dir='ltr'><strong>inter</strong></span> <span class='ocrx_word' id='word_1_227' title='bbox 461 1925 692 1971; x_wconf 64' lang='lat' dir='ltr'><strong>caeteros</strong></span> <span class='ocrx_word' id='word_1_228' title='bbox 718 1924 1023 1970; x_wconf 88' lang='lat' dir='ltr'><strong>sanctarum</strong></span> <span class='ocrx_word' id='word_1_229' title='bbox 1046 1917 1321 1971; x_wconf 86' lang='lat' dir='ltr'><strong>volucrum</strong></span> <span class='ocrx_word' id='word_1_230' title='bbox 1350 1926 1520 1972; x_wconf 75' lang='lat' dir='ltr'><strong>emtas</strong></span> <span class='ocrx_word' id='word_1_231' title='bbox 1561 1916 1775 1989; x_wconf 89' lang='lat' dir='ltr'><strong>[usque]</strong></span> <span class='ocrx_word' id='word_1_232' title='bbox 1802 1919 1868 1971; x_wconf 90' lang='lat' dir='ltr'><strong>ad</strong></span> 
     </span>
    </p>
   </div>
   <div class='ocr_carea' id='block_1_33' title="bbox 260 2004 1132 2075">
    <p class='ocr_par' dir='ltr' id='par_1_33' title="bbox 260 2004 1132 2075">
     <span class='ocr_line' id='line_1_33' title="bbox 260 2004 1132 2075; baseline -0.001 -15"><span class='ocrx_word' id='word_1_233' title='bbox 260 2006 627 2075; x_wconf 88' lang='lat' dir='ltr'><strong>piscationes</strong></span> <span class='ocrx_word' id='word_1_234' title='bbox 654 2005 831 2074; x_wconf 90' lang='lat' dir='ltr'><strong>Ligeri</strong></span> <span class='ocrx_word' id='word_1_235' title='bbox 871 2004 1132 2059; x_wconf 80' lang='lat' dir='ltr'><strong>ﬂuminis!</strong></span> 
     </span>
    </p>
   </div>
   <div class='ocr_carea' id='block_1_34' title="bbox 345 2097 1863 2172">
    <p class='ocr_par' dir='ltr' id='par_1_34' title="bbox 345 2097 1863 2172">
     <span class='ocr_line' id='line_1_34' title="bbox 345 2097 1863 2172; baseline 0.003 -21"><span class='ocrx_word' id='word_1_236' title='bbox 345 2097 641 2151; x_wconf 77' lang='lat' dir='ltr'><strong>Mandavit</strong></span> <span class='ocrx_word' id='word_1_237' title='bbox 662 2097 1016 2166; x_wconf 89' lang='lat' dir='ltr'><strong>mihi‘quoque</strong></span> <span class='ocrx_word' id='word_1_238' title='bbox 1031 2098 1256 2154; x_wconf 91' lang='lat' dir='ltr'><strong>domnus</strong></span> <span class='ocrx_word' id='word_1_239' title='bbox 1268 2115 1359 2155; x_wconf 79' lang='lat' dir='ltr'><strong>rex</strong></span> <span class='ocrx_word' id='word_1_240' title='bbox 1382 2102 1567 2156; x_wconf 83' lang='lat' dir='ltr'><strong>venire</strong></span> <span class='ocrx_word' id='word_1_241' title='bbox 1590 2101 1656 2156; x_wconf 92' lang='lat' dir='ltr'><strong>ad</strong></span> <span class='ocrx_word' id='word_1_242' title='bbox 1669 2101 1863 2172; x_wconf 79' lang='lat' dir='ltr'><strong>Gyskc,</strong></span> 
     </span>
    </p>
   </div>
   <div class='ocr_carea' id='block_1_35' title="bbox 260 2188 1867 2263">
    <p class='ocr_par' dir='ltr' id='par_1_35' title="bbox 260 2188 1867 2263">
     <span class='ocr_line' id='line_1_35' title="bbox 260 2188 1867 2263; baseline 0.001 -20"><span class='ocrx_word' id='word_1_243' title='bbox 260 2188 652 2243; x_wconf 71' lang='lat' dir='ltr'><strong>sanctissimae</strong></span> <span class='ocrx_word' id='word_1_244' title='bbox 673 2188 873 2243; x_wconf 85' lang='lat' dir='ltr'><strong>sororis</strong></span> <span class='ocrx_word' id='word_1_245' title='bbox 901 2203 1009 2243; x_wconf 79' lang='lat' dir='ltr'><strong>sua:</strong></span> <span class='ocrx_word' id='word_1_246' title='bbox 1029 2190 1329 2245; x_wconf 71' lang='lat' dir='ltr'><strong>coenobium</strong></span> <span class='ocrx_word' id='word_1_247' title='bbox 1351 2190 1503 2263; x_wconf 88' lang='lat' dir='ltr'><strong>[Cod.</strong></span> <span class='ocrx_word' id='word_1_248' title='bbox 1530 2191 1669 2255; x_wconf 86' lang='lat' dir='ltr'><strong>Sal.,</strong></span> <span class='ocrx_word' id='word_1_249' title='bbox 1708 2192 1867 2261; x_wconf 82' lang='lat' dir='ltr'><strong>Gysla</strong></span> 
     </span>
    </p>
   </div>
   <div class='ocr_carea' id='block_1_36' title="bbox 264 2281 1866 2356">
    <p class='ocr_par' dir='ltr' id='par_1_36' title="bbox 264 2281 1866 2356">
     <span class='ocr_line' id='line_1_36' title="bbox 264 2281 1866 2356; baseline 0.002 -21"><span class='ocrx_word' id='word_1_250' title='bbox 428 2281 616 2335; x_wconf 90' lang='lat' dir='ltr'><strong>sorori</strong></span> <span class='ocrx_word' id='word_1_251' title='bbox 639 2281 806 2336; x_wconf 92' lang='lat' dir='ltr'><strong>....ad</strong></span> <span class='ocrx_word' id='word_1_252' title='bbox 826 2282 1147 2354; x_wconf 76' lang='lat' dir='ltr'><strong>emnobium]</strong></span> <span class='ocrx_word' id='word_1_253' title='bbox 1176 2282 1345 2339; x_wconf 57' lang='lat' dir='ltr'><strong>1’Gale</strong></span> <span class='ocrx_word' id='word_1_254' title='bbox 1369 2282 1520 2356; x_wconf 97' lang='grc' dir='ltr'>[ϐοά.</span> <span class='ocrx_word' id='word_1_255' title='bbox 1556 2283 1694 2349; x_wconf 88' lang='lat' dir='ltr'><strong>Sal.,</strong></span> <span class='ocrx_word' id='word_1_256' title='bbox 1719 2283 1866 2355; x_wconf 92' lang='lat' dir='ltr'><strong>Cale]</strong></span> 
     </span>
    </p>
   </div>
   <div class='ocr_carea' id='block_1_37' title="bbox 260 2370 1865 2445">
    <p class='ocr_par' dir='ltr' id='par_1_37' title="bbox 260 2370 1865 2445">
     <span class='ocr_line' id='line_1_37' title="bbox 260 2370 1865 2445; baseline 0 -19"><span class='ocrx_word' id='word_1_257' title='bbox 260 2373 507 2427; x_wconf 89' lang='lat' dir='ltr'><strong>obviam</strong></span> <span class='ocrx_word' id='word_1_258' title='bbox 538 2370 877 2440; x_wconf 76' lang='lat' dir='ltr'><strong>Angilberto;</strong></span> <span class='ocrx_word' id='word_1_259' title='bbox 906 2372 999 2427; x_wconf 90' lang='lat' dir='ltr'><strong>sed</strong></span> <span class='ocrx_word' id='word_1_260' title='bbox 1041 2373 1227 2442; x_wconf 83' lang='lat' dir='ltr'><strong>ignoro</strong></span> <span class='ocrx_word' id='word_1_261' title='bbox 1256 2374 1429 2429; x_wconf 90' lang='lat' dir='ltr'><strong>adhuc</strong></span> <span class='ocrx_word' id='word_1_262' title='bbox 1453 2375 1666 2443; x_wconf 89' lang='lat' dir='ltr'><strong>quando</strong></span> <span class='ocrx_word' id='word_1_263' title='bbox 1692 2374 1865 2445; x_wconf 81' lang='lat' dir='ltr'><strong>[Pez.,</strong></span> 
     </span>
    </p>
   </div>
   <div class='ocr_carea' id='block_1_38' title="bbox 262 2461 1867 2539">
    <p class='ocr_par' dir='ltr' id='par_1_38' title="bbox 262 2461 1867 2539">
     <span class='ocr_line' id='line_1_38' title="bbox 262 2461 1867 2539; baseline 0.002 -21"><span class='ocrx_word' id='word_1_264' title='bbox 262 2461 588 2535; x_wconf 87' lang='lat' dir='ltr'><strong>quomodo]</strong></span> <span class='ocrx_word' id='word_1_265' title='bbox 612 2463 713 2517; x_wconf 93' lang='lat' dir='ltr'><strong>hoc</strong></span> <span class='ocrx_word' id='word_1_266' title='bbox 734 2464 850 2518; x_wconf 82' lang='lat' dir='ltr'><strong>fieri</strong></span> <span class='ocrx_word' id='word_1_267' title='bbox 879 2464 1090 2519; x_wconf 87' lang='lat' dir='ltr'><strong>debeat.</strong></span> <span class='ocrx_word' id='word_1_268' title='bbox 1135 2465 1191 2520; x_wconf 90' lang='lat' dir='ltr'><strong>Si</strong></span> <span class='ocrx_word' id='word_1_269' title='bbox 1237 2476 1361 2521; x_wconf 88' lang='lat' dir='ltr'><strong>ante</strong></span> <span class='ocrx_word' id='word_1_270' title='bbox 1387 2468 1528 2537; x_wconf 89' lang='lat' dir='ltr'><strong>regis</strong></span> <span class='ocrx_word' id='word_1_271' title='bbox 1559 2466 1867 2539; x_wconf 77' lang='lat' dir='ltr'><strong>[adventum</strong></span> 
     </span>
    </p>
   </div>
   <div class='ocr_carea' id='block_1_39' title="bbox 263 2553 1869 2626">
    <p class='ocr_par' dir='ltr' id='par_1_39' title="bbox 263 2553 1869 2626">
     <span class='ocr_line' id='line_1_39' title="bbox 263 2553 1869 2626; baseline 0.002 -15"><span class='ocrx_word' id='word_1_272' title='bbox 263 2558 385 2611; x_wconf 89' lang='lat' dir='ltr'><strong>hoc</strong></span> <span class='ocrx_word' id='word_1_273' title='bbox 415 2553 554 2626; x_wconf 89' lang='lat' dir='ltr'><strong>erit]</strong></span> <span class='ocrx_word' id='word_1_274' title='bbox 605 2554 932 2619; x_wconf 88' lang='lat' dir='ltr'><strong>condictum,</strong></span> <span class='ocrx_word' id='word_1_275' title='bbox 966 2564 1092 2610; x_wconf 90' lang='lat' dir='ltr'><strong>tunc</strong></span> <span class='ocrx_word' id='word_1_276' title='bbox 1134 2558 1317 2613; x_wconf 83' lang='lat' dir='ltr'><strong>venies</strong></span> <span class='ocrx_word' id='word_1_277' title='bbox 1346 2560 1503 2614; x_wconf 90' lang='lat' dir='ltr'><strong>nobis</strong></span> <span class='ocrx_word' id='word_1_278' title='bbox 1534 2559 1743 2614; x_wconf 79' lang='lat' dir='ltr'><strong>obviam</strong></span> <span class='ocrx_word' id='word_1_279' title='bbox 1800 2560 1869 2614; x_wconf 90' lang='lat' dir='ltr'><strong>ad</strong></span> 
     </span>
    </p>
   </div>
   <div class='ocr_carea' id='block_1_40' title="bbox 265 2644 1868 2721">
    <p class='ocr_par' dir='ltr' id='par_1_40' title="bbox 265 2644 1868 2721">
     <span class='ocr_line' id='line_1_40' title="bbox 265 2644 1868 2721; baseline -0.001 -19"><span class='ocrx_word' id='word_1_280' title='bbox 265 2661 289 2686; x_wconf 72' lang='grc' dir='ltr'><strong><em>τ</em></strong></span> <span class='ocrx_word' id='word_1_281' title='bbox 314 2648 618 2702; x_wconf 81' lang='lat' dir='ltr'><strong>Cnisacam</strong></span> <span class='ocrx_word' id='word_1_282' title='bbox 644 2646 815 2701; x_wconf 86' lang='lat' dir='ltr'><strong>sancti</strong></span> <span class='ocrx_word' id='word_1_283' title='bbox 843 2644 1098 2715; x_wconf 84' lang='lat' dir='ltr'><strong>Stephani</strong></span> <span class='ocrx_word' id='word_1_284' title='bbox 1126 2648 1319 2702; x_wconf 89' lang='lat' dir='ltr'><strong>cellam</strong></span> <span class='ocrx_word' id='word_1_285' title='bbox 1356 2658 1411 2703; x_wconf 93' lang='lat' dir='ltr'><strong>et</strong></span> <span class='ocrx_word' id='word_1_286' title='bbox 1452 2648 1601 2721; x_wconf 79' lang='lat' dir='ltr'><strong>[Pez.</strong></span> <span class='ocrx_word' id='word_1_287' title='bbox 1622 2688 1638 2713; x_wconf 91' lang='lat'><strong>,</strong></span> <span class='ocrx_word' id='word_1_288' title='bbox 1663 2648 1768 2719; x_wconf 91' lang='lat' dir='ltr'><strong>vel]</strong></span> <span class='ocrx_word' id='word_1_289' title='bbox 1800 2648 1868 2702; x_wconf 91' lang='lat' dir='ltr'><strong>ad</strong></span> 
     </span>
    </p>
   </div>
   <div class='ocr_carea' id='block_1_41' title="bbox 263 2735 1869 2809">
    <p class='ocr_par' dir='ltr' id='par_1_41' title="bbox 263 2735 1869 2809">
     <span class='ocr_line' id='line_1_41' title="bbox 263 2735 1869 2809; baseline -0.001 -16"><span class='ocrx_word' id='word_1_290' title='bbox 263 2738 320 2809; x_wconf 75' lang='grc' dir='ltr'><strong>[ιι</strong></span> <span class='ocrx_word' id='word_1_291' title='bbox 348 2738 690 2794; x_wconf 81' lang='lat' dir='ltr'><strong>Noviantum</strong></span> <span class='ocrx_word' id='word_1_292' title='bbox 717 2735 1017 2808; x_wconf 90' lang='lat' dir='ltr'><strong>Curtulum]</strong></span> <span class='ocrx_word' id='word_1_293' title='bbox 1040 2746 1301 2791; x_wconf 89' lang='lat' dir='ltr'><strong>nostrum.</strong></span> <span class='ocrx_word' id='word_1_294' title='bbox 1332 2736 1437 2791; x_wconf 90' lang='lat' dir='ltr'><strong>Sed</strong></span> <span class='ocrx_word' id='word_1_295' title='bbox 1465 2737 1658 2792; x_wconf 90' lang='lat' dir='ltr'><strong>festina</strong></span> <span class='ocrx_word' id='word_1_296' title='bbox 1674 2738 1869 2792; x_wconf 89' lang='lat' dir='ltr'><strong>rescri-</strong></span> 
     </span>
    </p>
   </div>
   <div class='ocr_carea' id='block_1_42' title="bbox 262 2826 1864 2899">
    <p class='ocr_par' dir='ltr' id='par_1_42' title="bbox 262 2826 1864 2899">
     <span class='ocr_line' id='line_1_42' title="bbox 262 2826 1864 2899; baseline -0.001 -16"><span class='ocrx_word' id='word_1_297' title='bbox 262 2831 412 2883; x_wconf 90' lang='lat' dir='ltr'><strong>bere</strong></span> <span class='ocrx_word' id='word_1_298' title='bbox 441 2829 602 2891; x_wconf 89' lang='lat' dir='ltr'><strong>mihi,</strong></span> <span class='ocrx_word' id='word_1_299' title='bbox 630 2836 887 2896; x_wconf 90' lang='lat' dir='ltr'><strong>quantum</strong></span> <span class='ocrx_word' id='word_1_300' title='bbox 915 2828 1029 2882; x_wconf 83' lang='lat' dir='ltr'><strong>fieri</strong></span> <span class='ocrx_word' id='word_1_301' title='bbox 1074 2836 1249 2897; x_wconf 88' lang='lat' dir='ltr'><strong>potest</strong></span> <span class='ocrx_word' id='word_1_302' title='bbox 1282 2826 1434 2899; x_wconf 87' lang='lat' dir='ltr'><strong>[Cod.</strong></span> <span class='ocrx_word' id='word_1_303' title='bbox 1465 2827 1606 2892; x_wconf 85' lang='lat' dir='ltr'><strong>Sal.,</strong></span> <span class='ocrx_word' id='word_1_304' title='bbox 1633 2827 1864 2898; x_wconf 89' lang='lat' dir='ltr'><strong>posses],</strong></span> 
     </span>
    </p>
   </div>
   <div class='ocr_carea' id='block_1_43' title="bbox 267 2912 1868 2985">
    <p class='ocr_par' dir='ltr' id='par_1_43' title="bbox 267 2912 1868 2985">
     <span class='ocr_line' id='line_1_43' title="bbox 267 2912 1868 2985; baseline -0.001 -16"><span class='ocrx_word' id='word_1_305' title='bbox 267 2925 506 2985; x_wconf 85' lang='lat' dir='ltr'><strong>tempus</strong></span> <span class='ocrx_word' id='word_1_306' title='bbox 534 2914 829 2968; x_wconf 89' lang='lat' dir='ltr'><strong>mansionis</strong></span> <span class='ocrx_word' id='word_1_307' title='bbox 876 2924 981 2968; x_wconf 75' lang='lat' dir='ltr'><strong>tua:</strong></span> <span class='ocrx_word' id='word_1_308' title='bbox 1025 2914 1165 2982; x_wconf 89' lang='lat' dir='ltr'><strong>apud</strong></span> <span class='ocrx_word' id='word_1_309' title='bbox 1197 2921 1439 2968; x_wconf 89' lang='lat' dir='ltr'><strong>sanctum</strong></span> <span class='ocrx_word' id='word_1_310' title='bbox 1466 2912 1784 2979; x_wconf 77' lang='lat' dir='ltr'><strong>Amandum,</strong></span> <span class='ocrx_word' id='word_1_311' title='bbox 1815 2921 1868 2969; x_wconf 90' lang='lat' dir='ltr'><strong>et</strong></span> 
     </span>
    </p>
   </div>
   <div class='ocr_carea' id='block_1_44' title="bbox 265 3003 1867 3078">
    <p class='ocr_par' dir='ltr' id='par_1_44' title="bbox 265 3003 1867 3078">
     <span class='ocr_line' id='line_1_44' title="bbox 265 3003 1867 3078; baseline 0.001 -18"><span class='ocrx_word' id='word_1_312' title='bbox 265 3006 412 3078; x_wconf 86' lang='lat' dir='ltr'><strong>quid</strong></span> <span class='ocrx_word' id='word_1_313' title='bbox 445 3016 470 3043; x_wconf 74' lang='grc' dir='ltr'><strong>ε</strong></span> <span class='ocrx_word' id='word_1_314' title='bbox 504 3004 769 3059; x_wconf 90' lang='lat' dir='ltr'><strong>Leidrado</strong></span> <span class='ocrx_word' id='word_1_315' title='bbox 805 3003 957 3075; x_wconf 86' lang='lat' dir='ltr'><strong>[Cod.</strong></span> <span class='ocrx_word' id='word_1_316' title='bbox 1007 3004 1153 3068; x_wconf 89' lang='lat' dir='ltr'><strong>Sal.,</strong></span> <span class='ocrx_word' id='word_1_317' title='bbox 1203 3005 1489 3077; x_wconf 88' lang='lat' dir='ltr'><strong>Laidrado]</strong></span> <span class='ocrx_word' id='word_1_318' title='bbox 1545 3008 1867 3061; x_wconf 89' lang='lat' dir='ltr'><strong>demandare</strong></span> 
     </span>
    </p>
   </div>
   <div class='ocr_carea' id='block_1_45' title="bbox 268 3092 1861 3165">
    <p class='ocr_par' dir='ltr' id='par_1_45' title="bbox 268 3092 1861 3165">
     <span class='ocr_line' id='line_1_45' title="bbox 268 3092 1861 3165; baseline -0.002 -14"><span class='ocrx_word' id='word_1_319' title='bbox 268 3098 442 3151; x_wconf 83' lang='lat' dir='ltr'><strong>velis.</strong></span> <span class='ocrx_word' id='word_1_320' title='bbox 474 3096 580 3149; x_wconf 76' lang='lat' dir='ltr'><strong>Vix</strong></span> <span class='ocrx_word' id='word_1_321' title='bbox 610 3095 760 3158; x_wconf 83' lang='lat' dir='ltr'><strong>vivit,</strong></span> <span class='ocrx_word' id='word_1_322' title='bbox 790 3095 833 3148; x_wconf 87' lang='lat' dir='ltr'><strong>si</strong></span> <span class='ocrx_word' id='word_1_323' title='bbox 857 3092 1020 3148; x_wconf 83' lang='lat' dir='ltr'><strong>facies</strong></span> <span class='ocrx_word' id='word_1_324' title='bbox 1045 3102 1257 3147; x_wconf 88' lang='lat' dir='ltr'><strong>nostras</strong></span> <span class='ocrx_word' id='word_1_325' title='bbox 1280 3110 1386 3147; x_wconf 91' lang='lat' dir='ltr'><strong>non</strong></span> <span class='ocrx_word' id='word_1_326' title='bbox 1410 3095 1608 3149; x_wconf 88' lang='lat' dir='ltr'><strong>videbit</strong></span> <span class='ocrx_word' id='word_1_327' title='bbox 1642 3097 1861 3165; x_wconf 90' lang='lat' dir='ltr'><strong>pariter.</strong></span> 
     </span>
    </p>
   </div>
   <div class='ocr_carea' id='block_1_46' title="bbox 270 3182 1865 3247">
    <p class='ocr_par' dir='ltr' id='par_1_46' title="bbox 270 3182 1865 3247">
     <span class='ocr_line' id='line_1_46' title="bbox 270 3182 1865 3247; baseline -0.003 -6"><span class='ocrx_word' id='word_1_328' title='bbox 270 3188 413 3243; x_wconf 76' lang='lat' dir='ltr'><strong>Fuit</strong></span> <span class='ocrx_word' id='word_1_329' title='bbox 447 3186 597 3240; x_wconf 89' lang='lat' dir='ltr'><strong>enim</strong></span> <span class='ocrx_word' id='word_1_330' title='bbox 646 3192 761 3240; x_wconf 93' lang='lat' dir='ltr'><strong>toto</strong></span> <span class='ocrx_word' id='word_1_331' title='bbox 814 3198 955 3238; x_wconf 88' lang='lat' dir='ltr'><strong>anno</strong></span> <span class='ocrx_word' id='word_1_332' title='bbox 1006 3182 1250 3237; x_wconf 78' lang='lat' dir='ltr'><strong>infirmus</strong></span> <span class='ocrx_word' id='word_1_333' title='bbox 1278 3183 1469 3247; x_wconf 85' lang='lat' dir='ltr'><strong>valde,</strong></span> <span class='ocrx_word' id='word_1_334' title='bbox 1518 3191 1574 3237; x_wconf 91' lang='lat' dir='ltr'><strong>et</strong></span> <span class='ocrx_word' id='word_1_335' title='bbox 1608 3183 1865 3238; x_wconf 90' lang='lat' dir='ltr'><strong>dissoluta</strong></span> 
     </span>
    </p>
   </div>
   <div class='ocr_carea' id='block_1_47' title="bbox 272 3272 1869 3347">
    <p class='ocr_par' dir='ltr' id='par_1_47' title="bbox 272 3272 1869 3347">
     <span class='ocr_line' id='line_1_47' title="bbox 272 3272 1869 3347; baseline -0.002 -15"><span class='ocrx_word' id='word_1_336' title='bbox 272 3279 473 3332; x_wconf 78' lang='lat' dir='ltr'><strong>anima</strong></span> <span class='ocrx_word' id='word_1_337' title='bbox 502 3290 600 3330; x_wconf 88' lang='lat' dir='ltr'><strong>sua</strong></span> <span class='ocrx_word' id='word_1_338' title='bbox 631 3272 783 3346; x_wconf 82' lang='grc' dir='ltr'>[ϐοά.</span> <span class='ocrx_word' id='word_1_339' title='bbox 814 3272 928 3329; x_wconf 81' lang='lat' dir='ltr'><strong>Sal.</strong></span> <span class='ocrx_word' id='word_1_340' title='bbox 949 3315 963 3339; x_wconf 91' lang='lat'><strong>,</strong></span> <span class='ocrx_word' id='word_1_341' title='bbox 997 3275 1185 3329; x_wconf 69' lang='lat' dir='ltr'><strong>animm</strong></span> <span class='ocrx_word' id='word_1_342' title='bbox 1207 3274 1341 3347; x_wconf 66' lang='lat' dir='ltr'><strong>sum]</strong></span> <span class='ocrx_word' id='word_1_343' title='bbox 1380 3274 1664 3329; x_wconf 91' lang='lat' dir='ltr'><strong>consiliare</strong></span> <span class='ocrx_word' id='word_1_344' title='bbox 1686 3276 1869 3329; x_wconf 89' lang='lat' dir='ltr'><strong>nobis-</strong></span> 
     </span>
    </p>
   </div>
   <div class='ocr_carea' id='block_1_48' title="bbox 274 3366 1869 3436">
    <p class='ocr_par' dir='ltr' id='par_1_48' title="bbox 274 3366 1869 3436">
     <span class='ocr_line' id='line_1_48' title="bbox 274 3366 1869 3436; baseline -0.001 -12"><span class='ocrx_word' id='word_1_345' title='bbox 274 3386 411 3425; x_wconf 88' lang='lat' dir='ltr'><strong>cum</strong></span> <span class='ocrx_word' id='word_1_346' title='bbox 470 3368 639 3436; x_wconf 91' lang='lat' dir='ltr'><strong>cupit.</strong></span> <span class='ocrx_word' id='word_1_347' title='bbox 696 3366 856 3419; x_wconf 81' lang='lat' dir='ltr'><strong>Multa</strong></span> <span class='ocrx_word' id='word_1_348' title='bbox 891 3367 1047 3429; x_wconf 90' lang='lat' dir='ltr'><strong>bona,</strong></span> <span class='ocrx_word' id='word_1_349' title='bbox 1082 3367 1251 3436; x_wconf 78' lang='lat' dir='ltr'><strong>gloria</strong></span> <span class='ocrx_word' id='word_1_350' title='bbox 1299 3368 1437 3422; x_wconf 90' lang='lat' dir='ltr'><strong>Deo!</strong></span> <span class='ocrx_word' id='word_1_351' title='bbox 1471 3368 1633 3423; x_wconf 85' lang='lat' dir='ltr'><strong>habet</strong></span> <span class='ocrx_word' id='word_1_352' title='bbox 1664 3369 1717 3423; x_wconf 94' lang='lat' dir='ltr'><strong>in</strong></span> <span class='ocrx_word' id='word_1_353' title='bbox 1765 3368 1869 3422; x_wconf 80' lang='lat' dir='ltr'><strong>illis</strong></span> 
     </span>
    </p>
   </div>
   <div class='ocr_carea' id='block_1_49' title="bbox 274 3455 1867 3527">
    <p class='ocr_par' dir='ltr' id='par_1_49' title="bbox 274 3455 1867 3527">
     <span class='ocr_line' id='line_1_49' title="bbox 274 3455 1867 3527; baseline 0.001 -15"><span class='ocrx_word' id='word_1_354' title='bbox 274 3459 539 3527; x_wconf 83' lang='lat' dir='ltr'><strong>partibus</strong></span> <span class='ocrx_word' id='word_1_355' title='bbox 561 3455 724 3509; x_wconf 89' lang='lat' dir='ltr'><strong>facta.</strong></span> <span class='ocrx_word' id='word_1_356' title='bbox 746 3456 964 3509; x_wconf 90' lang='lat' dir='ltr'><strong>Dubitat</strong></span> <span class='ocrx_word' id='word_1_357' title='bbox 989 3470 1115 3509; x_wconf 83' lang='lat' dir='ltr'><strong>vero</strong></span> <span class='ocrx_word' id='word_1_358' title='bbox 1134 3472 1200 3509; x_wconf 90' lang='lat' dir='ltr'><strong>an</strong></span> <span class='ocrx_word' id='word_1_359' title='bbox 1232 3458 1421 3512; x_wconf 90' lang='lat' dir='ltr'><strong>melius</strong></span> <span class='ocrx_word' id='word_1_360' title='bbox 1446 3460 1517 3513; x_wconf 90' lang='lat' dir='ltr'><strong>sit</strong></span> <span class='ocrx_word' id='word_1_361' title='bbox 1545 3460 1788 3515; x_wconf 89' lang='lat' dir='ltr'><strong>laborare</strong></span> <span class='ocrx_word' id='word_1_362' title='bbox 1812 3460 1867 3513; x_wconf 92' lang='lat' dir='ltr'><strong>in</strong></span> 
     </span>
    </p>
   </div>
   <div class='ocr_carea' id='block_1_50' title="bbox 276 3546 1868 3621">
    <p class='ocr_par' dir='ltr' id='par_1_50' title="bbox 276 3546 1868 3621">
     <span class='ocr_line' id='line_1_50' title="bbox 276 3546 1868 3621; baseline 0.001 -16"><span class='ocrx_word' id='word_1_363' title='bbox 276 3547 694 3621; x_wconf 64' lang='lat' dir='ltr'><strong>praedicationis</strong></span> <span class='ocrx_word' id='word_1_364' title='bbox 722 3546 1037 3609; x_wconf 90' lang='lat' dir='ltr'><strong>ministerio,</strong></span> <span class='ocrx_word' id='word_1_365' title='bbox 1079 3547 1163 3601; x_wconf 89' lang='lat' dir='ltr'><strong>vel</strong></span> <span class='ocrx_word' id='word_1_366' title='bbox 1188 3548 1425 3616; x_wconf 87' lang='lat' dir='ltr'><strong>quietam</strong></span> <span class='ocrx_word' id='word_1_367' title='bbox 1446 3551 1643 3605; x_wconf 89' lang='lat' dir='ltr'><strong>ducere</strong></span> <span class='ocrx_word' id='word_1_368' title='bbox 1667 3552 1868 3606; x_wconf 86' lang='lat' dir='ltr'><strong>vitam?</strong></span> 
     </span>
    </p>
   </div>
   <div class='ocr_carea' id='block_1_51' title="bbox 278 3638 1868 3710">
    <p class='ocr_par' dir='ltr' id='par_1_51' title="bbox 278 3638 1868 3710">
     <span class='ocr_line' id='line_1_51' title="bbox 278 3638 1868 3710; baseline -0.001 -12"><span class='ocrx_word' id='word_1_369' title='bbox 278 3641 395 3697; x_wconf 87' lang='lat' dir='ltr'><strong>Sed</strong></span> <span class='ocrx_word' id='word_1_370' title='bbox 427 3641 632 3696; x_wconf 90' lang='lat' dir='ltr'><strong>certius</strong></span> <span class='ocrx_word' id='word_1_371' title='bbox 660 3638 839 3694; x_wconf 90' lang='lat' dir='ltr'><strong>abillo</strong></span> <span class='ocrx_word' id='word_1_372' title='bbox 869 3639 1004 3710; x_wconf 90' lang='lat' dir='ltr'><strong>ipso,</strong></span> <span class='ocrx_word' id='word_1_373' title='bbox 1032 3641 1373 3710; x_wconf 89' lang='lat' dir='ltr'><strong>permittente</strong></span> <span class='ocrx_word' id='word_1_374' title='bbox 1402 3641 1533 3706; x_wconf 86' lang='lat' dir='ltr'><strong>Deo,</strong></span> <span class='ocrx_word' id='word_1_375' title='bbox 1579 3644 1693 3697; x_wconf 57' lang='lat' dir='ltr'><strong>haec</strong></span> <span class='ocrx_word' id='word_1_376' title='bbox 1718 3644 1868 3696; x_wconf 88' lang='lat' dir='ltr'><strong>audi-</strong></span> 
     </span>
    </p>
   </div>
   <div class='ocr_carea' id='block_1_52' title="bbox 279 3730 1869 3802">
    <p class='ocr_par' dir='ltr' id='par_1_52' title="bbox 279 3730 1869 3802">
     <span class='ocr_line' id='line_1_52' title="bbox 279 3730 1869 3802; baseline 0 -15"><span class='ocrx_word' id='word_1_377' title='bbox 279 3735 395 3787; x_wconf 86' lang='lat' dir='ltr'><strong>turi</strong></span> <span class='ocrx_word' id='word_1_378' title='bbox 429 3733 657 3787; x_wconf 87' lang='lat' dir='ltr'><strong>erimus.</strong></span> <span class='ocrx_word' id='word_1_379' title='bbox 690 3730 932 3785; x_wconf 77' lang='lat' dir='ltr'><strong>Mandavi</strong></span> <span class='ocrx_word' id='word_1_380' title='bbox 964 3746 1058 3800; x_wconf 90' lang='lat' dir='ltr'><strong>per</strong></span> <span class='ocrx_word' id='word_1_381' title='bbox 1092 3731 1300 3786; x_wconf 87' lang='lat' dir='ltr'><strong>litteras</strong></span> <span class='ocrx_word' id='word_1_382' title='bbox 1324 3733 1521 3796; x_wconf 90' lang='lat' dir='ltr'><strong>etiam,</strong></span> <span class='ocrx_word' id='word_1_383' title='bbox 1575 3741 1629 3786; x_wconf 92' lang='lat' dir='ltr'><strong>ct</strong></span> <span class='ocrx_word' id='word_1_384' title='bbox 1674 3735 1869 3802; x_wconf 66' lang='lat' dir='ltr'><strong>saepius</strong></span> 
     </span>
    </p>
   </div>
   <div class='ocr_carea' id='block_1_53' title="bbox 280 3815 1862 3895">
    <p class='ocr_par' dir='ltr' id='par_1_53' title="bbox 280 3815 1862 3895">
     <span class='ocr_line' id='line_1_53' title="bbox 280 3815 1862 3895; baseline 0 -20"><span class='ocrx_word' id='word_1_385' title='bbox 280 3826 413 3877; x_wconf 86' lang='lat' dir='ltr'><strong>viva</strong></span> <span class='ocrx_word' id='word_1_386' title='bbox 454 3835 587 3876; x_wconf 91' lang='lat' dir='ltr'><strong>voce</strong></span> <span class='ocrx_word' id='word_1_387' title='bbox 610 3815 633 3885; x_wconf 82' lang='lat'><strong>,</strong></span> <span class='ocrx_word' id='word_1_388' title='bbox 684 3820 941 3876; x_wconf 81' lang='lat' dir='ltr'><strong>fratribus</strong></span> <span class='ocrx_word' id='word_1_389' title='bbox 971 3821 991 3859; x_wconf 70' lang='grc' dir='ltr'><em>τ</em></span> <span class='ocrx_word' id='word_1_390' title='bbox 1026 3823 1195 3875; x_wconf 84' lang='lat' dir='ltr'><strong>sancti</strong></span> <span class='ocrx_word' id='word_1_391' title='bbox 1241 3821 1478 3877; x_wconf 83' lang='lat' dir='ltr'><strong>Servazii</strong></span> <span class='ocrx_word' id='word_1_392' title='bbox 1531 3822 1684 3895; x_wconf 85' lang='lat' dir='ltr'><strong>[Cod.</strong></span> <span class='ocrx_word' id='word_1_393' title='bbox 1716 3823 1862 3889; x_wconf 89' lang='lat' dir='ltr'><strong>Sal.,</strong></span> 
     </span>
    </p>
   </div>
   <div class='ocr_carea' id='block_1_54' title="bbox 282 3910 1721 3987">
    <p class='ocr_par' dir='ltr' id='par_1_54' title="bbox 282 3910 1721 3987">
     <span class='ocr_line' id='line_1_54' title="bbox 282 3910 1721 3987; baseline 0.001 -20"><span class='ocrx_word' id='word_1_394' title='bbox 282 3910 558 3981; x_wconf 87' lang='lat' dir='ltr'><strong>Servasii]</strong></span> <span class='ocrx_word' id='word_1_395' title='bbox 592 3920 693 3965; x_wconf 77' lang='lat' dir='ltr'><strong>tuze</strong></span> <span class='ocrx_word' id='word_1_396' title='bbox 715 3912 917 3965; x_wconf 76' lang='lat' dir='ltr'><strong>servile</strong></span> <span class='ocrx_word' id='word_1_397' title='bbox 942 3912 1271 3987; x_wconf 86' lang='lat' dir='ltr'><strong>auctoritati,</strong></span> <span class='ocrx_word' id='word_1_398' title='bbox 1314 3913 1455 3967; x_wconf 88' lang='lat' dir='ltr'><strong>sicut</strong></span> <span class='ocrx_word' id='word_1_399' title='bbox 1489 3922 1545 3968; x_wconf 90' lang='lat' dir='ltr'><strong>et</strong></span> <span class='ocrx_word' id='word_1_400' title='bbox 1570 3914 1721 3968; x_wconf 88' lang='lat' dir='ltr'><strong>mihi.</strong></span> 
     </span>
    </p>
   </div>
   <div class='ocr_carea' id='block_1_55' title="bbox 353 4001 1869 4071">
    <p class='ocr_par' dir='ltr' id='par_1_55' title="bbox 353 4001 1869 4071">
     <span class='ocr_line' id='line_1_55' title="bbox 353 4001 1869 4071; baseline 0.001 -14"><span class='ocrx_word' id='word_1_401' title='bbox 353 4004 527 4058; x_wconf 86' lang='lat' dir='ltr'><strong>Plura</strong></span> <span class='ocrx_word' id='word_1_402' title='bbox 567 4001 665 4055; x_wconf 89' lang='lat' dir='ltr'><strong>tibi</strong></span> <span class='ocrx_word' id='word_1_403' title='bbox 716 4001 1007 4055; x_wconf 88' lang='lat' dir='ltr'><strong>scriberem</strong></span> <span class='ocrx_word' id='word_1_404' title='bbox 1054 4002 1120 4055; x_wconf 89' lang='lat' dir='ltr'><strong>de</strong></span> <span class='ocrx_word' id='word_1_405' title='bbox 1163 4011 1345 4056; x_wconf 90' lang='lat' dir='ltr'><strong>sancta</strong></span> <span class='ocrx_word' id='word_1_406' title='bbox 1373 4004 1767 4071; x_wconf 54' lang='lat' dir='ltr'><strong>praedicationis</strong></span> <span class='ocrx_word' id='word_1_407' title='bbox 1794 4007 1869 4060; x_wconf 91' lang='lat' dir='ltr'><strong>in-</strong></span> 
     </span>
    </p>
   </div>
   <div class='ocr_carea' id='block_1_56' title="bbox 280 4092 1866 4164">
    <p class='ocr_par' dir='ltr' id='par_1_56' title="bbox 280 4092 1866 4164">
     <span class='ocr_line' id='line_1_56' title="bbox 280 4092 1866 4164; baseline -0.001 -13"><span class='ocrx_word' id='word_1_408' title='bbox 280 4097 516 4155; x_wconf 86' lang='lat' dir='ltr'><strong>stantia,</strong></span> <span class='ocrx_word' id='word_1_409' title='bbox 547 4102 602 4146; x_wconf 91' lang='lat' dir='ltr'><strong>et</strong></span> <span class='ocrx_word' id='word_1_410' title='bbox 625 4092 690 4146; x_wconf 90' lang='lat' dir='ltr'><strong>de</strong></span> <span class='ocrx_word' id='word_1_411' title='bbox 712 4093 993 4146; x_wconf 89' lang='lat' dir='ltr'><strong>honestate</strong></span> <span class='ocrx_word' id='word_1_412' title='bbox 1019 4107 1227 4146; x_wconf 89' lang='lat' dir='ltr'><strong>morum</strong></span> <span class='ocrx_word' id='word_1_413' title='bbox 1265 4093 1407 4147; x_wconf 90' lang='lat' dir='ltr'><strong>inter</strong></span> <span class='ocrx_word' id='word_1_414' title='bbox 1435 4108 1672 4163; x_wconf 76' lang='lat' dir='ltr'><strong>paganos</strong></span> <span class='ocrx_word' id='word_1_415' title='bbox 1696 4112 1710 4160; x_wconf 91' lang='lat'><strong>;</strong></span> <span class='ocrx_word' id='word_1_416' title='bbox 1742 4097 1866 4164; x_wconf 87' lang='lat' dir='ltr'><strong>quia</strong></span> 
     </span>
    </p>
   </div>
   <div class='ocr_carea' id='block_1_57' title="bbox 282 4182 1868 4253">
    <p class='ocr_par' dir='ltr' id='par_1_57' title="bbox 282 4182 1868 4253">
     <span class='ocr_line' id='line_1_57' title="bbox 282 4182 1868 4253; baseline -0.001 -12"><span class='ocrx_word' id='word_1_417' title='bbox 282 4184 723 4243; x_wconf 86' lang='lat' dir='ltr'><strong>conversationis</strong></span> <span class='ocrx_word' id='word_1_418' title='bbox 750 4182 982 4253; x_wconf 76' lang='lat' dir='ltr'><strong>dignitas</strong></span> <span class='ocrx_word' id='word_1_419' title='bbox 1007 4182 1140 4236; x_wconf 91' lang='lat' dir='ltr'><strong>solet</strong></span> <span class='ocrx_word' id='word_1_420' title='bbox 1161 4197 1254 4237; x_wconf 88' lang='lat' dir='ltr'><strong>eos</strong></span> <span class='ocrx_word' id='word_1_421' title='bbox 1282 4183 1496 4237; x_wconf 89' lang='lat' dir='ltr'><strong>erudire</strong></span> <span class='ocrx_word' id='word_1_422' title='bbox 1532 4185 1584 4238; x_wconf 91' lang='lat' dir='ltr'><strong>in</strong></span> <span class='ocrx_word' id='word_1_423' title='bbox 1610 4186 1868 4253; x_wconf 70' lang='lat' dir='ltr'><strong>praedica-</strong></span> 
     </span>
    </p>
   </div>
   <div class='ocr_carea' id='block_1_58' title="bbox 282 4272 1869 4348">
    <p class='ocr_par' dir='ltr' id='par_1_58' title="bbox 282 4272 1869 4348">
     <span class='ocr_line' id='line_1_58' title="bbox 282 4272 1869 4348; baseline 0 -17"><span class='ocrx_word' id='word_1_424' title='bbox 282 4278 509 4334; x_wconf 90' lang='lat' dir='ltr'><strong>toribus</strong></span> <span class='ocrx_word' id='word_1_425' title='bbox 540 4273 670 4348; x_wconf 84' lang='grc' dir='ltr'>[Αι.,</span> <span class='ocrx_word' id='word_1_426' title='bbox 698 4272 1207 4345; x_wconf 72' lang='lat' dir='ltr'><strong>prmdieationibus],</strong></span> <span class='ocrx_word' id='word_1_427' title='bbox 1248 4275 1387 4329; x_wconf 89' lang='lat' dir='ltr'><strong>sicut</strong></span> <span class='ocrx_word' id='word_1_428' title='bbox 1413 4276 1699 4330; x_wconf 90' lang='lat' dir='ltr'><strong>verborum</strong></span> <span class='ocrx_word' id='word_1_429' title='bbox 1727 4278 1869 4331; x_wconf 90' lang='lat' dir='ltr'><strong>veri-</strong></span> 
     </span>
    </p>
   </div>
   <div class='ocr_carea' id='block_1_59' title="bbox 285 4446 1863 4586">
    <p class='ocr_par' dir='ltr' id='par_1_59' title="bbox 285 4446 1863 4586">
     <span class='ocr_line' id='line_1_59' title="bbox 285 4446 1863 4523; baseline -0.003 -16"><span class='ocrx_word' id='word_1_430' title='bbox 285 4454 405 4523; x_wconf 78' lang='lat' dir='ltr'><strong>regi</strong></span> <span class='ocrx_word' id='word_1_431' title='bbox 434 4450 747 4521; x_wconf 82' lang='lat' dir='ltr'><strong>promiserat</strong></span> <span class='ocrx_word' id='word_1_432' title='bbox 784 4446 995 4507; x_wconf 84' lang='lat' dir='ltr'><strong>defecit,</strong></span> <span class='ocrx_word' id='word_1_433' title='bbox 1031 4455 1091 4499; x_wconf 92' lang='lat' dir='ltr'><strong>ut</strong></span> <span class='ocrx_word' id='word_1_434' title='bbox 1115 4448 1393 4502; x_wconf 69' lang='lat' dir='ltr'><strong>annalistze</strong></span> <span class='ocrx_word' id='word_1_435' title='bbox 1446 4456 1725 4502; x_wconf 70' lang='lat' dir='ltr'><strong>testantur.</strong></span> <span class='ocrx_word' id='word_1_436' title='bbox 1763 4450 1863 4502; x_wconf 82' lang='lat' dir='ltr'><strong>Ar-</strong></span> 
     </span>
     <span class='ocr_line' id='line_1_60' title="bbox 286 4516 1861 4586; baseline -0.003 -10"><span class='ocrx_word' id='word_1_437' title='bbox 286 4520 467 4577; x_wconf 86' lang='lat' dir='ltr'><strong>nonis’</strong></span> <span class='ocrx_word' id='word_1_438' title='bbox 485 4521 741 4572; x_wconf 89' lang='lat' dir='ltr'><strong>intererat</strong></span> <span class='ocrx_word' id='word_1_439' title='bbox 760 4516 1058 4586; x_wconf 89' lang='lat' dir='ltr'><strong>providere,</strong></span> <span class='ocrx_word' id='word_1_440' title='bbox 1096 4532 1163 4569; x_wconf 91' lang='lat' dir='ltr'><strong>ne</strong></span> <span class='ocrx_word' id='word_1_441' title='bbox 1199 4518 1358 4569; x_wconf 91' lang='lat' dir='ltr'><strong>simul</strong></span> <span class='ocrx_word' id='word_1_442' title='bbox 1407 4517 1560 4571; x_wconf 84' lang='lat' dir='ltr'><strong>fidem</strong></span> <span class='ocrx_word' id='word_1_443' title='bbox 1600 4518 1710 4571; x_wconf 90' lang='lat' dir='ltr'><strong>Deo</strong></span> <span class='ocrx_word' id='word_1_444' title='bbox 1736 4534 1861 4586; x_wconf 85' lang='lat' dir='ltr'><strong>pru-</strong></span> 
     </span>
    </p>
   </div>
   <div class='ocr_carea' id='block_1_60' title="bbox 287 4586 1861 4655">
    <p class='ocr_par' dir='ltr' id='par_1_60' title="bbox 287 4586 1861 4655">
     <span class='ocr_line' id='line_1_61' title="bbox 287 4586 1861 4655; baseline -0.003 -9"><span class='ocrx_word' id='word_1_445' title='bbox 287 4594 523 4646; x_wconf 90' lang='lat' dir='ltr'><strong>missam</strong></span> <span class='ocrx_word' id='word_1_446' title='bbox 550 4588 819 4642; x_wconf 89' lang='lat' dir='ltr'><strong>desereret</strong></span> <span class='ocrx_word' id='word_1_447' title='bbox 845 4602 859 4651; x_wconf 91' lang='lat'><strong>;</strong></span> <span class='ocrx_word' id='word_1_448' title='bbox 896 4600 1015 4655; x_wconf 68' lang='lat' dir='ltr'><strong>quae</strong></span> <span class='ocrx_word' id='word_1_449' title='bbox 1045 4600 1131 4639; x_wconf 89' lang='lat' dir='ltr'><strong>res</strong></span> <span class='ocrx_word' id='word_1_450' title='bbox 1159 4587 1319 4640; x_wconf 89' lang='lat' dir='ltr'><strong>etiam</strong></span> <span class='ocrx_word' id='word_1_451' title='bbox 1357 4586 1638 4639; x_wconf 80' lang='lat' dir='ltr'><strong>Alcuinnm</strong></span> <span class='ocrx_word' id='word_1_452' title='bbox 1659 4588 1861 4641; x_wconf 90' lang='lat' dir='ltr'><strong>sollici-</strong></span> 
     </span>
    </p>
   </div>
   <div class='ocr_carea' id='block_1_61' title="bbox 288 4660 653 4717">
    <p class='ocr_par' dir='ltr' id='par_1_61' title="bbox 288 4660 653 4717">
     <span class='ocr_line' id='line_1_62' title="bbox 288 4660 653 4717; baseline -0.019 0"><span class='ocrx_word' id='word_1_453' title='bbox 288 4674 410 4717; x_wconf 87' lang='lat' dir='ltr'><strong>tum</strong></span> <span class='ocrx_word' id='word_1_454' title='bbox 445 4660 653 4713; x_wconf 76' lang='lat' dir='ltr'><strong>habuit.</strong></span> 
     </span>
    </p>
   </div>
   <div class='ocr_carea' id='block_1_62' title="bbox 361 4723 1861 4795">
    <p class='ocr_par' dir='ltr' id='par_1_62' title="bbox 361 4723 1861 4795">
     <span class='ocr_line' id='line_1_63' title="bbox 361 4723 1861 4795; baseline -0.002 -12"><span class='ocrx_word' id='word_1_455' title='bbox 361 4746 391 4773; x_wconf 78' lang='grc' dir='ltr'><strong>ει</strong></span> <span class='ocrx_word' id='word_1_456' title='bbox 438 4728 629 4795; x_wconf 82' lang='lat' dir='ltr'><strong>Regem</strong></span> <span class='ocrx_word' id='word_1_457' title='bbox 652 4728 904 4782; x_wconf 81' lang='lat' dir='ltr'><strong>orationis</strong></span> <span class='ocrx_word' id='word_1_458' title='bbox 927 4726 1096 4795; x_wconf 82' lang='lat' dir='ltr'><strong>gratia</strong></span> <span class='ocrx_word' id='word_1_459' title='bbox 1125 4724 1184 4780; x_wconf 93' lang='lat' dir='ltr'><strong>S.</strong></span> <span class='ocrx_word' id='word_1_460' title='bbox 1217 4723 1432 4778; x_wconf 78' lang='lat' dir='ltr'><strong>Martini</strong></span> <span class='ocrx_word' id='word_1_461' title='bbox 1461 4726 1667 4779; x_wconf 78' lang='lat' dir='ltr'><strong>uisitare</strong></span> <span class='ocrx_word' id='word_1_462' title='bbox 1690 4736 1861 4795; x_wconf 87' lang='lat' dir='ltr'><strong>patro-</strong></span> 
     </span>
    </p>
   </div>
   <div class='ocr_carea' id='block_1_63' title="bbox 287 4795 1859 4865">
    <p class='ocr_par' dir='ltr' id='par_1_63' title="bbox 287 4795 1859 4865">
     <span class='ocr_line' id='line_1_64' title="bbox 287 4795 1859 4865; baseline -0.003 -9"><span class='ocrx_word' id='word_1_463' title='bbox 287 4803 458 4856; x_wconf 83' lang='lat' dir='ltr'><strong>rim’a.</strong></span> <span class='ocrx_word' id='word_1_464' title='bbox 492 4795 622 4852; x_wconf 83' lang='lat' dir='ltr'><strong>Illuc</strong></span> <span class='ocrx_word' id='word_1_465' title='bbox 648 4814 745 4852; x_wconf 79' lang='lat' dir='ltr'><strong>rex</strong></span> <span class='ocrx_word' id='word_1_466' title='bbox 796 4798 960 4851; x_wconf 91' lang='lat' dir='ltr'><strong>etiam</strong></span> <span class='ocrx_word' id='word_1_467' title='bbox 984 4796 1135 4865; x_wconf 80' lang='lat' dir='ltr'><strong>venit</strong></span> <span class='ocrx_word' id='word_1_468' title='bbox 1163 4811 1304 4849; x_wconf 89' lang='lat' dir='ltr'><strong>anno</strong></span> <span class='ocrx_word' id='word_1_469' title='bbox 1350 4795 1453 4849; x_wconf 90' lang='lat'><strong>800</strong></span> <span class='ocrx_word' id='word_1_470' title='bbox 1484 4804 1608 4865; x_wconf 89' lang='lat' dir='ltr'><strong>post</strong></span> <span class='ocrx_word' id='word_1_471' title='bbox 1633 4796 1859 4851; x_wconf 83' lang='lat' dir='ltr'><strong>Pascha.</strong></span> 
     </span>
    </p>
   </div>
   <div class='ocr_carea' id='block_1_64' title="bbox 286 4864 1867 4949">
    <p class='ocr_par' dir='ltr' id='par_1_64' title="bbox 286 4864 1867 4949">
     <span class='ocr_line' id='line_1_65' title="bbox 286 4864 1867 4949; baseline -0.003 -24"><span class='ocrx_word' id='word_1_472' title='bbox 286 4872 769 4949; x_wconf 64' lang='lat' dir='ltr'><strong>Indepraesentem</strong></span> <span class='ocrx_word' id='word_1_473' title='bbox 804 4864 1081 4941; x_wconf 67' lang='lat' dir='ltr'><strong>epistolam</strong></span> <span class='ocrx_word' id='word_1_474' title='bbox 1105 4867 1171 4919; x_wconf 88' lang='lat' dir='ltr'><strong>ad</strong></span> <span class='ocrx_word' id='word_1_475' title='bbox 1201 4867 1343 4921; x_wconf 90' lang='lat' dir='ltr'><strong>hunc</strong></span> <span class='ocrx_word' id='word_1_476' title='bbox 1386 4864 1587 4921; x_wconf 81' lang='lat' dir='ltr'><strong>annum</strong></span> <span class='ocrx_word' id='word_1_477' title='bbox 1622 4878 1867 4936; x_wconf 90' lang='lat' dir='ltr'><strong>spectare</strong></span> 
     </span>
    </p>
   </div>
   <div class='ocr_carea' id='block_1_65' title="bbox 287 4952 1866 5085">
    <p class='ocr_par' dir='ltr' id='par_1_65' title="bbox 287 4952 1866 5085">
     <span class='ocr_line' id='line_1_66' title="bbox 287 4952 1866 5085; baseline 0.002 -26"><span class='ocrx_word' id='word_1_478' title='bbox 287 4952 590 5085; x_wconf 49' lang='lat' dir='ltr'><strong>cogilggie.</strong></span> <span class='ocrx_word' id='word_1_479' title='bbox 627 5004 831 5085; x_wconf 59' lang='lat' dir='ltr'><strong>Gallice</strong></span> <span class='ocrx_word' id='word_1_480' title='bbox 856 5000 1367 5085; x_wconf 41' lang='lat' dir='ltr'><strong>ghefleuadﬁmnem</strong></span> <span class='ocrx_word' id='word_1_481' title='bbox 1391 5005 1582 5085; x_wconf 11' lang='lat' dir='ltr'><strong>‘lfarn‘e</strong></span> <span class='ocrx_word' id='word_1_482' title='bbox 1631 5020 1866 5085; x_wconf 85' lang='lat' dir='ltr'><strong>quatuor</strong></span> 
     </span>
    </p>
   </div>
   <div class='ocr_carea' id='block_1_66' title="bbox 288 5073 1867 5146">
    <p class='ocr_par' dir='ltr' id='par_1_66' title="bbox 288 5073 1867 5146">
     <span class='ocr_line' id='line_1_67' title="bbox 288 5073 1867 5146; baseline -0.001 -12"><span class='ocrx_word' id='word_1_483' title='bbox 288 5076 621 5135; x_wconf 87' lang='lat' dir='ltr'><strong>milliaribus</strong></span> <span class='ocrx_word' id='word_1_484' title='bbox 639 5077 843 5131; x_wconf 86' lang='lat' dir='ltr'><strong>distans</strong></span> <span class='ocrx_word' id='word_1_485' title='bbox 859 5073 1096 5128; x_wconf 83' lang='lat' dir='ltr'><strong>Parisiis.</strong></span> <span class='ocrx_word' id='word_1_486' title='bbox 1126 5073 1245 5127; x_wconf 82' lang='lat' dir='ltr'><strong>Vid.</strong></span> <span class='ocrx_word' id='word_1_487' title='bbox 1268 5075 1425 5144; x_wconf 90' lang='lat' dir='ltr'><strong>epist.</strong></span> <span class='ocrx_word' id='word_1_488' title='bbox 1448 5077 1516 5130; x_wconf 89' lang='lat' dir='ltr'><strong>ad</strong></span> <span class='ocrx_word' id='word_1_489' title='bbox 1536 5073 1753 5146; x_wconf 84' lang='lat' dir='ltr'><strong>Gyslam</strong></span> <span class='ocrx_word' id='word_1_490' title='bbox 1780 5093 1867 5132; x_wconf 88' lang='lat' dir='ltr'><strong>so-</strong></span> 
     </span>
    </p>
   </div>
   <div class='ocr_carea' id='block_1_67' title="bbox 291 5146 1467 5217">
    <p class='ocr_par' dir='ltr' id='par_1_67' title="bbox 291 5146 1467 5217">
     <span class='ocr_line' id='line_1_68' title="bbox 291 5146 1467 5217; baseline 0.003 -14"><span class='ocrx_word' id='word_1_491' title='bbox 291 5163 482 5204; x_wconf 89' lang='lat' dir='ltr'><strong>rorem</strong></span> <span class='ocrx_word' id='word_1_492' title='bbox 511 5146 687 5217; x_wconf 75' lang='lat' dir='ltr'><strong>Caroli</strong></span> <span class='ocrx_word' id='word_1_493' title='bbox 714 5146 909 5217; x_wconf 79' lang='lat' dir='ltr'><strong>Magni.</strong></span> <span class='ocrx_word' id='word_1_494' title='bbox 954 5216 963 5217; x_wconf 16' lang='grc' dir='ltr'>ί</span> <span class='ocrx_word' id='word_1_495' title='bbox 1173 5216 1179 5217; x_wconf 15' lang='grc' dir='ltr'>ί</span> <span class='ocrx_word' id='word_1_496' title='bbox 1263 5212 1293 5217; x_wconf 89' lang='lat'>__</span> <span class='ocrx_word' id='word_1_497' title='bbox 1448 5159 1467 5217; x_wconf 84' lang='lat'>_&#39;</span> 
     </span>
    </p>
   </div>
   <div class='ocr_carea' id='block_1_68' title="bbox 366 5212 1861 5286">
    <p class='ocr_par' dir='ltr' id='par_1_68' title="bbox 366 5212 1861 5286">
     <span class='ocr_line' id='line_1_69' title="bbox 366 5212 1861 5286; baseline -0.001 -17"><span class='ocrx_word' id='word_1_498' title='bbox 366 5229 393 5257; x_wconf 79' lang='grc' dir='ltr'><strong>ο</strong></span> <span class='ocrx_word' id='word_1_499' title='bbox 436 5212 826 5286; x_wconf 72' lang='grc' dir='ltr'><strong>Αάϐοἱιαεαπῐ</strong></span> <span class='ocrx_word' id='word_1_500' title='bbox 847 5217 907 5271; x_wconf 91' lang='lat' dir='ltr'><strong>S.</strong></span> <span class='ocrx_word' id='word_1_501' title='bbox 936 5216 1185 5286; x_wconf 75' lang='lat' dir='ltr'><strong>Stephani</strong></span> <span class='ocrx_word' id='word_1_502' title='bbox 1196 5212 1401 5267; x_wconf 82' lang='lat' dir='ltr'><strong>cellam.</strong></span> <span class='ocrx_word' id='word_1_503' title='bbox 1437 5212 1861 5285; x_wconf 80' lang='lat' dir='ltr'><strong>GalliceChoisy.</strong></span> 
     </span>
    </p>
   </div>
   <div class='ocr_carea' id='block_1_69' title="bbox 293 5284 1453 5357">
    <p class='ocr_par' dir='ltr' id='par_1_69' title="bbox 293 5284 1453 5357">
     <span class='ocr_line' id='line_1_70' title="bbox 293 5284 1453 5357; baseline -0.004 -16"><span class='ocrx_word' id='word_1_504' title='bbox 293 5286 421 5341; x_wconf 81' lang='lat' dir='ltr'><strong>Vid.</strong></span> <span class='ocrx_word' id='word_1_505' title='bbox 440 5285 727 5357; x_wconf 19' lang='lat' dir='ltr'><strong>iepist.__52</strong></span> <span class='ocrx_word' id='word_1_506' title='bbox 750 5287 913 5355; x_wconf 91' lang='lat' dir='ltr'><strong>(nunc</strong></span> <span class='ocrx_word' id='word_1_507' title='bbox 932 5284 1043 5357; x_wconf 56' lang='grc' dir='ltr'><strong>(ξεί).</strong></span> <span class='ocrx_word' id='word_1_508' title='bbox 1066 5286 1131 5357; x_wconf 87' lang='lat' dir='ltr'><strong>ad</strong></span> <span class='ocrx_word' id='word_1_509' title='bbox 1160 5284 1453 5357; x_wconf 53' lang='lat' dir='ltr'><strong>Anionem.</strong></span> 
     </span>
    </p>
   </div>
   <div class='ocr_carea' id='block_1_70' title="bbox 369 5300 1867 5427">
    <p class='ocr_par' dir='ltr' id='par_1_70' title="bbox 369 5300 1867 5427">
     <span class='ocr_line' id='line_1_71' title="bbox 369 5300 1867 5427; baseline 0.029 -6"><span class='ocrx_word' id='word_1_510' title='bbox 369 5300 913 5427; x_wconf 53' lang='lat' dir='ltr'><strong>maenae:</strong></span> <span class='ocrx_word' id='word_1_511' title='bbox 932 5300 1460 5427; x_wconf 52' lang='lat' dir='ltr'><strong>agrariam:</strong></span> <span class='ocrx_word' id='word_1_512' title='bbox 1484 5354 1867 5427; x_wconf 65' lang='grc' dir='ltr'><strong>βεηεαεοιρυυ-</strong></span> 
     </span>
    </p>
   </div>
   <div class='ocr_carea' id='block_1_71' title="bbox 292 5422 1867 5494">
    <p class='ocr_par' dir='ltr' id='par_1_71' title="bbox 292 5422 1867 5494">
     <span class='ocr_line' id='line_1_72' title="bbox 292 5422 1867 5494; baseline -0.001 -13"><span class='ocrx_word' id='word_1_513' title='bbox 292 5422 549 5481; x_wconf 54' lang='grc' dir='ltr'><strong>ηιῖοῖόι</strong></span> <span class='ocrx_word' id='word_1_514' title='bbox 569 5422 887 5494; x_wconf 69' lang='lat' dir='ltr'><strong>Nonianum:</strong></span> <span class='ocrx_word' id='word_1_515' title='bbox 913 5428 1080 5489; x_wconf 88' lang='lat' dir='ltr'><strong>deest,</strong></span> <span class='ocrx_word' id='word_1_516' title='bbox 1108 5438 1266 5494; x_wconf 78' lang='lat' dir='ltr'><strong>quam</strong></span> <span class='ocrx_word' id='word_1_517' title='bbox 1283 5422 1566 5494; x_wconf 73' lang='lat' dir='ltr'><strong>Hansizius</strong></span> <span class='ocrx_word' id='word_1_518' title='bbox 1576 5439 1641 5477; x_wconf 76' lang='lat' dir='ltr'><strong>ex</strong></span> <span class='ocrx_word' id='word_1_519' title='bbox 1657 5422 1867 5492; x_wconf 84' lang='lat' dir='ltr'><strong>conjec-</strong></span> 
     </span>
    </p>
   </div>
   <div class='ocr_carea' id='block_1_72' title="bbox 298 5492 1862 5576">
    <p class='ocr_par' dir='ltr' id='par_1_72' title="bbox 298 5492 1862 5576">
     <span class='ocr_line' id='line_1_73' title="bbox 298 5492 1862 5576; baseline 0 -29"><span class='ocrx_word' id='word_1_520' title='bbox 298 5507 425 5576; x_wconf 52' lang='lat' dir='ltr'><strong>tura</strong></span> <span class='ocrx_word' id='word_1_521' title='bbox 445 5492 695 5576; x_wconf 66' lang='lat' dir='ltr'><strong>suppletae</strong></span> <span class='ocrx_word' id='word_1_522' title='bbox 720 5494 909 5576; x_wconf 67' lang='lat' dir='ltr'><strong>volens</strong></span> <span class='ocrx_word' id='word_1_523' title='bbox 936 5492 1210 5576; x_wconf 68' lang='lat' dir='ltr'><strong>substituit</strong></span> <span class='ocrx_word' id='word_1_524' title='bbox 1223 5492 1469 5576; x_wconf 56' lang='lat' dir='ltr'><strong>hurane:</strong></span> <span class='ocrx_word' id='word_1_525' title='bbox 1613 5496 1736 5576; x_wconf 82' lang='lat' dir='ltr'><strong>eod.</strong></span> <span class='ocrx_word' id='word_1_526' title='bbox 1762 5502 1862 5547; x_wconf 86' lang='lat' dir='ltr'><strong>ms.</strong></span> 
     </span>
    </p>
   </div>
   <div class='ocr_carea' id='block_1_73' title="bbox 296 5561 1864 5635">
    <p class='ocr_par' dir='ltr' id='par_1_73' title="bbox 296 5561 1864 5635">
     <span class='ocr_line' id='line_1_74' title="bbox 296 5561 1864 5635; baseline -0.003 -13"><span class='ocrx_word' id='word_1_527' title='bbox 296 5567 499 5622; x_wconf 83' lang='lat' dir='ltr'><strong>Salisb.</strong></span> <span class='ocrx_word' id='word_1_528' title='bbox 511 5561 895 5635; x_wconf 65' lang='lat' dir='ltr'><strong>conjecturam</strong></span> <span class='ocrx_word' id='word_1_529' title='bbox 914 5568 1129 5635; x_wconf 80' lang='lat' dir='ltr'><strong>evertit.</strong></span> <span class='ocrx_word' id='word_1_530' title='bbox 1146 5566 1241 5619; x_wconf 86' lang='lat' dir='ltr'><strong>Est</strong></span> <span class='ocrx_word' id='word_1_531' title='bbox 1260 5577 1387 5618; x_wconf 88' lang='lat' dir='ltr'><strong>vero</strong></span> <span class='ocrx_word' id='word_1_532' title='bbox 1410 5561 1751 5635; x_wconf 51' lang='lat' dir='ltr'><strong>Nonianum,</strong></span> <span class='ocrx_word' id='word_1_533' title='bbox 1773 5579 1864 5618; x_wconf 88' lang='lat' dir='ltr'><strong>seu</strong></span> 
     </span>
    </p>
   </div>
   <div class='ocr_carea' id='block_1_74' title="bbox 298 5632 1864 5706">
    <p class='ocr_par' dir='ltr' id='par_1_74' title="bbox 298 5632 1864 5706">
     <span class='ocr_line' id='line_1_75' title="bbox 298 5632 1864 5706; baseline -0.003 -14"><span class='ocrx_word' id='word_1_534' title='bbox 298 5646 357 5691; x_wconf 92' lang='lat' dir='ltr'><strong>ut</strong></span> <span class='ocrx_word' id='word_1_535' title='bbox 382 5639 434 5692; x_wconf 90' lang='lat' dir='ltr'><strong>in</strong></span> <span class='ocrx_word' id='word_1_536' title='bbox 460 5632 648 5706; x_wconf 75' lang='lat' dir='ltr'><strong>charta</strong></span> <span class='ocrx_word' id='word_1_537' title='bbox 670 5633 847 5689; x_wconf 81' lang='lat' dir='ltr'><strong>Caroli</strong></span> <span class='ocrx_word' id='word_1_538' title='bbox 880 5633 1074 5706; x_wconf 76' lang='lat' dir='ltr'><strong>Magni,</strong></span> <span class='ocrx_word' id='word_1_539' title='bbox 1104 5651 1202 5706; x_wconf 85' lang='lat' dir='ltr'><strong>pro</strong></span> <span class='ocrx_word' id='word_1_540' title='bbox 1222 5632 1544 5706; x_wconf 81' lang='lat' dir='ltr'><strong>monasterio</strong></span> <span class='ocrx_word' id='word_1_541' title='bbox 1566 5632 1864 5706; x_wconf 73' lang='lat' dir='ltr'><strong>Turonensi</strong></span> 
     </span>
    </p>
   </div>
   <div class='ocr_carea' id='block_1_75' title="bbox 300 5702 1866 5771">
    <p class='ocr_par' dir='ltr' id='par_1_75' title="bbox 300 5702 1866 5771">
     <span class='ocr_line' id='line_1_76' title="bbox 300 5702 1866 5771; baseline -0.001 -12"><span class='ocrx_word' id='word_1_542' title='bbox 300 5724 442 5762; x_wconf 80' lang='lat' dir='ltr'><strong>anno</strong></span> <span class='ocrx_word' id='word_1_543' title='bbox 475 5706 577 5759; x_wconf 82' lang='lat'><strong>770</strong></span> <span class='ocrx_word' id='word_1_544' title='bbox 600 5705 747 5768; x_wconf 86' lang='lat' dir='ltr'><strong>data,</strong></span> <span class='ocrx_word' id='word_1_545' title='bbox 774 5702 1082 5759; x_wconf 81' lang='lat' dir='ltr'><strong>nominatur</strong></span> <span class='ocrx_word' id='word_1_546' title='bbox 1104 5702 1402 5758; x_wconf 55' lang='lat' dir='ltr'><strong>&#39;Noviemus</strong></span> <span class='ocrx_word' id='word_1_547' title='bbox 1429 5702 1549 5757; x_wconf 89' lang='lat' dir='ltr'><strong>villa</strong></span> <span class='ocrx_word' id='word_1_548' title='bbox 1575 5717 1741 5771; x_wconf 79' lang='lat' dir='ltr'><strong>prope</strong></span> <span class='ocrx_word' id='word_1_549' title='bbox 1768 5704 1866 5757; x_wconf 83' lang='lat' dir='ltr'><strong>Pa-</strong></span> 
     </span>
    </p>
   </div>
   <div class='ocr_carea' id='block_1_76' title="bbox 301 5774 1862 5835">
    <p class='ocr_par' dir='ltr' id='par_1_76' title="bbox 301 5774 1862 5835">
     <span class='ocr_line' id='line_1_77' title="bbox 301 5774 1862 5835; baseline -0.002 -4"><span class='ocrx_word' id='word_1_550' title='bbox 301 5778 461 5835; x_wconf 81' lang='lat' dir='ltr'><strong>rlsios</strong></span> <span class='ocrx_word' id='word_1_551' title='bbox 488 5777 555 5833; x_wconf 85' lang='lat' dir='ltr'><strong>ad</strong></span> <span class='ocrx_word' id='word_1_552' title='bbox 577 5790 789 5832; x_wconf 85' lang='lat' dir='ltr'><strong>amnem</strong></span> <span class='ocrx_word' id='word_1_553' title='bbox 830 5774 1029 5829; x_wconf 72' lang='grc' dir='ltr'><strong>Μανῆς.</strong></span> <span class='ocrx_word' id='word_1_554' title='bbox 1059 5775 1176 5831; x_wconf 67' lang='lat' dir='ltr'><strong>\‘id.</strong></span> <span class='ocrx_word' id='word_1_555' title='bbox 1225 5774 1479 5834; x_wconf 78' lang='lat' dir='ltr'><strong>Martcnc,</strong></span> <span class='ocrx_word' id='word_1_556' title='bbox 1499 5774 1719 5829; x_wconf 83' lang='lat' dir='ltr'><strong>Collect.</strong></span> <span class='ocrx_word' id='word_1_557' title='bbox 1752 5790 1862 5828; x_wconf 87' lang='lat' dir='ltr'><strong>am-</strong></span> 
     </span>
    </p>
   </div>
   <div class='ocr_carea' id='block_1_77' title="bbox 2040 1892 3536 1971">
    <p class='ocr_par' dir='ltr' id='par_1_77' title="bbox 2040 1892 3536 1971">
     <span class='ocr_line' id='line_1_78' title="bbox 2040 1892 3536 1971; baseline 0.001 -21"><span class='ocrx_word' id='word_1_558' title='bbox 2040 1897 2371 1952; x_wconf 73' lang='lat' dir='ltr'><strong>Dulcissima:</strong></span> <span class='ocrx_word' id='word_1_559' title='bbox 2434 1897 2739 1952; x_wconf 90' lang='lat' dir='ltr'><strong>dilectionis</strong></span> <span class='ocrx_word' id='word_1_560' title='bbox 2793 1899 2942 1953; x_wconf 83' lang='lat' dir='ltr'><strong>Patri</strong></span> <span class='ocrx_word' id='word_1_561' title='bbox 3000 1892 3229 1971; x_wconf 61' lang='lat' dir='ltr'><strong>[Aquilae</strong></span> <span class='ocrx_word' id='word_1_562' title='bbox 3284 1898 3536 1970; x_wconf 82' lang='lat' dir='ltr'><strong>antistiti]</strong></span> 
     </span>
    </p>
   </div>
   <div class='ocr_carea' id='block_1_78' title="bbox 1970 1987 3536 2060">
    <p class='ocr_par' dir='ltr' id='par_1_78' title="bbox 1970 1987 3536 2060">
     <span class='ocr_line' id='line_1_79' title="bbox 1970 1987 3536 2060; baseline 0.003 -19"><span class='ocrx_word' id='word_1_563' title='bbox 1970 1989 2366 2042; x_wconf 84' lang='lat' dir='ltr'><strong>transmarinus</strong></span> <span class='ocrx_word' id='word_1_564' title='bbox 2414 1987 2632 2059; x_wconf 85' lang='lat' dir='ltr'><strong>Cygnus</strong></span> <span class='ocrx_word' id='word_1_565' title='bbox 2675 1991 2730 2044; x_wconf 88' lang='lat' dir='ltr'><strong>in</strong></span> <span class='ocrx_word' id='word_1_566' title='bbox 2778 1999 2977 2045; x_wconf 65' lang='lat' dir='ltr'><strong>sanctae</strong></span> <span class='ocrx_word' id='word_1_567' title='bbox 3030 1992 3308 2046; x_wconf 89' lang='lat' dir='ltr'><strong>charitatis</strong></span> <span class='ocrx_word' id='word_1_568' title='bbox 3348 1992 3536 2060; x_wconf 88' lang='lat' dir='ltr'><strong>pennis</strong></span> 
     </span>
    </p>
   </div>
   <div class='ocr_carea' id='block_1_79' title="bbox 1967 2079 2623 2149">
    <p class='ocr_par' dir='ltr' id='par_1_79' title="bbox 1967 2079 2623 2149">
     <span class='ocr_line' id='line_1_80' title="bbox 1967 2079 2623 2149; baseline 0.006 -16"><span class='ocrx_word' id='word_1_569' title='bbox 1967 2089 2277 2149; x_wconf 90' lang='lat' dir='ltr'><strong>perpetuam</strong></span> <span class='ocrx_word' id='word_1_570' title='bbox 2304 2079 2556 2134; x_wconf 88' lang='lat' dir='ltr'><strong>salutem.</strong></span> <span class='ocrx_word' id='word_1_571' title='bbox 2616 2124 2623 2137; x_wconf 76' lang='lat'><strong>.</strong></span> 
     </span>
    </p>
   </div>
   <div class='ocr_carea' id='block_1_80' title="bbox 2040 2190 3535 2266">
    <p class='ocr_par' dir='ltr' id='par_1_80' title="bbox 2040 2190 3535 2266">
     <span class='ocr_line' id='line_1_81' title="bbox 2040 2190 3535 2266; baseline -0.005 -17"><span class='ocrx_word' id='word_1_572' title='bbox 2040 2195 2285 2265; x_wconf 84' lang='lat' dir='ltr'><strong>Spectavi</strong></span> <span class='ocrx_word' id='word_1_573' title='bbox 2323 2194 2482 2266; x_wconf 70' lang='grc' dir='ltr'>[ιερ.</span> <span class='ocrx_word' id='word_1_574' title='bbox 2529 2193 2881 2265; x_wconf 75' lang='lat' dir='ltr'><strong>exspectavi],</strong></span> <span class='ocrx_word' id='word_1_575' title='bbox 2911 2191 3137 2263; x_wconf 87' lang='lat' dir='ltr'><strong>speravi,</strong></span> <span class='ocrx_word' id='word_1_576' title='bbox 3168 2190 3415 2261; x_wconf 84' lang='lat' dir='ltr'><strong>optabam</strong></span> <span class='ocrx_word' id='word_1_577' title='bbox 3443 2208 3456 2243; x_wconf 88' lang='lat'>:</span> <span class='ocrx_word' id='word_1_578' title='bbox 3482 2198 3535 2243; x_wconf 91' lang='lat' dir='ltr'><strong>et</strong></span> 
     </span>
    </p>
   </div>
   <div class='ocr_carea' id='block_1_81' title="bbox 1968 2265 3532 2355">
    <p class='ocr_par' dir='ltr' id='par_1_81' title="bbox 1968 2265 3532 2355">
     <span class='ocr_line' id='line_1_82' title="bbox 1968 2265 3532 2355; baseline -0.005 -16"><span class='ocrx_word' id='word_1_579' title='bbox 1968 2286 2124 2339; x_wconf 87' lang='lat' dir='ltr'><strong>ecce!</strong></span> <span class='ocrx_word' id='word_1_580' title='bbox 2162 2265 2613 2355; x_wconf 10' lang='lat' dir='ltr'><strong>quem&#39;ispectavi,</strong></span> <span class='ocrx_word' id='word_1_581' title='bbox 2656 2299 2763 2338; x_wconf 87' lang='lat' dir='ltr'><strong>non</strong></span> <span class='ocrx_word' id='word_1_582' title='bbox 2792 2282 3051 2337; x_wconf 77' lang='lat' dir='ltr'><strong>venitzet</strong></span> <span class='ocrx_word' id='word_1_583' title='bbox 3095 2296 3254 2350; x_wconf 88' lang='lat' dir='ltr'><strong>quem</strong></span> <span class='ocrx_word' id='word_1_584' title='bbox 3301 2279 3532 2348; x_wconf 88' lang='lat' dir='ltr'><strong>speravi,</strong></span> 
     </span>
    </p>
   </div>
   <div class='ocr_carea' id='block_1_82' title="bbox 1968 2370 3533 2443">
    <p class='ocr_par' dir='ltr' id='par_1_82' title="bbox 1968 2370 3533 2443">
     <span class='ocr_line' id='line_1_83' title="bbox 1968 2370 3533 2443; baseline -0.006 -14"><span class='ocrx_word' id='word_1_585' title='bbox 1968 2392 2076 2430; x_wconf 92' lang='lat' dir='ltr'><strong>non</strong></span> <span class='ocrx_word' id='word_1_586' title='bbox 2119 2375 2454 2430; x_wconf 86' lang='lat' dir='ltr'><strong>consideravi</strong></span> <span class='ocrx_word' id='word_1_587' title='bbox 2483 2392 2495 2427; x_wconf 88' lang='lat'><strong>:</strong></span> <span class='ocrx_word' id='word_1_588' title='bbox 2525 2390 2684 2443; x_wconf 90' lang='lat' dir='ltr'><strong>quem</strong></span> <span class='ocrx_word' id='word_1_589' title='bbox 2732 2372 3002 2443; x_wconf 88' lang='lat' dir='ltr'><strong>optabam,</strong></span> <span class='ocrx_word' id='word_1_590' title='bbox 3044 2387 3149 2425; x_wconf 92' lang='lat' dir='ltr'><strong>non</strong></span> <span class='ocrx_word' id='word_1_591' title='bbox 3185 2370 3533 2440; x_wconf 89' lang='lat' dir='ltr'><strong>accipiebam.</strong></span> 
     </span>
    </p>
   </div>
   <div class='ocr_carea' id='block_1_83' title="bbox 1970 2458 3537 2534">
    <p class='ocr_par' dir='ltr' id='par_1_83' title="bbox 1970 2458 3537 2534">
     <span class='ocr_line' id='line_1_84' title="bbox 1970 2458 3537 2534; baseline -0.005 -13"><span class='ocrx_word' id='word_1_592' title='bbox 1970 2468 2247 2521; x_wconf 85' lang='lat' dir='ltr'><strong>Frustrata</strong></span> <span class='ocrx_word' id='word_1_593' title='bbox 2278 2475 2362 2521; x_wconf 88' lang='lat' dir='ltr'><strong>est</strong></span> <span class='ocrx_word' id='word_1_594' title='bbox 2390 2466 2739 2534; x_wconf 76' lang='lat' dir='ltr'><strong>exspectatio,</strong></span> <span class='ocrx_word' id='word_1_595' title='bbox 2772 2473 3028 2518; x_wconf 88' lang='lat' dir='ltr'><strong>evacuata</strong></span> <span class='ocrx_word' id='word_1_596' title='bbox 3053 2472 3139 2517; x_wconf 91' lang='lat' dir='ltr'><strong>est</strong></span> <span class='ocrx_word' id='word_1_597' title='bbox 3164 2477 3305 2531; x_wconf 87' lang='lat' dir='ltr'><strong>spes.</strong></span> <span class='ocrx_word' id='word_1_598' title='bbox 3340 2458 3407 2515; x_wconf 86' lang='lat' dir='ltr'><strong>Et</strong></span> <span class='ocrx_word' id='word_1_599' title='bbox 3434 2460 3537 2514; x_wconf 87' lang='lat' dir='ltr'><strong>uti-</strong></span> 
     </span>
    </p>
   </div>
   <div class='ocr_carea' id='block_1_84' title="bbox 1970 2553 3534 2629">
    <p class='ocr_par' dir='ltr' id='par_1_84' title="bbox 1970 2553 3534 2629">
     <span class='ocr_line' id='line_1_85' title="bbox 1970 2553 3534 2629; baseline -0.005 -17"><span class='ocrx_word' id='word_1_600' title='bbox 1970 2574 2093 2613; x_wconf 85' lang='lat' dir='ltr'><strong>nam</strong></span> <span class='ocrx_word' id='word_1_601' title='bbox 2135 2573 2235 2629; x_wconf 92' lang='lat' dir='ltr'><strong>pro</strong></span> <span class='ocrx_word' id='word_1_602' title='bbox 2272 2571 2367 2626; x_wconf 87' lang='lat' dir='ltr'><strong>spe</strong></span> <span class='ocrx_word' id='word_1_603' title='bbox 2413 2565 2556 2611; x_wconf 90' lang='lat' dir='ltr'><strong>esset</strong></span> <span class='ocrx_word' id='word_1_604' title='bbox 2601 2556 2914 2625; x_wconf 69' lang='lat' dir='ltr'><strong>praesentia!</strong></span> <span class='ocrx_word' id='word_1_605' title='bbox 2952 2570 3096 2609; x_wconf 91' lang='lat' dir='ltr'><strong>nunc</strong></span> <span class='ocrx_word' id='word_1_606' title='bbox 3140 2563 3283 2609; x_wconf 87' lang='lat' dir='ltr'><strong>esset</strong></span> <span class='ocrx_word' id='word_1_607' title='bbox 3323 2553 3534 2623; x_wconf 84' lang='lat' dir='ltr'><strong>plenum</strong></span> 
     </span>
    </p>
   </div>
   <div class='ocr_carea' id='block_1_85' title="bbox 1968 2645 3535 2719">
    <p class='ocr_par' dir='ltr' id='par_1_85' title="bbox 1968 2645 3535 2719">
     <span class='ocr_line' id='line_1_86' title="bbox 1968 2645 3535 2719; baseline -0.004 -16"><span class='ocrx_word' id='word_1_608' title='bbox 1968 2650 2241 2719; x_wconf 90' lang='lat' dir='ltr'><strong>gaudium.</strong></span> <span class='ocrx_word' id='word_1_609' title='bbox 2292 2648 2416 2712; x_wconf 90' lang='lat' dir='ltr'><strong>Sed,</strong></span> <span class='ocrx_word' id='word_1_610' title='bbox 2446 2648 2602 2717; x_wconf 87' lang='lat' dir='ltr'><strong>proh</strong></span> <span class='ocrx_word' id='word_1_611' title='bbox 2642 2647 2822 2702; x_wconf 89' lang='lat' dir='ltr'><strong>dolor!</strong></span> <span class='ocrx_word' id='word_1_612' title='bbox 2853 2662 2950 2717; x_wconf 92' lang='lat' dir='ltr'><strong>pro</strong></span> <span class='ocrx_word' id='word_1_613' title='bbox 2987 2654 3294 2716; x_wconf 76' lang='lat' dir='ltr'><strong>exspectata</strong></span> <span class='ocrx_word' id='word_1_614' title='bbox 3334 2645 3535 2706; x_wconf 69' lang='lat' dir='ltr'><strong>laetitia,</strong></span> 
     </span>
    </p>
   </div>
   <div class='ocr_carea' id='block_1_86' title="bbox 1970 2736 3538 2811">
    <p class='ocr_par' dir='ltr' id='par_1_86' title="bbox 1970 2736 3538 2811">
     <span class='ocr_line' id='line_1_87' title="bbox 1970 2736 3538 2811; baseline -0.001 -18"><span class='ocrx_word' id='word_1_615' title='bbox 1970 2742 2187 2795; x_wconf 87' lang='lat' dir='ltr'><strong>tristitia</strong></span> <span class='ocrx_word' id='word_1_616' title='bbox 2227 2740 2503 2810; x_wconf 80' lang='lat' dir='ltr'><strong>inapinata</strong></span> <span class='ocrx_word' id='word_1_617' title='bbox 2552 2740 2840 2811; x_wconf 88' lang='lat' dir='ltr'><strong>subrepsit.</strong></span> <span class='ocrx_word' id='word_1_618' title='bbox 2891 2739 3181 2805; x_wconf 81' lang='lat' dir='ltr'><strong>lnfelicitas</strong></span> <span class='ocrx_word' id='word_1_619' title='bbox 3224 2754 3342 2793; x_wconf 89' lang='lat' dir='ltr'><strong>mea</strong></span> <span class='ocrx_word' id='word_1_620' title='bbox 3384 2736 3538 2794; x_wconf 83' lang='lat' dir='ltr'><strong>vobis</strong></span> 
     </span>
    </p>
   </div>
   <div class='ocr_carea' id='block_1_87' title="bbox 1969 2825 3533 2901">
    <p class='ocr_par' dir='ltr' id='par_1_87' title="bbox 1969 2825 3533 2901">
     <span class='ocr_line' id='line_1_88' title="bbox 1969 2825 3533 2901; baseline -0.003 -18"><span class='ocrx_word' id='word_1_621' title='bbox 1969 2828 2123 2901; x_wconf 83' lang='grc' dir='ltr'>[ϐοά.</span> <span class='ocrx_word' id='word_1_622' title='bbox 2152 2828 2294 2893; x_wconf 87' lang='lat' dir='ltr'><strong>Sal.,</strong></span> <span class='ocrx_word' id='word_1_623' title='bbox 2328 2828 2506 2899; x_wconf 88' lang='lat' dir='ltr'><strong>nobis]</strong></span> <span class='ocrx_word' id='word_1_624' title='bbox 2544 2829 2686 2881; x_wconf 87' lang='lat' dir='ltr'><strong>viam</strong></span> <span class='ocrx_word' id='word_1_625' title='bbox 2728 2829 2995 2882; x_wconf 75' lang='lat' dir='ltr'><strong>obstruxit</strong></span> <span class='ocrx_word' id='word_1_626' title='bbox 3022 2828 3286 2889; x_wconf 88' lang='lat' dir='ltr'><strong>veniendi,</strong></span> <span class='ocrx_word' id='word_1_627' title='bbox 3324 2837 3378 2881; x_wconf 93' lang='lat' dir='ltr'><strong>et</strong></span> <span class='ocrx_word' id='word_1_628' title='bbox 3402 2825 3533 2879; x_wconf 88' lang='lat' dir='ltr'><strong>mihi</strong></span> 
     </span>
    </p>
   </div>
   <div class='ocr_carea' id='block_1_88' title="bbox 1968 2917 3535 2988">
    <p class='ocr_par' dir='ltr' id='par_1_88' title="bbox 1968 2917 3535 2988">
     <span class='ocr_line' id='line_1_89' title="bbox 1968 2917 3535 2988; baseline -0.003 -12"><span class='ocrx_word' id='word_1_629' title='bbox 1968 2922 2292 2976; x_wconf 86' lang='lat' dir='ltr'><strong>hilaritatem</strong></span> <span class='ocrx_word' id='word_1_630' title='bbox 2358 2920 2578 2975; x_wconf 87' lang='lat' dir='ltr'><strong>abstulit</strong></span> <span class='ocrx_word' id='word_1_631' title='bbox 2630 2921 2915 2988; x_wconf 87' lang='lat' dir='ltr'><strong>gaudendi.</strong></span> <span class='ocrx_word' id='word_1_632' title='bbox 2968 2919 3107 2985; x_wconf 81' lang='lat' dir='ltr'><strong>Quid</strong></span> <span class='ocrx_word' id='word_1_633' title='bbox 3159 2917 3323 2987; x_wconf 86' lang='lat' dir='ltr'><strong>facies</strong></span> <span class='ocrx_word' id='word_1_634' title='bbox 3378 2918 3535 2972; x_wconf 92' lang='lat' dir='ltr'><strong>modo</strong></span> 
     </span>
    </p>
   </div>
   <div class='ocr_carea' id='block_1_89' title="bbox 1968 3008 3535 3077">
    <p class='ocr_par' dir='ltr' id='par_1_89' title="bbox 1968 3008 3535 3077">
     <span class='ocr_line' id='line_1_90' title="bbox 1968 3008 3535 3077; baseline -0.004 -10"><span class='ocrx_word' id='word_1_635' title='bbox 1968 3028 2120 3068; x_wconf 88' lang='lat' dir='ltr'><strong>mens</strong></span> <span class='ocrx_word' id='word_1_636' title='bbox 2160 3012 2423 3067; x_wconf 90' lang='lat' dir='ltr'><strong>charitate</strong></span> <span class='ocrx_word' id='word_1_637' title='bbox 2476 3011 2796 3065; x_wconf 88' lang='lat' dir='ltr'><strong>vulnerata?</strong></span> <span class='ocrx_word' id='word_1_638' title='bbox 2835 3019 2988 3064; x_wconf 86' lang='lat' dir='ltr'><strong>estne</strong></span> <span class='ocrx_word' id='word_1_639' title='bbox 3030 3010 3245 3077; x_wconf 86' lang='lat' dir='ltr'><strong>aliquod</strong></span> <span class='ocrx_word' id='word_1_640' title='bbox 3287 3008 3535 3062; x_wconf 87' lang='lat' dir='ltr'><strong>solatium</strong></span> 
     </span>
    </p>
   </div>
   <div class='ocr_carea' id='block_1_90' title="bbox 1969 3099 3538 3172">
    <p class='ocr_par' dir='ltr' id='par_1_90' title="bbox 1969 3099 3538 3172">
     <span class='ocr_line' id='line_1_91' title="bbox 1969 3099 3538 3172; baseline -0.005 -14"><span class='ocrx_word' id='word_1_641' title='bbox 1969 3103 2111 3172; x_wconf 90' lang='lat' dir='ltr'><strong>quod</strong></span> <span class='ocrx_word' id='word_1_642' title='bbox 2135 3111 2342 3157; x_wconf 88' lang='lat' dir='ltr'><strong>tantum</strong></span> <span class='ocrx_word' id='word_1_643' title='bbox 2370 3101 2562 3156; x_wconf 79' lang='lat' dir='ltr'><strong>vulnus</strong></span> <span class='ocrx_word' id='word_1_644' title='bbox 2600 3100 2685 3154; x_wconf 89' lang='lat' dir='ltr'><strong>vel</strong></span> <span class='ocrx_word' id='word_1_645' title='bbox 2729 3100 2942 3169; x_wconf 87' lang='lat' dir='ltr'><strong>aliquod</strong></span> <span class='ocrx_word' id='word_1_646' title='bbox 2980 3099 3279 3154; x_wconf 87' lang='lat' dir='ltr'><strong>refocillare</strong></span> <span class='ocrx_word' id='word_1_647' title='bbox 3322 3099 3538 3152; x_wconf 71' lang='lat' dir='ltr'><strong>valeat?</strong></span> 
     </span>
    </p>
   </div>
   <div class='ocr_carea' id='block_1_91' title="bbox 1968 3190 3539 3265">
    <p class='ocr_par' dir='ltr' id='par_1_91' title="bbox 1968 3190 3539 3265">
     <span class='ocr_line' id='line_1_92' title="bbox 1968 3190 3539 3265; baseline -0.005 -15"><span class='ocrx_word' id='word_1_648' title='bbox 1968 3196 2049 3250; x_wconf 78' lang='lat' dir='ltr'><strong>An</strong></span> <span class='ocrx_word' id='word_1_649' title='bbox 2080 3212 2229 3265; x_wconf 91' lang='lat' dir='ltr'><strong>spem</strong></span> <span class='ocrx_word' id='word_1_650' title='bbox 2256 3195 2409 3264; x_wconf 91' lang='lat' dir='ltr'><strong>quasi</strong></span> <span class='ocrx_word' id='word_1_651' title='bbox 2438 3192 2629 3247; x_wconf 89' lang='lat' dir='ltr'><strong>falsum</strong></span> <span class='ocrx_word' id='word_1_652' title='bbox 2666 3192 2884 3246; x_wconf 88' lang='lat' dir='ltr'><strong>omnino</strong></span> <span class='ocrx_word' id='word_1_653' title='bbox 2922 3207 2951 3245; x_wconf 88' lang='lat' dir='ltr'><strong>a</strong></span> <span class='ocrx_word' id='word_1_654' title='bbox 2994 3199 3046 3244; x_wconf 91' lang='lat' dir='ltr'><strong>te</strong></span> <span class='ocrx_word' id='word_1_655' title='bbox 3092 3190 3303 3259; x_wconf 87' lang='lat' dir='ltr'><strong>repellis</strong></span> <span class='ocrx_word' id='word_1_656' title='bbox 3348 3204 3539 3244; x_wconf 89' lang='lat' dir='ltr'><strong>conso-</strong></span> 
     </span>
    </p>
   </div>
   <div class='ocr_carea' id='block_1_92' title="bbox 1968 3282 3538 3350">
    <p class='ocr_par' dir='ltr' id='par_1_92' title="bbox 1968 3282 3538 3350">
     <span class='ocr_line' id='line_1_93' title="bbox 1968 3282 3538 3350; baseline -0.005 -9"><span class='ocrx_word' id='word_1_657' title='bbox 1968 3287 2237 3341; x_wconf 86' lang='lat' dir='ltr'><strong>latorem?</strong></span> <span class='ocrx_word' id='word_1_658' title='bbox 2291 3285 2373 3339; x_wconf 82' lang='lat' dir='ltr'><strong>An</strong></span> <span class='ocrx_word' id='word_1_659' title='bbox 2428 3286 2569 3339; x_wconf 89' lang='lat' dir='ltr'><strong>inter</strong></span> <span class='ocrx_word' id='word_1_660' title='bbox 2634 3285 2883 3339; x_wconf 87' lang='lat' dir='ltr'><strong>tenebras</strong></span> <span class='ocrx_word' id='word_1_661' title='bbox 2929 3291 3034 3337; x_wconf 63' lang='lat' dir='ltr'><strong>tua:</strong></span> <span class='ocrx_word' id='word_1_662' title='bbox 3076 3283 3337 3346; x_wconf 69' lang='lat' dir='ltr'><strong>miserim,</strong></span> <span class='ocrx_word' id='word_1_663' title='bbox 3386 3282 3538 3350; x_wconf 90' lang='lat' dir='ltr'><strong>quasi</strong></span> 
     </span>
    </p>
   </div>
   <div class='ocr_carea' id='block_1_93' title="bbox 1968 3374 3539 3443">
    <p class='ocr_par' dir='ltr' id='par_1_93' title="bbox 1968 3374 3539 3443">
     <span class='ocr_line' id='line_1_94' title="bbox 1968 3374 3539 3443; baseline -0.003 -11"><span class='ocrx_word' id='word_1_664' title='bbox 1968 3377 2256 3432; x_wconf 85' lang='lat' dir='ltr'><strong>scintillam</strong></span> <span class='ocrx_word' id='word_1_665' title='bbox 2297 3375 2574 3443; x_wconf 85' lang='lat' dir='ltr'><strong>cujusdam</strong></span> <span class='ocrx_word' id='word_1_666' title='bbox 2623 3375 2862 3429; x_wconf 87' lang='lat' dir='ltr'><strong>ardentis</strong></span> <span class='ocrx_word' id='word_1_667' title='bbox 2913 3374 3156 3437; x_wconf 66' lang='lat' dir='ltr'><strong>flammae,</strong></span> <span class='ocrx_word' id='word_1_668' title='bbox 3209 3374 3400 3427; x_wconf 90' lang='lat' dir='ltr'><strong>iterum</strong></span> <span class='ocrx_word' id='word_1_669' title='bbox 3440 3374 3539 3427; x_wconf 90' lang='lat' dir='ltr'><strong>tibi</strong></span> 
     </span>
    </p>
   </div>
   <div class='ocr_carea' id='block_1_94' title="bbox 1969 3465 3535 3522">
    <p class='ocr_par' dir='ltr' id='par_1_94' title="bbox 1969 3465 3535 3522">
     <span class='ocr_line' id='line_1_95' title="bbox 1969 3465 3535 3522; baseline -0.004 0"><span class='ocrx_word' id='word_1_670' title='bbox 1969 3468 2112 3522; x_wconf 89' lang='lat' dir='ltr'><strong>illam</strong></span> <span class='ocrx_word' id='word_1_671' title='bbox 2144 3469 2411 3522; x_wconf 85' lang='lat' dir='ltr'><strong>assumis?</strong></span> <span class='ocrx_word' id='word_1_672' title='bbox 2439 3468 2605 3521; x_wconf 88' lang='lat' dir='ltr'><strong>Ecce!</strong></span> <span class='ocrx_word' id='word_1_673' title='bbox 2636 3466 2849 3520; x_wconf 84' lang='lat' dir='ltr'><strong>ﬂamma</strong></span> <span class='ocrx_word' id='word_1_674' title='bbox 2882 3466 3163 3520; x_wconf 86' lang='lat' dir='ltr'><strong>charitatis</strong></span> <span class='ocrx_word' id='word_1_675' title='bbox 3191 3473 3360 3519; x_wconf 90' lang='lat' dir='ltr'><strong>totum</strong></span> <span class='ocrx_word' id='word_1_676' title='bbox 3387 3465 3535 3518; x_wconf 78' lang='lat' dir='ltr'><strong>inar-</strong></span> 
     </span>
    </p>
   </div>
   <div class='ocr_carea' id='block_1_95' title="bbox 1967 3553 3541 3625">
    <p class='ocr_par' dir='ltr' id='par_1_95' title="bbox 1967 3553 3541 3625">
     <span class='ocr_line' id='line_1_96' title="bbox 1967 3553 3541 3625; baseline -0.003 -14"><span class='ocrx_word' id='word_1_677' title='bbox 1967 3558 2139 3611; x_wconf 89' lang='lat' dir='ltr'><strong>descit</strong></span> <span class='ocrx_word' id='word_1_678' title='bbox 2178 3566 2385 3625; x_wconf 89' lang='lat' dir='ltr'><strong>pectus,</strong></span> <span class='ocrx_word' id='word_1_679' title='bbox 2433 3558 2518 3610; x_wconf 92' lang='lat' dir='ltr'><strong>cui</strong></span> <span class='ocrx_word' id='word_1_680' title='bbox 2545 3558 2588 3611; x_wconf 92' lang='lat' dir='ltr'><strong>si</strong></span> <span class='ocrx_word' id='word_1_681' title='bbox 2615 3571 2736 3625; x_wconf 89' lang='lat' dir='ltr'><strong>spes</strong></span> <span class='ocrx_word' id='word_1_682' title='bbox 2770 3555 2976 3624; x_wconf 87' lang='lat' dir='ltr'><strong>collega</strong></span> <span class='ocrx_word' id='word_1_683' title='bbox 3023 3556 3269 3618; x_wconf 89' lang='lat' dir='ltr'><strong>accessit,</strong></span> <span class='ocrx_word' id='word_1_684' title='bbox 3316 3553 3541 3608; x_wconf 86' lang='lat' dir='ltr'><strong>feliciter</strong></span> 
     </span>
    </p>
   </div>
   <div class='ocr_carea' id='block_1_96' title="bbox 1968 3628 3540 3713">
    <p class='ocr_par' dir='ltr' id='par_1_96' title="bbox 1968 3628 3540 3713">
     <span class='ocr_line' id='line_1_97' title="bbox 1968 3628 3540 3713; baseline -0.004 -13"><span class='ocrx_word' id='word_1_685' title='bbox 1968 3648 2141 3711; x_wconf 90' lang='lat' dir='ltr'><strong>ardet,</strong></span> <span class='ocrx_word' id='word_1_686' title='bbox 2177 3646 2223 3700; x_wconf 92' lang='lat' dir='ltr'><strong>si</strong></span> <span class='ocrx_word' id='word_1_687' title='bbox 2249 3647 2514 3700; x_wconf 87' lang='lat' dir='ltr'><strong>veraciter</strong></span> <span class='ocrx_word' id='word_1_688' title='bbox 2540 3646 2613 3699; x_wconf 92' lang='lat' dir='ltr'><strong>illi</strong></span> <span class='ocrx_word' id='word_1_689' title='bbox 2654 3645 2834 3699; x_wconf 87' lang='lat' dir='ltr'><strong>evenit</strong></span> <span class='ocrx_word' id='word_1_690' title='bbox 2875 3644 3018 3713; x_wconf 93' lang='lat' dir='ltr'><strong>quod</strong></span> <span class='ocrx_word' id='word_1_691' title='bbox 3062 3651 3229 3711; x_wconf 89' lang='lat' dir='ltr'><strong>optat.</strong></span> <span class='ocrx_word' id='word_1_692' title='bbox 3273 3628 3416 3697; x_wconf 89' lang='lat' dir='ltr'><strong>Bona</strong></span> <span class='ocrx_word' id='word_1_693' title='bbox 3458 3640 3540 3694; x_wconf 77' lang='lat' dir='ltr'><strong>est</strong></span> 
     </span>
    </p>
   </div>
   <div class='ocr_carea' id='block_1_97' title="bbox 1966 3732 3540 3805">
    <p class='ocr_par' dir='ltr' id='par_1_97' title="bbox 1966 3732 3540 3805">
     <span class='ocr_line' id='line_1_98' title="bbox 1966 3732 3540 3805; baseline -0.004 -14"><span class='ocrx_word' id='word_1_694' title='bbox 1966 3740 2109 3791; x_wconf 92' lang='lat' dir='ltr'><strong>enim</strong></span> <span class='ocrx_word' id='word_1_695' title='bbox 2151 3751 2273 3805; x_wconf 89' lang='lat' dir='ltr'><strong>spes</strong></span> <span class='ocrx_word' id='word_1_696' title='bbox 2313 3736 2368 3789; x_wconf 92' lang='lat' dir='ltr'><strong>in</strong></span> <span class='ocrx_word' id='word_1_697' title='bbox 2410 3736 2672 3798; x_wconf 85' lang='lat' dir='ltr'><strong>absentia,</strong></span> <span class='ocrx_word' id='word_1_698' title='bbox 2702 3735 2795 3787; x_wconf 88' lang='lat' dir='ltr'><strong>sed</strong></span> <span class='ocrx_word' id='word_1_699' title='bbox 2824 3734 3014 3786; x_wconf 89' lang='lat' dir='ltr'><strong>melius</strong></span> <span class='ocrx_word' id='word_1_700' title='bbox 3040 3741 3122 3786; x_wconf 91' lang='lat' dir='ltr'><strong>est</strong></span> <span class='ocrx_word' id='word_1_701' title='bbox 3149 3747 3302 3785; x_wconf 89' lang='lat' dir='ltr'><strong>amor</strong></span> <span class='ocrx_word' id='word_1_702' title='bbox 3326 3732 3378 3785; x_wconf 89' lang='lat' dir='ltr'><strong>in</strong></span> <span class='ocrx_word' id='word_1_703' title='bbox 3405 3734 3540 3799; x_wconf 68' lang='lat' dir='ltr'><strong>prm-</strong></span> 
     </span>
    </p>
   </div>
   <div class='ocr_carea' id='block_1_98' title="bbox 1968 3821 3538 3893">
    <p class='ocr_par' dir='ltr' id='par_1_98' title="bbox 1968 3821 3538 3893">
     <span class='ocr_line' id='line_1_99' title="bbox 1968 3821 3538 3893; baseline -0.005 -10"><span class='ocrx_word' id='word_1_704' title='bbox 1968 3828 2161 3883; x_wconf 86' lang='lat' dir='ltr'><strong>sentia.</strong></span> <span class='ocrx_word' id='word_1_705' title='bbox 2194 3825 2325 3879; x_wconf 86' lang='lat' dir='ltr'><strong>Nam</strong></span> <span class='ocrx_word' id='word_1_706' title='bbox 2350 3840 2472 3893; x_wconf 89' lang='lat' dir='ltr'><strong>spes</strong></span> <span class='ocrx_word' id='word_1_707' title='bbox 2502 3833 2684 3878; x_wconf 88' lang='lat' dir='ltr'><strong>nostra</strong></span> <span class='ocrx_word' id='word_1_708' title='bbox 2729 3822 2882 3892; x_wconf 89' lang='lat' dir='ltr'><strong>quasi</strong></span> <span class='ocrx_word' id='word_1_709' title='bbox 2925 3822 3158 3876; x_wconf 85' lang='lat' dir='ltr'><strong>anchora</strong></span> <span class='ocrx_word' id='word_1_710' title='bbox 3198 3821 3264 3874; x_wconf 89' lang='lat' dir='ltr'><strong>ad</strong></span> <span class='ocrx_word' id='word_1_711' title='bbox 3306 3821 3538 3875; x_wconf 77' lang='lat' dir='ltr'><strong>cmlestis</strong></span> 
     </span>
    </p>
   </div>
   <div class='ocr_carea' id='block_1_99' title="bbox 1969 3909 3539 3986">
    <p class='ocr_par' dir='ltr' id='par_1_99' title="bbox 1969 3909 3539 3986">
     <span class='ocr_line' id='line_1_100' title="bbox 1969 3909 3539 3986; baseline -0.006 -13"><span class='ocrx_word' id='word_1_712' title='bbox 1969 3936 2068 3975; x_wconf 92' lang='lat' dir='ltr'><strong>nos</strong></span> <span class='ocrx_word' id='word_1_713' title='bbox 2096 3919 2264 3973; x_wconf 87' lang='lat' dir='ltr'><strong>trahit</strong></span> <span class='ocrx_word' id='word_1_714' title='bbox 2284 3917 2472 3986; x_wconf 68' lang='lat' dir='ltr'><strong>patria:</strong></span> <span class='ocrx_word' id='word_1_715' title='bbox 2499 3915 2822 3969; x_wconf 84' lang='lat' dir='ltr'><strong>soliditatem</strong></span> <span class='ocrx_word' id='word_1_716' title='bbox 2852 3911 3037 3984; x_wconf 83' lang='lat' dir='ltr'><strong>(Hebr.</strong></span> <span class='ocrx_word' id='word_1_717' title='bbox 3068 3928 3143 3976; x_wconf 78' lang='lat' dir='ltr'><strong>vi,</strong></span> <span class='ocrx_word' id='word_1_718' title='bbox 3175 3911 3259 3975; x_wconf 84' lang='lat' dir='ltr'><strong>l8,</strong></span> <span class='ocrx_word' id='word_1_719' title='bbox 3291 3909 3379 3979; x_wconf 81' lang='lat' dir='ltr'><strong>l9)</strong></span> <span class='ocrx_word' id='word_1_720' title='bbox 3405 3928 3418 3962; x_wconf 89' lang='lat'><strong>:</strong></span> <span class='ocrx_word' id='word_1_721' title='bbox 3443 3910 3539 3963; x_wconf 88' lang='lat' dir='ltr'><strong>sed</strong></span> 
     </span>
    </p>
   </div>
   <div class='ocr_carea' id='block_1_100' title="bbox 1940 3994 3541 4079">
    <p class='ocr_par' dir='ltr' id='par_1_100' title="bbox 1940 3994 3541 4079">
     <span class='ocr_line' id='line_1_101' title="bbox 1940 3994 3541 4079; baseline -0.006 -15"><span class='ocrx_word' id='word_1_722' title='bbox 1940 3994 1945 3997; x_wconf 18' lang='lat'><strong><em>1</em></strong></span> <span class='ocrx_word' id='word_1_723' title='bbox 1970 4020 2097 4064; x_wconf 93' lang='lat' dir='ltr'><strong>tunc</strong></span> <span class='ocrx_word' id='word_1_724' title='bbox 2119 4010 2225 4063; x_wconf 91' lang='lat' dir='ltr'><strong>erit</strong></span> <span class='ocrx_word' id='word_1_725' title='bbox 2249 4008 2486 4079; x_wconf 88' lang='lat' dir='ltr'><strong>perfecta</strong></span> <span class='ocrx_word' id='word_1_726' title='bbox 2513 4006 2761 4069; x_wconf 83' lang='lat' dir='ltr'><strong>felicitas,</strong></span> <span class='ocrx_word' id='word_1_727' title='bbox 2788 4020 2909 4059; x_wconf 90' lang='lat' dir='ltr'><strong>cum</strong></span> <span class='ocrx_word' id='word_1_728' title='bbox 2932 4003 3086 4073; x_wconf 90' lang='lat' dir='ltr'><strong>plena</strong></span> <span class='ocrx_word' id='word_1_729' title='bbox 3112 4002 3215 4056; x_wconf 89' lang='lat' dir='ltr'><strong>erit</strong></span> <span class='ocrx_word' id='word_1_730' title='bbox 3240 4002 3375 4056; x_wconf 88' lang='lat' dir='ltr'><strong>visio</strong></span> <span class='ocrx_word' id='word_1_731' title='bbox 3398 4015 3541 4054; x_wconf 89' lang='lat' dir='ltr'><strong>amo—</strong></span> 
     </span>
    </p>
   </div>
   <div class='ocr_carea' id='block_1_101' title="bbox 1892 4493 1941 4550">
    <p class='ocr_par' dir='ltr' id='par_1_101' title="bbox 1892 4493 1941 4550">
     <span class='ocr_line' id='line_1_102' title="bbox 1892 4493 1941 4550; baseline 0 0"><span class='ocrx_word' id='word_1_732' title='bbox 1892 4493 1941 4550; x_wconf 87' lang='lat' dir='ltr'><strong>D</strong></span> 
     </span>
    </p>
   </div>
   <div class='ocr_carea' id='block_1_102' title="bbox 1969 4096 3541 4175">
    <p class='ocr_par' dir='ltr' id='par_1_102' title="bbox 1969 4096 3541 4175">
     <span class='ocr_line' id='line_1_103' title="bbox 1969 4096 3541 4175; baseline -0.005 -20"><span class='ocrx_word' id='word_1_733' title='bbox 1969 4102 2065 4165; x_wconf 91' lang='lat' dir='ltr'><strong>ris,</strong></span> <span class='ocrx_word' id='word_1_734' title='bbox 2096 4110 2150 4155; x_wconf 86' lang='lat' dir='ltr'><strong>et</strong></span> <span class='ocrx_word' id='word_1_735' title='bbox 2172 4100 2439 4154; x_wconf 90' lang='lat' dir='ltr'><strong>videbitur</strong></span> <span class='ocrx_word' id='word_1_736' title='bbox 2462 4099 2605 4152; x_wconf 91' lang='lat' dir='ltr'><strong>Deus</strong></span> <span class='ocrx_word' id='word_1_737' title='bbox 2631 4099 2684 4151; x_wconf 92' lang='lat' dir='ltr'><strong>in</strong></span> <span class='ocrx_word' id='word_1_738' title='bbox 2710 4097 2881 4166; x_wconf 91' lang='lat' dir='ltr'><strong>gloria</strong></span> <span class='ocrx_word' id='word_1_739' title='bbox 2903 4112 3019 4160; x_wconf 88' lang='lat' dir='ltr'><strong>sua,</strong></span> <span class='ocrx_word' id='word_1_740' title='bbox 3047 4096 3139 4163; x_wconf 91' lang='lat' dir='ltr'><strong>qui</strong></span> <span class='ocrx_word' id='word_1_741' title='bbox 3165 4110 3311 4175; x_wconf 86' lang='lat' dir='ltr'><strong>nunc</strong></span> <span class='ocrx_word' id='word_1_742' title='bbox 3331 4102 3541 4148; x_wconf 88' lang='lat' dir='ltr'><strong>amatur</strong></span> 
     </span>
    </p>
   </div>
   <div class='ocr_carea' id='block_1_103' title="bbox 1971 4184 3538 4261">
    <p class='ocr_par' dir='ltr' id='par_1_103' title="bbox 1971 4184 3538 4261">
     <span class='ocr_line' id='line_1_104' title="bbox 1971 4184 3538 4261; baseline -0.004 -16"><span class='ocrx_word' id='word_1_743' title='bbox 1971 4192 2023 4245; x_wconf 92' lang='lat' dir='ltr'><strong>in</strong></span> <span class='ocrx_word' id='word_1_744' title='bbox 2052 4198 2271 4261; x_wconf 87' lang='lat' dir='ltr'><strong>pectore</strong></span> <span class='ocrx_word' id='word_1_745' title='bbox 2312 4197 2498 4243; x_wconf 90' lang='lat' dir='ltr'><strong>nostro</strong></span> <span class='ocrx_word' id='word_1_746' title='bbox 2525 4188 2579 4258; x_wconf 86' lang='grc'><strong>(1</strong></span> <span class='ocrx_word' id='word_1_747' title='bbox 2606 4186 2727 4241; x_wconf 89' lang='lat' dir='ltr'><strong>Cor.</strong></span> <span class='ocrx_word' id='word_1_748' title='bbox 2754 4203 2871 4251; x_wconf 83' lang='grc' dir='ltr'>ιιιι,</span> <span class='ocrx_word' id='word_1_749' title='bbox 2903 4186 3012 4257; x_wconf 79' lang='grc'><strong>12).</strong></span> <span class='ocrx_word' id='word_1_750' title='bbox 3052 4185 3157 4240; x_wconf 85' lang='lat' dir='ltr'><strong>Sed</strong></span> <span class='ocrx_word' id='word_1_751' title='bbox 3200 4184 3357 4253; x_wconf 87' lang='lat' dir='ltr'><strong>hujus</strong></span> <span class='ocrx_word' id='word_1_752' title='bbox 3394 4185 3538 4238; x_wconf 73' lang='lat' dir='ltr'><strong>exilii</strong></span> 
     </span>
    </p>
   </div>
   <div class='ocr_carea' id='block_1_104' title="bbox 1966 4276 3536 4351">
    <p class='ocr_par' dir='ltr' id='par_1_104' title="bbox 1966 4276 3536 4351">
     <span class='ocr_line' id='line_1_105' title="bbox 1966 4276 3536 4351; baseline -0.005 -16"><span class='ocrx_word' id='word_1_753' title='bbox 1966 4280 2328 4351; x_wconf 85' lang='lat' dir='ltr'><strong>peregrinatio</strong></span> <span class='ocrx_word' id='word_1_754' title='bbox 2352 4280 2618 4348; x_wconf 87' lang='lat' dir='ltr'><strong>patienter</strong></span> <span class='ocrx_word' id='word_1_755' title='bbox 2658 4276 2883 4343; x_wconf 89' lang='lat' dir='ltr'><strong>feratur,</strong></span> <span class='ocrx_word' id='word_1_756' title='bbox 2924 4278 3095 4331; x_wconf 89' lang='lat' dir='ltr'><strong>donec</strong></span> <span class='ocrx_word' id='word_1_757' title='bbox 3126 4284 3310 4344; x_wconf 84' lang='lat' dir='ltr'><strong>optata</strong></span> <span class='ocrx_word' id='word_1_758' title='bbox 3339 4276 3536 4330; x_wconf 88' lang='lat' dir='ltr'><strong>beatis—</strong></span> 
     </span>
    </p>
   </div>
   <div class='ocr_carea' id='block_1_105' title="bbox 1967 4449 3537 4527">
    <p class='ocr_par' dir='ltr' id='par_1_105' title="bbox 1967 4449 3537 4527">
     <span class='ocr_line' id='line_1_106' title="bbox 1967 4449 3537 4527; baseline -0.006 -16"><span class='ocrx_word' id='word_1_759' title='bbox 1967 4458 2119 4527; x_wconf 91' lang='lat' dir='ltr'><strong>pliss.</strong></span> <span class='ocrx_word' id='word_1_760' title='bbox 2147 4466 2278 4511; x_wconf 91' lang='lat' dir='ltr'><strong>tom.</strong></span> <span class='ocrx_word' id='word_1_761' title='bbox 2308 4457 2351 4519; x_wconf 90' lang='lat' dir='ltr'><strong>l,</strong></span> <span class='ocrx_word' id='word_1_762' title='bbox 2377 4456 2593 4519; x_wconf 77' lang='lat' dir='ltr'><strong>col.33;</strong></span> <span class='ocrx_word' id='word_1_763' title='bbox 2622 4453 2950 4516; x_wconf 73' lang='lat' dir='ltr'><strong>Martiniere,</strong></span> <span class='ocrx_word' id='word_1_764' title='bbox 2977 4451 3158 4507; x_wconf 69' lang='lat' dir='ltr'><strong>Gram!</strong></span> <span class='ocrx_word' id='word_1_765' title='bbox 3182 4449 3537 4504; x_wconf 80' lang='lat' dir='ltr'><strong>Dictionnaire</strong></span> 
     </span>
    </p>
   </div>
   <div class='ocr_carea' id='block_1_106' title="bbox 1965 4527 3234 4597">
    <p class='ocr_par' dir='ltr' id='par_1_106' title="bbox 1965 4527 3234 4597">
     <span class='ocr_line' id='line_1_107' title="bbox 1965 4527 3234 4597; baseline 0 0"><span class='ocrx_word' id='word_1_766' title='bbox 1965 4527 2361 4597; x_wconf 62' lang='grc' dir='ltr'><strong>θέοθζαριςίιιυρο</strong></span> <span class='ocrx_word' id='word_1_767' title='bbox 2410 4592 2434 4597; x_wconf 39' lang='grc' dir='ltr'><strong>Α</strong></span> <span class='ocrx_word' id='word_1_768' title='bbox 2488 4592 2499 4597; x_wconf 83' lang='grc'><em>,</em></span> <span class='ocrx_word' id='word_1_769' title='bbox 2773 4584 2785 4597; x_wconf 50' lang='grc' dir='ltr'><strong><em>ε</em></strong></span> <span class='ocrx_word' id='word_1_770' title='bbox 2858 4590 2868 4597; x_wconf 92' lang='grc'><strong>.</strong></span> <span class='ocrx_word' id='word_1_771' title='bbox 3209 4533 3234 4597; x_wconf 76' lang='grc'>.“</span> 
     </span>
    </p>
   </div>
   <div class='ocr_carea' id='block_1_107' title="bbox 2038 4587 3539 4659">
    <p class='ocr_par' dir='ltr' id='par_1_107' title="bbox 2038 4587 3539 4659">
     <span class='ocr_line' id='line_1_108' title="bbox 2038 4587 3539 4659; baseline -0.004 -12"><span class='ocrx_word' id='word_1_772' title='bbox 2038 4587 2370 4647; x_wconf 70' lang='grc' dir='ltr'><strong>εἰιέὶάνὶιάο.</strong></span> <span class='ocrx_word' id='word_1_773' title='bbox 2401 4592 2501 4658; x_wconf 86' lang='lat' dir='ltr'><strong>Qui</strong></span> <span class='ocrx_word' id='word_1_774' title='bbox 2532 4607 2673 4646; x_wconf 88' lang='lat' dir='ltr'><strong>anno</strong></span> <span class='ocrx_word' id='word_1_775' title='bbox 2705 4590 2869 4659; x_wconf 92' lang='lat' dir='ltr'><strong>priori</strong></span> <span class='ocrx_word' id='word_1_776' title='bbox 2901 4603 2968 4641; x_wconf 81' lang='lat' dir='ltr'><strong>ex</strong></span> <span class='ocrx_word' id='word_1_777' title='bbox 3001 4587 3270 4659; x_wconf 63' lang='lat' dir='ltr'><strong>Hispanire</strong></span> <span class='ocrx_word' id='word_1_778' title='bbox 3295 4589 3539 4657; x_wconf 90' lang='lat' dir='ltr'><strong>partibus</strong></span> 
     </span>
    </p>
   </div>
   <div class='ocr_carea' id='block_1_108' title="bbox 1963 4658 3537 4731">
    <p class='ocr_par' dir='ltr' id='par_1_108' title="bbox 1963 4658 3537 4731">
     <span class='ocr_line' id='line_1_109' title="bbox 1963 4658 3537 4731; baseline -0.004 -13"><span class='ocrx_word' id='word_1_779' title='bbox 1963 4664 2193 4718; x_wconf 83' lang='lat' dir='ltr'><strong>Felicem</strong></span> <span class='ocrx_word' id='word_1_780' title='bbox 2241 4663 2635 4731; x_wconf 82' lang='lat' dir='ltr'><strong>Aquisgranum</strong></span> <span class='ocrx_word' id='word_1_781' title='bbox 2662 4658 2978 4719; x_wconf 85' lang='lat' dir='ltr'><strong>deduxerat,</strong></span> <span class='ocrx_word' id='word_1_782' title='bbox 3010 4658 3168 4731; x_wconf 80' lang='lat' dir='ltr'><strong>paulo</strong></span> <span class='ocrx_word' id='word_1_783' title='bbox 3194 4667 3315 4725; x_wconf 86' lang='lat' dir='ltr'><strong>post</strong></span> <span class='ocrx_word' id='word_1_784' title='bbox 3342 4659 3537 4713; x_wconf 88' lang='lat' dir='ltr'><strong>iterum</strong></span> 
     </span>
    </p>
   </div>
   <div class='ocr_carea' id='block_1_109' title="bbox 1965 4728 3539 4797">
    <p class='ocr_par' dir='ltr' id='par_1_109' title="bbox 1965 4728 3539 4797">
     <span class='ocr_line' id='line_1_110' title="bbox 1965 4728 3539 4797; baseline -0.005 -8"><span class='ocrx_word' id='word_1_785' title='bbox 1965 4736 2090 4789; x_wconf 91' lang='lat' dir='ltr'><strong>illuc</strong></span> <span class='ocrx_word' id='word_1_786' title='bbox 2128 4728 2694 4797; x_wconf 51' lang='lat' dir='ltr'><strong>abiturusfsanitatis</strong></span> <span class='ocrx_word' id='word_1_787' title='bbox 2730 4740 2907 4783; x_wconf 88' lang='lat' dir='ltr'><strong>tamen</strong></span> <span class='ocrx_word' id='word_1_788' title='bbox 2935 4728 3187 4782; x_wconf 73' lang='lat' dir='ltr'><strong>curanda:</strong></span> <span class='ocrx_word' id='word_1_789' title='bbox 3211 4744 3372 4783; x_wconf 87' lang='lat' dir='ltr'><strong>causa</strong></span> <span class='ocrx_word' id='word_1_790' title='bbox 3398 4745 3539 4782; x_wconf 87' lang='lat' dir='ltr'><strong>nunc</strong></span> 
     </span>
    </p>
   </div>
   <div class='ocr_carea' id='block_1_110' title="bbox 1966 4797 3541 4867">
    <p class='ocr_par' dir='ltr' id='par_1_110' title="bbox 1966 4797 3541 4867">
     <span class='ocr_line' id='line_1_111' title="bbox 1966 4797 3541 4867; baseline -0.005 -8"><span class='ocrx_word' id='word_1_791' title='bbox 1966 4804 2195 4859; x_wconf 89' lang='lat' dir='ltr'><strong>Turonis</strong></span> <span class='ocrx_word' id='word_1_792' title='bbox 2246 4804 2558 4857; x_wconf 87' lang='lat' dir='ltr'><strong>morabatur</strong></span> <span class='ocrx_word' id='word_1_793' title='bbox 2604 4817 2724 4855; x_wconf 78' lang='grc' dir='ltr'><strong>οηηι</strong></span> <span class='ocrx_word' id='word_1_794' title='bbox 2768 4799 2956 4855; x_wconf 88' lang='lat' dir='ltr'><strong>eodem</strong></span> <span class='ocrx_word' id='word_1_795' title='bbox 2982 4797 3160 4852; x_wconf 80' lang='lat' dir='ltr'><strong>Felice</strong></span> <span class='ocrx_word' id='word_1_796' title='bbox 3200 4814 3370 4867; x_wconf 89' lang='lat' dir='ltr'><strong>nuper</strong></span> <span class='ocrx_word' id='word_1_797' title='bbox 3413 4815 3541 4853; x_wconf 85' lang='lat' dir='ltr'><strong>eon-</strong></span> 
     </span>
    </p>
   </div>
   <div class='ocr_carea' id='block_1_111' title="bbox 1965 4868 3059 4943">
    <p class='ocr_par' dir='ltr' id='par_1_111' title="bbox 1965 4868 3059 4943">
     <span class='ocr_line' id='line_1_112' title="bbox 1965 4868 3059 4943; baseline -0.009 -14"><span class='ocrx_word' id='word_1_798' title='bbox 1965 4891 2141 4930; x_wconf 84' lang='lat' dir='ltr'><strong>verso.</strong></span> <span class='ocrx_word' id='word_1_799' title='bbox 2182 4872 2303 4929; x_wconf 74' lang='lat' dir='ltr'><strong>Vid.</strong></span> <span class='ocrx_word' id='word_1_800' title='bbox 2329 4874 2485 4943; x_wconf 82' lang='lat' dir='ltr'><strong>epist.</strong></span> <span class='ocrx_word' id='word_1_801' title='bbox 2606 4871 2772 4943; x_wconf 84' lang='lat' dir='ltr'><strong>[nunc</strong></span> <span class='ocrx_word' id='word_1_802' title='bbox 3042 4930 3059 4938; x_wconf 30' lang='grc' dir='ltr'><strong>ε</strong></span> 
     </span>
    </p>
   </div>
   <div class='ocr_carea' id='block_1_112' title="bbox 2042 4937 3535 4999">
    <p class='ocr_par' dir='ltr' id='par_1_112' title="bbox 2042 4937 3535 4999">
     <span class='ocr_line' id='line_1_113' title="bbox 2042 4937 3535 4999; baseline -0.005 -2"><span class='ocrx_word' id='word_1_803' title='bbox 2042 4944 2059 4983; x_wconf 69' lang='grc' dir='ltr'><em>ι</em></span> <span class='ocrx_word' id='word_1_804' title='bbox 2095 4937 2375 4997; x_wconf 66' lang='lat' dir='ltr'><strong>Fratribus</strong></span> <span class='ocrx_word' id='word_1_805' title='bbox 2402 4942 2461 4997; x_wconf 91' lang='lat' dir='ltr'><strong>S.</strong></span> <span class='ocrx_word' id='word_1_806' title='bbox 2504 4937 2758 4999; x_wconf 66' lang='lat' dir='ltr'><strong>Sernazii.</strong></span> <span class='ocrx_word' id='word_1_807' title='bbox 2808 4937 3184 4993; x_wconf 72' lang='lat' dir='ltr'><strong>Monasterium</strong></span> <span class='ocrx_word' id='word_1_808' title='bbox 3230 4939 3330 4991; x_wconf 87' lang='lat' dir='ltr'><strong>hoc</strong></span> <span class='ocrx_word' id='word_1_809' title='bbox 3371 4937 3535 4990; x_wconf 83' lang='lat' dir='ltr'><strong>situm</strong></span> 
     </span>
    </p>
   </div>
   <div class='ocr_carea' id='block_1_113' title="bbox 1965 5006 3533 5080">
    <p class='ocr_par' dir='ltr' id='par_1_113' title="bbox 1965 5006 3533 5080">
     <span class='ocr_line' id='line_1_114' title="bbox 1965 5006 3533 5080; baseline -0.009 -11"><span class='ocrx_word' id='word_1_810' title='bbox 1965 5013 2288 5080; x_wconf 89' lang='lat' dir='ltr'><strong>estTrajecti</strong></span> <span class='ocrx_word' id='word_1_811' title='bbox 2313 5012 2378 5065; x_wconf 90' lang='lat' dir='ltr'><strong>ad</strong></span> <span class='ocrx_word' id='word_1_812' title='bbox 2407 5012 2606 5080; x_wconf 85' lang='lat' dir='ltr'><strong>Mosam</strong></span> <span class='ocrx_word' id='word_1_813' title='bbox 2631 5006 3533 5079; x_wconf 72' lang='lat' dir='ltr'><strong>(Maestriclat).olimmonachorum,</strong></span> 
     </span>
    </p>
   </div>
   <div class='ocr_carea' id='block_1_114' title="bbox 1966 5079 2786 5137">
    <p class='ocr_par' dir='ltr' id='par_1_114' title="bbox 1966 5079 2786 5137">
     <span class='ocr_line' id='line_1_115' title="bbox 1966 5079 2786 5137; baseline -0.007 0"><span class='ocrx_word' id='word_1_814' title='bbox 1966 5100 2107 5137; x_wconf 89' lang='lat' dir='ltr'><strong>nunc</strong></span> <span class='ocrx_word' id='word_1_815' title='bbox 2123 5079 2524 5136; x_wconf 77' lang='lat' dir='ltr'><strong>canonicorum.</strong></span> <span class='ocrx_word' id='word_1_816' title='bbox 2559 5079 2786 5134; x_wconf 64' lang='lat' dir='ltr'><strong>Mults.</strong></span> 
     </span>
    </p>
   </div>
   <div class='ocr_carea' id='block_1_115' title="bbox 2038 5142 3537 5221">
    <p class='ocr_par' dir='ltr' id='par_1_115' title="bbox 2038 5142 3537 5221">
     <span class='ocr_line' id='line_1_116' title="bbox 2038 5142 3537 5221; baseline -0.005 -16"><span class='ocrx_word' id='word_1_817' title='bbox 2038 5152 2193 5221; x_wconf 75' lang='lat'><strong>130</strong></span> <span class='ocrx_word' id='word_1_818' title='bbox 2222 5154 2246 5191; x_wconf 73' lang='grc'><strong><em>⁸</em></strong></span> <span class='ocrx_word' id='word_1_819' title='bbox 2265 5151 2406 5204; x_wconf 86' lang='lat' dir='ltr'><strong>Edit.</strong></span> <span class='ocrx_word' id='word_1_820' title='bbox 2432 5150 2629 5205; x_wconf 75' lang='lat' dir='ltr'><strong>Mabill.</strong></span> <span class='ocrx_word' id='word_1_821' title='bbox 2668 5150 2731 5202; x_wconf 80' lang='lat' dir='ltr'><strong>l7</strong></span> <span class='ocrx_word' id='word_1_822' title='bbox 2758 5149 2987 5221; x_wconf 80' lang='lat' dir='ltr'><strong>(Froben</strong></span> <span class='ocrx_word' id='word_1_823' title='bbox 3016 5148 3169 5221; x_wconf 77' lang='lat' dir='ltr'><strong>epist.</strong></span> <span class='ocrx_word' id='word_1_824' title='bbox 3199 5143 3309 5213; x_wconf 88' lang='lat'><strong>88).</strong></span> <span class='ocrx_word' id='word_1_825' title='bbox 3334 5142 3537 5221; x_wconf 43' lang='grc' dir='ltr'><strong>θυαε-ἰῇ</strong></span> 
     </span>
    </p>
   </div>
   <div class='ocr_carea' id='block_1_116' title="bbox 1963 5212 3532 5291">
    <p class='ocr_par' dir='ltr' id='par_1_116' title="bbox 1963 5212 3532 5291">
     <span class='ocr_line' id='line_1_117' title="bbox 1963 5212 3532 5291; baseline -0.007 -15"><span class='ocrx_word' id='word_1_826' title='bbox 1963 5212 2318 5291; x_wconf 46' lang='lat' dir='ltr'><strong>edi—tiliam&quot;.</strong></span> <span class='ocrx_word' id='word_1_827' title='bbox 2342 5221 2699 5291; x_wconf 67' lang='lat' dir='ltr'><strong>pimtcrmissa</strong></span> <span class='ocrx_word' id='word_1_828' title='bbox 2720 5212 2963 5291; x_wconf 81' lang='lat' dir='ltr'><strong>sunt,_hic_</strong></span> <span class='ocrx_word' id='word_1_829' title='bbox 2977 5212 3282 5291; x_wconf 80' lang='lat' dir='ltr'><strong>supplemus</strong></span> <span class='ocrx_word' id='word_1_830' title='bbox 3294 5229 3359 5267; x_wconf 81' lang='lat' dir='ltr'><strong>ex</strong></span> <span class='ocrx_word' id='word_1_831' title='bbox 3378 5212 3532 5268; x_wconf 87' lang='lat' dir='ltr'><strong>codd.</strong></span> 
     </span>
    </p>
   </div>
   <div class='ocr_carea' id='block_1_117' title="bbox 1966 5285 3536 5353">
    <p class='ocr_par' dir='ltr' id='par_1_117' title="bbox 1966 5285 3536 5353">
     <span class='ocr_line' id='line_1_118' title="bbox 1966 5285 3536 5353; baseline -0.007 -7"><span class='ocrx_word' id='word_1_832' title='bbox 1966 5308 2097 5347; x_wconf 89' lang='lat' dir='ltr'><strong>mss.</strong></span> <span class='ocrx_word' id='word_1_833' title='bbox 2133 5285 2429 5347; x_wconf 35' lang='lat' dir='ltr'><strong>Salisbfet</strong></span> <span class='ocrx_word' id='word_1_834' title='bbox 2472 5291 2528 5344; x_wconf 88' lang='lat' dir='ltr'><strong>S.</strong></span> <span class='ocrx_word' id='word_1_835' title='bbox 2566 5288 2903 5342; x_wconf 86' lang='lat' dir='ltr'><strong>Emmerami.</strong></span> <span class='ocrx_word' id='word_1_836' title='bbox 2934 5285 3013 5337; x_wconf 85' lang='lat' dir='ltr'><strong>Ad</strong></span> <span class='ocrx_word' id='word_1_837' title='bbox 3043 5300 3201 5353; x_wconf 85' lang='lat' dir='ltr'><strong>quem</strong></span> <span class='ocrx_word' id='word_1_838' title='bbox 3224 5298 3420 5336; x_wconf 86' lang='lat' dir='ltr'><strong>annum</strong></span> <span class='ocrx_word' id='word_1_839' title='bbox 3448 5298 3536 5336; x_wconf 81' lang='lat' dir='ltr'><strong>re-</strong></span> 
     </span>
    </p>
   </div>
   <div class='ocr_carea' id='block_1_118' title="bbox 1967 5352 3535 5426">
    <p class='ocr_par' dir='ltr' id='par_1_118' title="bbox 1967 5352 3535 5426">
     <span class='ocr_line' id='line_1_119' title="bbox 1967 5352 3535 5426; baseline -0.006 -11"><span class='ocrx_word' id='word_1_840' title='bbox 1967 5361 2186 5417; x_wconf 91' lang='lat' dir='ltr'><strong>ferenda</strong></span> <span class='ocrx_word' id='word_1_841' title='bbox 2234 5363 2305 5416; x_wconf 93' lang='lat' dir='ltr'><strong>sit</strong></span> <span class='ocrx_word' id='word_1_842' title='bbox 2346 5362 2459 5414; x_wconf 69' lang='lat' dir='ltr'><strong>hmo</strong></span> <span class='ocrx_word' id='word_1_843' title='bbox 2504 5357 2751 5426; x_wconf 89' lang='lat' dir='ltr'><strong>epistola,</strong></span> <span class='ocrx_word' id='word_1_844' title='bbox 2802 5352 3099 5426; x_wconf 77' lang='lat' dir='ltr'><strong>incertum;</strong></span> <span class='ocrx_word' id='word_1_845' title='bbox 3152 5353 3350 5426; x_wconf 64' lang='lat' dir='ltr'><strong>saepius</strong></span> <span class='ocrx_word' id='word_1_846' title='bbox 3393 5352 3535 5426; x_wconf 68' lang='lat' dir='ltr'><strong>enim</strong></span> 
     </span>
    </p>
   </div>
   <div class='ocr_carea' id='block_1_119' title="bbox 1965 5421 3539 5501">
    <p class='ocr_par' dir='ltr' id='par_1_119' title="bbox 1965 5421 3539 5501">
     <span class='ocr_line' id='line_1_120' title="bbox 1965 5421 3539 5501; baseline -0.005 -16"><span class='ocrx_word' id='word_1_847' title='bbox 1965 5432 2225 5487; x_wconf 82' lang='lat' dir='ltr'><strong>Alcuinus</strong></span> <span class='ocrx_word' id='word_1_848' title='bbox 2252 5445 2401 5501; x_wconf 67' lang='lat' dir='ltr'><strong>spem</strong></span> <span class='ocrx_word' id='word_1_849' title='bbox 2434 5443 2498 5501; x_wconf 74' lang='lat' dir='ltr'><strong>ac</strong></span> <span class='ocrx_word' id='word_1_850' title='bbox 2519 5421 2840 5501; x_wconf 84' lang='lat' dir='ltr'><strong>desiderium</strong></span> <span class='ocrx_word' id='word_1_851' title='bbox 2867 5425 3054 5501; x_wconf 79' lang='lat' dir='ltr'><strong>habuit</strong></span> <span class='ocrx_word' id='word_1_852' title='bbox 3068 5422 3305 5501; x_wconf 74' lang='lat' dir='ltr'><strong>_Arnonis</strong></span> <span class='ocrx_word' id='word_1_853' title='bbox 3325 5421 3539 5501; x_wconf 73' lang='lat' dir='ltr'><strong>fruendi</strong></span> 
     </span>
    </p>
   </div>
   <div class='ocr_carea' id='block_1_120' title="bbox 1965 5492 3538 5582">
    <p class='ocr_par' dir='ltr' id='par_1_120' title="bbox 1965 5492 3538 5582">
     <span class='ocr_line' id='line_1_121' title="bbox 1965 5492 3538 5582; baseline -0.008 -25"><span class='ocrx_word' id='word_1_854' title='bbox 1965 5492 2414 5582; x_wconf 40' lang='lat' dir='ltr'><strong>przesentiaiEgo</strong></span> <span class='ocrx_word' id='word_1_855' title='bbox 2441 5496 2586 5582; x_wconf 71' lang='lat' dir='ltr'><strong>illam</strong></span> <span class='ocrx_word' id='word_1_856' title='bbox 2609 5496 2931 5582; x_wconf 60' lang='lat' dir='ltr'><strong>praecedenti</strong></span> <span class='ocrx_word' id='word_1_857' title='bbox 2947 5492 3236 5582; x_wconf 53' lang='lat' dir='ltr'><strong>lsquunxi,</strong></span> <span class='ocrx_word' id='word_1_858' title='bbox 3256 5492 3350 5582; x_wconf 72' lang='lat' dir='ltr'><strong>cui</strong></span> <span class='ocrx_word' id='word_1_859' title='bbox 3374 5492 3538 5546; x_wconf 91' lang='lat' dir='ltr'><strong>etiam</strong></span> 
     </span>
    </p>
   </div>
   <div class='ocr_carea' id='block_1_121' title="bbox 1966 5565 3540 5703">
    <p class='ocr_par' dir='ltr' id='par_1_121' title="bbox 1966 5565 3540 5703">
     <span class='ocr_line' id='line_1_122' title="bbox 1966 5565 3540 5642; baseline -0.008 -15"><span class='ocrx_word' id='word_1_860' title='bbox 1966 5565 2232 5642; x_wconf 77' lang='lat' dir='ltr'><strong>congruit.</strong></span> <span class='ocrx_word' id='word_1_861' title='bbox 2257 5565 2531 5623; x_wconf 78' lang='lat' dir='ltr'><strong>Desiderio</strong></span> <span class='ocrx_word' id='word_1_862' title='bbox 2550 5575 2727 5621; x_wconf 89' lang='lat' dir='ltr'><strong>tamen</strong></span> <span class='ocrx_word' id='word_1_863' title='bbox 2750 5565 2893 5621; x_wconf 88' lang='lat' dir='ltr'><strong>illius</strong></span> <span class='ocrx_word' id='word_1_864' title='bbox 2912 5566 2981 5620; x_wconf 87' lang='lat' dir='ltr'><strong>ab</strong></span> <span class='ocrx_word' id='word_1_865' title='bbox 3000 5565 3232 5623; x_wconf 80' lang='lat' dir='ltr'><strong>Arnone,</strong></span> <span class='ocrx_word' id='word_1_866' title='bbox 3253 5570 3540 5631; x_wconf 88' lang='lat' dir='ltr'><strong>antequam</strong></span> 
     </span>
     <span class='ocr_line' id='line_1_123' title="bbox 1967 5632 3537 5703; baseline -0.008 -6"><span class='ocrx_word' id='word_1_867' title='bbox 1967 5658 1997 5697; x_wconf 91' lang='lat' dir='ltr'><strong>e</strong></span> <span class='ocrx_word' id='word_1_868' title='bbox 2020 5640 2191 5696; x_wconf 87' lang='lat' dir='ltr'><strong>Gallia</strong></span> <span class='ocrx_word' id='word_1_869' title='bbox 2204 5639 2395 5701; x_wconf 90' lang='lat' dir='ltr'><strong>abiret,</strong></span> <span class='ocrx_word' id='word_1_870' title='bbox 2418 5636 2751 5692; x_wconf 82' lang='lat' dir='ltr'><strong>satisfactum</strong></span> <span class='ocrx_word' id='word_1_871' title='bbox 2771 5635 2949 5699; x_wconf 90' lang='lat' dir='ltr'><strong>fuisse,</strong></span> <span class='ocrx_word' id='word_1_872' title='bbox 2966 5649 3032 5690; x_wconf 78' lang='lat' dir='ltr'><strong>cx</strong></span> <span class='ocrx_word' id='word_1_873' title='bbox 3053 5632 3296 5703; x_wconf 87' lang='lat' dir='ltr'><strong>sequenti</strong></span> <span class='ocrx_word' id='word_1_874' title='bbox 3315 5632 3537 5703; x_wconf 87' lang='lat' dir='ltr'><strong>epistola</strong></span> 
     </span>
    </p>
   </div>
   <div class='ocr_carea' id='block_1_122' title="bbox 1968 5707 2591 5781">
    <p class='ocr_par' dir='ltr' id='par_1_122' title="bbox 1968 5707 2591 5781">
     <span class='ocr_line' id='line_1_124' title="bbox 1968 5707 2591 5781; baseline -0.008 -17"><span class='ocrx_word' id='word_1_875' title='bbox 1968 5710 2143 5781; x_wconf 85' lang='lat' dir='ltr'><strong>colligi</strong></span> <span class='ocrx_word' id='word_1_876' title='bbox 2179 5724 2334 5778; x_wconf 75' lang='lat' dir='ltr'><strong>posse</strong></span> <span class='ocrx_word' id='word_1_877' title='bbox 2363 5707 2591 5761; x_wconf 90' lang='lat' dir='ltr'><strong>videtur.</strong></span> 
     </span>
    </p>
   </div>
  </div>
