4400 6410
833 410 941 469 διθ

1707 410 1765 465 Β.
1807 412 1868 466 ι’.
1899 411 2121 467 Αιιιικι
2162 412 2292 469 δευ
2329 412 2605 480 ΑιυυιΝι
2640 411 2922 469 OPERL'M
2960 409 3138 465 PARS
3170 410 3209 463 l.

3972 406 4083 462 320

830 526 983 580 sima
999 522 1189 597 patria
1215 522 1396 579 veniat
1416 506 1724 595 prasentia.
1756 501 2019 584 Patientia
2044 526 2201 582 nobis
2222 539 2409 581 neces-
2433 530 2483 589 Α
2512 501 2759 583 lectionis
2783 524 3014 580 adventu
3062 523 3263 579 habere
3307 520 3535 576 viderer.
3590 519 3697 574 Sed
3742 518 3905 574 breve
3948 533 4089 588 pra-

829 614 973 670 saria
1009 624 1092 673 est
1125 613 1312 687 (Hebr.
1340 630 1398 679 x,
1428 613 1542 682 36),
1588 614 1706 669 sive
1747 615 1805 669 in
1843 616 2249 687 exspectatione
2286 629 2406 683 spe-

832 718 966 764 rata:
985 705 1355 771 beatitudinis,
1382 706 1497 761 sive
1532 705 1585 761 in
1616 706 1859 761 absentia
1884 707 2183 763 amicorum
2203 706 2407 762 charis-

830 798 1112 852 simorum.
1158 793 1465 849 Habeamus
1501 810 1715 865 semper
1753 795 1910 850 hodie
1934 795 1988 850 in
2017 795 2317 859 charitate;
2352 794 2405 849 in

833 903 928 953 spe
953 900 1084 941 vero
1106 886 1401 939 crastinum
1423 884 1767 948 desiderium,
1796 894 1856 939 ut
1884 885 2064 940 veniat
2083 886 2226 952 quod
2250 886 2407 940 hodie

831 984 1063 1039 amatur.

903 1067 1079 1123 Ecce!
1138 1082 1292 1121 mens
1341 1065 1507 1120 variis
1557 1064 1778 1119 ﬂuctuat
1836 1064 2291 1136 cogitationibus.
2358 1074 2410 1119 te

835 1142 1239 1213 consiliatorem
1284 1156 1439 1224 quasi
1481 1163 1696 1224 portum
1738 1155 1907 1210 ﬁrma
1940 1154 2247 1210 stabilitatis
2290 1170 2412 1224 spe-

837 1262 966 1300 rans
1007 1246 1231 1299 venire:
1266 1245 1359 1298 sed
1410 1254 1467 1298 ut
1512 1232 1667 1299 video
1709 1244 1919 1312 longius
1946 1260 1976 1299 a
2007 1244 2187 1313 quiete
2228 1250 2411 1312 optata

837 1332 1090 1389 fluctibus
1131 1334 1359 1401 rapitur,
1402 1334 1456 1388 in
1498 1334 1612 1387 salo
1643 1332 1896 1403 agitatur,
1927 1319 1993 1386 ad
2018 1348 2175 1403 quem
2199 1342 2433 1402 portum.

837 1421 1116 1489 perveniet
1162 1420 1434 1489 ignorans.
1481 1420 1729 1475 Assiduis
1766 1428 1945 1475 tamen
1992 1422 2293 1475 sanctitatis
2321 1437 2413 1476 ve.

838 1521 965 1565 stra:
993 1511 1244 1580 precibus
1268 1508 1603 1566 dubitantem
1646 1512 1699 1565 in
1730 1512 2115 1582 cogitationum
2144 1513 2415 1582 discepta-

840 1600 1076 1655 tionibus
1128 1602 1395 1666 amicum,
1444 1602 1513 1655 ad
1557 1600 1805 1665 ﬁrmum,
1860 1602 2040 1655 divina
2089 1603 2416 1656 concedente

836 1693 1032 1755 gratia,
1060 1691 1249 1746 salutis
1277 1692 1560 1747 consilium
1587 1692 1853 1747 deducere
1877 1692 2187 1762 dignemini.
2214 1692 2419 1749 Praesto

836 1790 917 1835 est
948 1780 1145 1850 ubique
1164 1782 1287 1851 pius
1314 1790 1625 1836 sanctarum
1650 1782 1935 1836 exauditur
1964 1782 2290 1847 orationum,
2326 1783 2418 1853 qui

2506 613 2695 669 sentiae
2741 612 2831 668 diu
2862 620 3061 682 optatae
3086 621 3297 683 tempus
3346 608 3698 681 plangebam;
3744 616 3801 664 et
3823 616 4085 679 quantum

2511 703 2665 759 hctus
2691 703 2768 760 fui
2796 705 2851 758 in
2876 711 3093 776 aspecti.
3142 700 3301 765 faciei
3334 709 3542 762 vestrae,
3575 708 3778 754 tantum
3820 699 3994 756 tristia
4032 698 4085 755 in

2506 793 2761 849 abscessu
2788 794 3095 864 torquebar.
3127 791 3233 847 Sed
3252 790 3381 861 quid
3400 790 3467 845 ad
3498 789 3644 845 hac?
3668 787 3795 843 Tale
3820 798 3903 846 est
3931 787 4091 857 huius

2508 865 2688 936 seculi
2715 881 2991 951 gaudium,
3023 894 3123 935 nos
3150 880 3218 933 ad
3250 878 3486 939 futurum
3515 876 3707 951 [Hub.,
3735 875 3971 931 futuram
4000 875 4090 933 ιιι-

2510 969 2705 1040 titiam)
2755 964 2975 1025 tendere
3022 970 3338 1031 admonens.
3366 981 3486 1036 qua:
3513 981 3783 1036 nunquam
3808 965 3968 1020 linem
3994 966 4091 1019 ha-

2492 1058 2689 1113 bitura
2715 1067 2839 1123 est;
2884 1057 2980 1113 sed
3019 1055 3188 1111 semel
3233 1056 3424 1110 hausta
3468 1056 3693 1111 dulcedo
3723 1068 3933 1125 semper
3955 1070 4091 1125 pra:-

2511 1163 2787 1205 sens-esse
2811 1163 2918 1203 non
2952 1147 3167 1209 desinit,
3208 1146 3273 1199 ad
3301 1160 3462 1215 quam
3502 1152 3613 1199 tota
3660 1144 3857 1200 mentis
3896 1143 4092 1200 alacri-

2515 1245 2626 1290 tate
2673 1215 3036 1290 festinandum
3087 1242 3194 1289 est.
3248 1232 3433 1299 Qualis
3470 1242 3557 1287 cst
3598 1232 3688 1288 illa
3732 1232 3934 1297 laetitia,
3972 1247 4093 1311 «ιιιε

2516 1326 2651 1381 nihil
2678 1326 3103 1396 perturbationis
3125 1324 3667 1441 habebitununqtiam
3704 1323 3863 1419 ﬁnem
3895 1324 4095 1381 habere

2519 1419 2768 1473 timebit?
2815 1417 2940 1474 Haec
2966 1428 3050 1473 est
3083 1416 3143 1473 in’
3167 1433 3262 1488 spe
3285 1417 3442 1473 modo
3473 1417 3754 1481 habenda;
3790 1416 3913 1486 post
3938 1418 4103 1485 hujus

2517 1523 2644 1563 vero
2673 1508 2799 1564 vine
2823 1509 2984 1585 linem
3011 1507 3394 1579 perpetualiter
3417 1506 3944 1578 possidenda.Quam
3965 1508 4095 1567 felix

2517 1608 2601 1653 est
2630 1598 2719 1653 illa
2740 1598 2957 1653 dilectio
2982 1600 3121 1653 inter
3149 1597 3368 1661 fratres,
3393 1613 3513 1669 quae
3540 1598 3657 1654 sine
3680 1597 3785 1654 line
3805 1599 3957 1664 vivit,
3979 1601 4101 1655 sine

2521 1687 2739 1743 fastidio
2763 1696 3007 1759 augetur.

2596 1777 2844 1843 Hortare,
2892 1777 3050 1833 Pater
3097 1788 3304 1842 sancte,
3347 1779 3485 1834 lilios
3532 1787 3743 1841 nostros
3786 1793 4103 1833 communes

837 1880 891 1923 ct
917 1869 1168 1927 fraternae
1194 1871 1500 1927 dilectionis
1526 1863 1717 1941 preces
1739 1872 2017 1937 exaudire,
2049 1881 2104 1927 et
2128 1875 2182 1928 in
2212 1887 2270 1929 se
2297 1890 2413 1946 spe-
2444 1866 2488 1926 B
2513 1865 2563 1939 [δ
2578 1867 2925 1923 Adbelricum
2950 1868 3185 1933 levitam,
3210 1870 3557 1925 Adalbertutn
3596 1868 3829 1940 Magum,
3857 1878 3914 1924 et
3953 1870 4102 1925 Gun-

842 1970 1025 2015 rantes
1072 1961 1265 2030 spiritu
1314 1962 1704 2018 consolationis
1753 1974 1942 2019 sancto
1991 1964 2246 2033 adjuvare
2287 1967 2425 2023 solet

840 2050 1014 2121 (Psol.
1048 2067 1180 2115 xvii,
1213 2052 1327 2122 5i).
1372 2052 1450 2107 Ad
1488 2052 1629 2108 illius
1668 2052 2034 2109 dulcissimam
2081 2056 2422 2113 clementiam

839 2144 1112 2213 erigamus
1149 2159 1300 2212 spem
1342 2153 1605 2214 nostram,
1652 2145 1917 2214 simulque
1944 2146 2011 2200 de
2038 2144 2156 2215 ejus
2196 2147 2428 2218 opitula~

845 2234 991 2286 tione
1038 2232 1425 2296 indubitantes,
1475 2234 1566 2303 qui
1612 2234 1877 2289 illuminat
1911 2250 2125 2290 omnem
2152 2237 2425 2292 hominem

844 2324 1145 2379 venientem
1184 2324 1240 2379 in
1284 2325 1427 2380 hunc
1466 2328 1724 2395 mundum
1751 2328 1928 2400 (Joan.
1956 2346 1995 2393 ι,
2024 2330 2100 2401 9).
2133 2329 2284 2385 Illum
2315 2340 2424 2385 tota

842 2414 1025 2468 cordis
1068 2414 1388 2480 intentione,
1432 2425 1544 2471 tota
1587 2420 1754 2473 animi
1781 2418 2066 2475 affectione
2094 2420 2429 2475 incessanter

844 2504 1221 2573 deprecemur,
1268 2514 1327 2560 ut
1374 2505 1640 2561 illuminet
1685 2508 1838 2563 nobis
1882 2509 2065 2565 oculos
2119 2511 2426 2576 interiores,

844 2609 1173 2665 neutiquam
1197 2598 1249 2651 in
1282 2606 1450 2652 morte
1484 2600 1798 2669 ignorantiae
1822 2602 2226 2658 obdormiamus
2252 2600 2426 2672 (Paul.

848 2702 951 2753 ιιι,
978 2687 1056 2759 4).
2338 2698 2343 2703 ‘

918 2777 1163 2850 [Munera
1188 2780 1492 2837 dilectionis
1513 2792 1705 2839 vestra:
1733 2790 1843 2838 tam
1870 2783 1993 2839 laito
2014 2784 2197 2855 accepi
2224 2785 2431 2852 animo,

849 2883 1012 2938 quam
1035 2869 1190 2941 plena
1217 2886 1315 2926 vos
1336 2872 1600 2928 cbaritate
1621 2874 1854 2946 dirigere
1872 2874 2117 2946 cognovi.
2140 2873 2246 2929 Sed
2268 2891 2431 2947 quam

849 2958 969 3013 lzete
992 2974 1057 3012 ex
1090 2960 1407 3016 muneribus
1454 2977 1605 3017 mens
1651 2962 1943 3025 hilarescit,
1999 2972 2108 3018 tam
2157 2964 2330 3019 tristis
2364 2978 2431 3021 ex

849 3049 1093 3104 absentia
1129 3060 1323 3106 vestra:
1346 3052 1697 3109 beatitudinis
1720 3055 2044 3125 ingemiscit.
2077 3055 2183 3111 Sed
2207 3056 2336 3125 quid
2363 3057 2433 3111 ad

850 3140 1003 3194 bare?
1030 3140 1186 3193 Vivat
1218 3142 1459 3197 charitas
1499 3144 1552 3197 in
1589 3143 1833 3199 Christo!
1881 3146 1952 3199 sit
1979 3160 2216 3215 praesens
2239 3147 2293 3200 in
2316 3146 2429 3217 spi-

851 3230 982 3296 ritu,
1009 3229 1099 3299 qui
1130 3230 1324 3286 absens
1357 3242 1440 3287 est
1470 3233 1523 3287 in
1561 3233 1734 3288 facie!
1786 3235 1979 3298 donec,
2021 3235 2133 3290 Deo
2176 3235 2429 3301 donante,

852 3319 1011 3375 beata
1035 3319 1218 3374 veniat
1261 3322 1570 3391 praesentia,
1610 3338 1730 3393 qua:
1757 3339 2031 3394 nunquam
2066 3324 2210 3380 ﬁniri
2237 3325 2433 3382 valeat.

856 3409 1118 3464 Dominus
1160 3410 1305 3466 Deus
1349 3412 1403 3466 in
1447 3428 1543 3468 sua
1590 3414 1962 3469 misericordia
2015 3415 2072 3469 in
2126 3430 2224 3471 sua
2269 3415 2438 3484 proii-

853 3500 1062 3557 cientes
1081 3501 1357 3559 voluntate
1383 3505 1651 3559 custodiat
1677 3520 1773 3560 vos
1800 3506 2019 3576 ubique,
2048 3504 2218 3562 frater
2244 3507 2441 3563 dulcis-

856 3603 993 3643 ωηο
1008 3588 1049 3660 2]
1395 3673 1419 3700 ι
1437 3660 1768 3717 EPISTOLA
1797 3663 1906 3719 CV.

1208 3768 1276 3806 AD
1316 3768 1562 3809 ΑΒΝΟΝΕΙ
1615 3770 2085 3811 Αιιοιιιειιιδεοιτῑιι.

1465 3850 1643 3921 (Anno
1678 3850 1829 3922 800.)

857 3935 1129 4014 La'tusde
1156 3938 1731 4014 Arnonisvisitatione,
1758 3940 1913 4014 uolet
1938 3942 2002 3995 de
2029 3942 2279 4011 brevitate
2305 3960 2440 4014 prir-

928 4008 1143 4083 sentire;
1176 4005 1494 4083 desiderium
1516 4024 1633 4083 vero
1649 4009 1727 4083 nd
1750 4008 1986 4083 notitiam
2007 4028 2208 4083 semper
2226 4005 2442 4068 inlinen-

931 4086 1032 4129 tent
1054 4075 1237 4151 eierat.
1272 4076 1477 4151 incitat
1503 4076 1573 4151 ad
1606 4080 1722 4148 pias
1763 4080 2081 4135 hortationes
2112 4075 2365 4151 fratribus
2389 4093 2439 4139 et

931 4145 1171 4198 omnibus
1198 4145 1377 4199 ovibus
1408 4145 1637 4201 dandas.

930 4232 1299 4288 Desiderando
1336 4235 1636 4305 meritoque
1679 4239 1908 4294 amando
1940 4238 2148 4309 Aquila:
2176 4241 2437 4313 archiepi-

858 4341 1042 4394 scopo,
1073 4325 1292 4380 humilis
1320 4324 1483 4381 levita
1511 4326 1771 4385 Alcuinus
1800 4330 2049 4385 salutem.

932 4412 1094 4466 Multa
1122 4414 1251 4467 mihi
1283 4415 1507 4470 dulcedo
1528 4416 1629 4471 fuit
1652 4418 1680 4457 δ
1703 4433 1769 4472 ex
1796 4420 2105 4475 visitatione
2124 4424 2443 4479 venerandae

2527 1958 2725 2012 tarium
2754 1960 3103 2028 pedisequum
3129 1960 3344 2029 pietatis
3368 1958 3604 2032 vestrm],
3653 1961 3777 2016 buic
3813 1975 3873 2017 se
3915 1960 4103 2031 dignos

2525 2063 2829 2117 praeparare
2855 2050 3129 2105 charitati.
3156 2050 3335 2106 Suade
3355 2052 3593 2121 paternis
3612 2067 3705 2108 eos
3724 2053 3943 2108 obedire
3966 2068 4103 2124 pra:-

2527 2139 2733 2207 ceptis;
2767 2153 2891 2193 vere
2920 2139 3116 2194 fratres
3141 2155 3260 2196 esse
3291 2142 3345 2195 in
3386 2141 3613 2196 Domino
3653 2150 3707 2196 et
3749 2142 3888 2197 filios
3914 2144 4102 2198 :eterni

2528 2227 2721 2291 Patris,
2772 2228 3081 2285 coheredes
3127 2229 3326 2285 Christi
3367 2231 3461 2286 Dei
3494 2229 3671 2303 (Rom.
3697 2248 3816 2297 vitt,
3849 2231 3957 2301 l7).
3986 2231 4104 2287 Non

2527 2318 2703 2374 solum
2730 2320 2987 2389 pastorali
3013 2321 3373 2376 sollicitudine
3410 2322 3559 2376 vobis
3585 2322 3671 2376 his
3693 2322 3805 2376 hinc
3832 2322 4103 2377 suadenda

2527 2419 2672 2472 sunt,
2713 2409 2807 2463 sed
2832 2411 3083 2465 omnibus
3117 2410 3295 2481 gregis
3324 2411 3419 2465 tibi
3446 2410 3717 2467 c'ommissi
3743 2410 3935 2466 ovibus
3960 2411 4107 2482 inge-

2528 2498 2695 2551 renda
2710 2508 2854 2562 sunt,
2879 2499 2931 2553 in
2953 2508 3135 2556 sancta
3156 2500 3420 2555 charitate
3434 2501 3748 2555 etcastitate
3768 2514 4104 2570 permanere.

2530 2587 2762 2644 Mundus
2804 2592 2860 2644 in
2904 2591 3132 2662 maligno
3176 2592 3374 2662 positus
3420 2600 3493 2645 est
3536 2589 3587 2662 (1
3607 2590 3767 2646 Joan.
3793 2609 3847 2657 v,
3876 2591 4003 2663 i9);
4056 2602 4107 2645 et

2529 2678 2681 2731 multi
2711 2680 2775 2733 de
2800 2679 3043 2734 veritatis
3075 2679 3161 2733 via
3196 2686 3253 2734 et
3290 2679 3411 2733 fidei
3441 2680 3722 2750 praeceptis
3745 2695 3802 2735 se
3836 2690 4105 2743 avertunt.

2530 2767 2728 2823 szeculo
2754 2769 2985 2840 amplius
3012 2770 3309 2827 servientes
3330 2785 3491 2841 quam
3518 2770 3629 2827 Deo
3653 2788 3667 2823 :
3713 2785 3819 2825 non
3856 2770 4106 2825 conside-
4160 2806 4161 2809 η

2531 2868 2715 2914 rantes
2746 2860 2961 2915 oculum
3007 2860 3201 2916 divina:
3249 2861 3549 2931 majestatis
3588 2874 3748 2929 super
3783 2876 3879 2916 eos
3912 2859 4109 2930 ubique

2531 2948 2772 3019 vigilare,
2800 2950 2892 3018 qui
2915 2950 3193 3019 unicuique
3224 2948 3520 3005 redditurus
3547 2959 3620 3004 est
3643 2950 3926 3004 secundum
3954 2966 4109 3021 opera

2532 3060 2631 3097 sua
2664 3041 2881 3113 (Matth.
2912 3059 3024 3107 xvi,
3046 3042 3160 3114 27).
3203 3042 3486 3109 Quocirca,
3516 3042 3811 3099 clarissime
3838 3042 3988 3098 verbi
4016 3042 4108 3097 Dei

2534 3135 2886 3205 praedicator,
2940 3136 3078 3191 insta
3124 3144 3437 3206 opportune,
3487 3135 3781 3209 importune
3827 3133 3925 3205 (II
3973 3124 4106 3188 Tim.

2540 3242 2615 3290 iv,
2658 3226 2736 3297 2),
2792 3226 2920 3297 quia
2976 3224 3193 3295 plurimi
3239 3240 3384 3280 sanae
3433 3225 3690 3281 resistunt
3738 3224 4016 3288 doctrinm,
4057 3239 4113 3278 se

2539 3324 2805 3379 amantes,
2862 3330 2968 3369 non
3016 3315 3343 3385 sempiterna
3384 3322 3692 3383 quaerentes
3744 3332 3758 3367 :
3805 3328 3873 3369 ex
3918 3314 4113 3385 quibus

2539 3414 2771 3477 quantos
2807 3406 3007 3469 valeas,
3036 3405 3216 3461 divina
3244 3403 3540 3474 opitulante
3567 3404 3764 3475 gratia,
3793 3404 3858 3460 de
3885 3402 4113 3458 ﬂammis

2539 3512 2668 3552 erue
2707 3506 2980 3568 perpetuae
3024 3494 3371 3566 perditionis,
3423 3504 3478 3551 et
3526 3510 3791 3567 congrega
3831 3496 3884 3551 in
3931 3498 4114 3553 caulas

2538 3586 2742 3643 Christi
2780 3590 2983 3652 ovium,
3008 3595 3274 3657 quatenus
3292 3602 3357 3643 ex
3380 3585 3595 3642 illorum
3621 3586 3792 3641 salute
3817 3596 3906 3641 tua
3936 3589 4112 3643 multi-

2540 3679 2768 3748 plicetur
2812 3679 2981 3749 gloria
3017 3679 3071 3733 in
3111 3678 3199 3733 die
3247 3677 3460 3733 Domini
3508 3675 3847 3733 nostri'lesu
3890 3677 4108 3733 Christi.

2608 3770 2991 3825 Paternitatem
3013 3778 3245 3826 vestram
3268 3769 3442 3840 pietas
3463 3767 3642 3824 divina
3670 3783 3856 3841 regere
3874 3778 3928 3824 et
3958 3770 4116 3840 proli-

2540 3875 2667 3917 cere
2709 3860 2877 3933 faciat
2904 3861 2959 3915 in
2981 3860 3141 3931 domo
3173 3861 3270 3916 Dei
3297 3875 3470 3930 usque
3516 3860 3571 3914 in
3612 3861 3765 3916 diem
3794 3859 4113 3930 perfectum,

2540 3948 2886 4005 dilectissime
2910 3949 3087 4003 Pater.

2968 4060 3121 4132 131
3155 4072 3179 4100 ο
3207 4059 3538 4118 EPISTOLA
3560 4059 3693 4135 cvi.

3056 4169 3127 4222 sn
3154 4167 3370 4211 DOINUI
3398 4167 3594 4208 REGEI.

3154 4242 3331 4314 (Anno
3354 4242 3505 4314 suo.)

2727 4332 3066 4403 Epitaphium
3098 4331 3119 4371 ί
3149 4331 3465 4402 Liodgardte
3489 4331 3697 4402 femina
3724 4332 3928 4397 nobilis,

2610 4432 2838 4487 Domino
2864 4432 3106 4501 piissimo
3126 4440 3180 4487 et
3204 4433 3433 4503 paciﬁco
3459 4433 3571 4504 regi
3592 4440 3649 4490 et
3673 4434 4110 4504 praestantissimo

860 4503 1163 4558 dilectionis
1212 4512 1423 4558 vestrm.
1474 4504 1625 4561 Licet
1676 4505 1915 4562 laborem
1956 4509 2205 4575 haberes,
2260 4520 2438 4567 tamen
2467 4525 2598 4591 Dm

2371 4527 2438 4567 cn
2467 4531 2520 4591 ι)
2542 4524 2940 4593 triumphatori,
2995 4533 3212 4581 aeternae
3262 4503 3610 4582 beatitudinis
3654 4528 3879 4600 gloriam
3926 4537 3983 4585 et
4025 4544 4107 4583 εει

858 4607 960 4662 ego
987 4592 1200 4662 pietatis
1224 4601 1327 4647 tuze
1350 4594 1715 4651 conSolatione
1741 4596 2060 4664 reliciebar;
2093 4599 2163 4653 ita
2187 4609 2265 4667 ut,
2284 4602 2440 4670 juxta

860 4685 1003 4740 beati
1050 4684 1323 4740 Benedicti
1364 4701 1678 4756 responsum
1708 4698 1755 4753 ο,
1796 4688 2003 4744 Pascha
2033 4705 2120 4745 me
2151 4692 2204 4745 in
2233 4699 2337 4750 tua:
2363 4693 2447 4748 di-

932 4828 957 4855 ι
1168 4816 1368 4896 Mabiﬂ.
1396 4818 1505 4883 23;
1537 4820 1779 4888 suppleta
1804 4835 1870 4875 ex
1898 4821 2019 4875 cod.
2052 4820 2246 4878 Salisb.
2282 4824 2441 4896 (Fro-

859 4888 985 4940 ben.
1008 4885 1174 4955 epist.
1206 4887 1318 4955 89).

934 4955 963 4995 ιι
996 4954 1077 5007 Ex
1155 4954 1431 5011 ivitatioue.
1483 4956 1634 5013 lianc
1682 4958 2047 5014 visitationem
2093 4960 2330 5020 Arnonis
2374 4965 2442 5021 ad

864 5025 1146 5081 Alcuinum
1192 5025 1391 5080 factam
1438 5026 1605 5083 fuisse
1647 5038 1833 5084 censet
1873 5029 1940 5083 el.
1988 5030 2272 5089 llansizius
2301 5052 2442 5091 anno

860 5094 982 5153 800,
1017 5095 1143 5170 dum
1168 5094 1316 5170 Ar_n_o
1344 5096 1512 5150 Roma
1545 5099 1612 5152 ad
1641 5115 1823 5170 regem
1856 5100 2122 5165 rediisset,
2155 5111 2210 5157 et
2234 5106 2301 5160 ad
2326 5121 2443 5161 mo—

866 5165 1166 5240 nasterium
1205 5165 1912 5240 _Elnonense_gexctirrisset
1964 5174 1992 5240 Δ(
2013 5171 2190 5226 Germ.
2260 5175 2437 5239 Sacr.,

862 5242 993 5315 tom.
1022 5232 1082 5293 ",
1103 5234 1155 5286 in
1180 5235 1410 5299 Amone,
1441 5251 1494 5288 n.
1526 5237 1638 5308 35).
1667 5238 1834 5307 Cujus
1856 5232 2222 5305 conjecturam
2245 5245 2333 5299 hic
2357 5232 2443 5300 se;

862 5318 1227 5459 ’¹Ῐ¹ἒῖ“ἐ¹ἑ’νίιε
1252 5376 1423 5459 ωεεςιί
1455 5376 1749 5459 secuisti.
1790 5379 1929 5448 apud
1964 5374 2208 5435 εεηειυιιί
2236 5381 2439 5454 Grego-

866 5443 1003 5495 rium
1026 5443 1297 5509 Magnum,
1320 5444 1411 5499 lib.
1438 5462 1475 5499 ιι
1502 5447 1804 5504 Moralium.
1824 5443 1839 5448 ⁷
1952 5504 1957 5509 .

934 5510 961 5550 ἀ
1024 5510 1397 5571 Αάὶειήειηι.
1445 5556 1458 5567 .
1497 5558 1511 5570 .
1557 5518 1931 5573 Adalbertum.
1982 5560 1996 5573 .
2043 5560 2053 5571 .
2098 5518 2437 5577 Guntarium.

864 5580 1181 5661 Adhelrieus
1221 5583 1467 5661 fortassis
1499 5596 1582 5642 est
1608 5588 1871 5661 Aldricus,
1902 5590 2070 5646 abbas
2097 5592 2441 5661 posteaFer-

865 5652 1143 5729 rariensis,
1170 5654 1262 5729 qui
1283 5655 1449 5729 etiam
1462 5665 1582 5729 post
1602 5658 1809 5715 obitum
1823 5659 2075 5725 Arnonis,
2090 5652 2233 5719 anno
2247 5660 2353 5718 893
2372 5664 2439 5718 ad

866 5723 1166 5796 regularem
1194 5723 1530 5796 disciplinam
1558 5728 1612 5782 in
1642 5730 1969 5790 monastet'io
1996 5723 2286 5789 Elnonensi
2311 5750 2439 5790 con-

872 5792 1184 5849 lirmandam
1224 5812 1253 5849 a
1299 5792 1570 5855 Ludovico
1621 5800 1747 5869 imp.
1808 5802 2003 5856 missus
2060 5811 2141 5856 est
2187 5803 2433 5873 (ΜιώἰῐιῚ

2544 4614 2710 4671 lutem

2614 4706 2839 4761 Domine
2859 4704 3008 4773 Iesu,
3038 4722 3161 4776 spes
3182 4674 3392 4771 nostra,
3420 4706 3565 4762 salus
3587 4713 3794 4771 nostra,
3823 4706 4111 4761 consolatio

2542 4834 2638 4907 l_ib.
2704 4850 2831 4907 ιιι]
2880 4835 3075 4890 Annal.
3126 4852 3181 4891 ιι.
3218 4835 3364 4907 Δξ’)θ).
3400 4835 3733 4907 Adalliertns
3784 4836 3910 4893 item
3950 4840 4108 4893 abbas

2544 4904 2937 4978 ferrariensis,
2993 4921 3155 4975 quem
3200 4903 3434 4978 Alcuinig
3460 4914 3519 4978 et
3562 4906 3748 4978 Sigulll
3799 4908 4104 4978 discipulum

2546 4923 2937 4970 rerranensts,
2993 4923 3155 4975 quem
3200 4923 3411 4962 Alcutm
3460 4923 3517 4963 et
3562 4923 3619 4962 δι
3658 4923 3748 4962 ιιιιι
3799 4923 4102 4978 discipulum

2546 4973 2711 5029 fuisse
2731 4975 2885 5048 testis
2907 4983 2993 5048 est
3013 4983 3202 5030 auctor
3220 4976 3356 5032 Vita:
3376 4976 3584 5048 Alcuiui
3612 4923 3832 5048 (ilabill.
3864 4979 3977 5048 Act.
4003 4977 4102 5048 SS.

2544 5061 2665 5099 διεδ.
2696 5044 2996 5120 ιγ-Βεηεάη
3038 5056 3177 5120 βίη-ι.
3211 5063 3251 5111 ι,
3285 5061 3408 5119 pag.
3460 5044 3842 5120 tli7).'l_s_hoc
3880 5046 3997 5102 loco
4032 5046 4106 5120 dio

2545 5124 2689 5171 serte
2716 5114 2906 5186 Μαρια
2933 5113 3378 5187 cognominatur;
3416 5124 3475 5187 ut
3498 5113 3611 5183 jam
3646 5118 3862 5187 dubium
3889 5130 3993 5171 non
4019 5116 4101 5180 sit,

2544 5187 2734 5241 eodem
2786 5185 3018 5242 nomine
3048 5188 3101 5240 in
3144 5185 3388 5255 epistolis
3431 5186 3498 5240 76
3525 5197 3581 5243 et
3614 5187 3678 5241 77
3723 5186 3887 5254 (nunc
3908 5186 3994 5249 9t.
4020 5188 4102 5254 92)

2544 5256 2686 5328 hunc
2731 5257 3080 5328 Adalbertum
3126 5257 3419 5328 indigitari.
3464 5255 3757 5328 Guntarius
3791 5257 4102 5328 pedisequus

2542 5325 2799 5389 Arnonis,
2829 5327 2950 5394 quis
2974 5327 3065 5390 sit.
3093 5314 3431 5395 exploratum
3452 5314 3777 5395 non'babeo.

2618 5395 3007 5516 ἓῇξαίαὲἓὲτ
3036 5395 3474 5516 ἓξτὶξζιέἔτὲἂ
3497 5394 4013 5516 ἮΞᾉΣΞΖῬᾺἫ

2712 5464 2997 5548 inrigarent.
3044 5466 3149 5522 Seu
3175 5465 3474 5548 Liutgardis
3514 5464 3700 5548 uxoris
3918 5464 4097 5538 Magni.

2546 5549 2663 5602 quae
2708 5533 2958 5608 Turonis,
2986 5554 3093 5608 quo
3135 5552 3260 5596 cum
3300 5533 3625 5608 imperatore
3663 5538 3920 5608 orationis

2543 5612 2787 5667 venerat,
2837 5605 3063 5669 adversa
3116 5605 3422 5665 valetudine
3471 5616 3718 5678 correpta
3765 5607 3895 5677 obiit
4006 5605 4099 5659 ‘die

2543 5672 2723 5730 Nonas
2768 5672 2910 5731 Junii
2954 5694 3095 5731 anno
3137 5676 3259 5731 800.
3304 5672 3403 5731 (Et
3449 5675 3640 5731 Annal.
3691 5622 4020 5731 Loiselials:
4050 5680 4098 5729 et

2543 5672 2723 5797 aNitiiinas
2768 5672 2910 5732 Junii
2954 5694 3095 5739 anno
3137 5676 3259 5732 800.
3304 5672 3403 5744 (Et
3449 5672 3645 5733 Annal:
3666 5672 3999 5734 'Loiseliau‘is
4050 5680 4098 5729 et

2636 5762 2707 5797 8.2

2542 5746 2707 5816 aliis.)
