4400 6432
358 496 461 554 391

1790 492 2170 549 EPISTOLAS.

3486 492 3591 545 5'33

362 618 567 667 nostra.
596 607 686 678 qui
712 604 1123 662 clementissima
1148 619 1279 659 voce
1301 600 1547 659 omnibus
1574 602 1672 657 sub
1692 586 1926 672 pondere
1952 606 1999 660 Α
2028 598 2281 653 misertus
2322 593 2504 659 fueris,
2537 595 2819 661 miserere,
2837 592 3082 655 Domine,
3105 603 3362 647 creatura:
3390 602 3506 657 tum,
3538 605 3597 648 ut

361 698 644 768 cujuslibet
704 696 905 752 laboris
957 693 1291 765 gementibus
1353 694 1637 757 mandasti,
1688 695 1871 749 dicens
1911 710 1923 744 :

371 787 549 843 Venite
574 787 641 840 ad
669 802 770 851 me,
805 800 977 838 omnes
1002 784 1092 853 qui
1132 782 1377 837 laboratis
1402 792 1449 837 et
1478 783 1674 835 onerati
1710 782 1851 844 estis,
1880 788 1928 834 et

363 894 453 947 ego
496 876 724 943 reﬁciam
752 891 837 927 ros
884 872 1095 941 (Matth.
1126 889 1201 936 xi,
1228 872 1340 939 28).
1390 870 1526 938 Quid
1573 874 1673 926 hac
1701 871 1929 940 promis-

362 969 510 1021 sione
544 966 871 1034 jucundius?
911 965 1047 1031 Quid
1094 964 1192 1019 hac
1220 980 1313 1034 spe
1345 963 1593 1019 beatius?
1636 962 1825 1015 Veniat
1861 961 1928 1014 ad

360 1058 708 1112 eumromnis
752 1059 928 1111 anima
976 1072 1228 1119 atterens,
1280 1068 1437 1109 omne
1479 1068 1574 1106 cor
1615 1051 1924 1111 contritum,

359 1146 589 1202 fundens
616 1147 881 1216 lacrymas
908 1148 958 1200 in
1002 1153 1288 1215 conspectu
1320 1140 1699 1199 misericordiae
1745 1140 1922 1201 illius;

358 1242 534 1306 neQue
561 1234 852 1290 abscondat
895 1236 1113 1288 vulnera
1141 1250 1236 1288 sua
1280 1231 1506 1293 medico,
1535 1229 1624 1298 qui
1655 1230 1766 1281 ait:
1816 1226 1926 1295 Ego

356 1326 614 1391 occidam,
652 1338 699 1380 et
737 1328 897 1380 vivere
921 1326 1148 1394 faciant:
1188 1326 1490 1395 percutiam,
1521 1332 1567 1376 et
1596 1336 1688 1390 ego
1733 1319 1927 1373 sonabo

357 1412 534 1473 (Deut.
567 1429 738 1469 xxxtt.
761 1413 873 1485 39).
924 1413 1177 1483 Flagellat
1220 1414 1369 1466 miris
1399 1410 1586 1472 modis,
1634 1417 1690 1461 ut
1718 1409 1929 1463 erudiat

357 1501 518 1566 illius,
553 1516 653 1573 pro
693 1519 920 1573 quorum
969 1504 1136 1559 salute
1182 1504 1331 1555 unico
1362 1516 1464 1552 non
1509 1498 1731 1568 pepercit
1761 1495 1922 1550 Filio.

358 1591 490 1658 Quis
528 1604 710 1648 contra
752 1611 867 1657 nos,
909 1595 952 1647 si
994 1594 1132 1646 Deus
1176 1609 1268 1661 pro
1298 1592 1441 1645 nobis
1482 1589 1655 1658 (llam.
1688 1603 1803 1652 vttt,
1835 1588 1924 1649 32,

354 1683 484 1754 5i)?
517 1683 650 1749 Quis
691 1684 992 1752 contristat,
1021 1683 1065 1735 si
1096 1682 1234 1736 Deus
1266 1678 1538 1735 laetiﬁcat?
1575 1676 1729 1740 Nolo,
1759 1693 1788 1729 a
1819 1675 1928 1730 Deo

352 1774 567 1828 dicatur
614 1772 745 1827 tibi:
777 1763 823 1826 Ο
865 1772 1074 1825 anima!
1125 1772 1250 1840 quid
1296 1768 1505 1839 gemis?
1550 1767 1678 1835 quid
1722 1766 1928 1836 plangis

347 1862 549 1930 judicia
576 1861 731 1915 mea?
758 1861 868 1930 Ego
894 1860 1034 1922 dedi,
1060 1874 1159 1928 ego
1187 1856 1379 1912 abstuli
1408 1855 1547 1924 (Job.
1582 1871 1621 1916 t,
1650 1855 1762 1923 21).
1788 1854 1925 1919 Quid

354 1924 523 2008 habes
564 1954 764 2022 absque
805 1924 896 2004 ine
926 1948 977 2019 (I
1009 1924 1128 2001 Cor.
1161 1964 1231 2011 tv,
1258 1946 1347 2016 7)?
1391 1944 1502 2001 Cur
1538 1945 1631 1998 tibi
1658 1945 1921 2011 displicet,
1956 1924 2001 1981 Β

352 2044 496 2111 quod
524 2043 653 2097 mihi
681 2027 891 2111 placet?
928 2041 1138 2100 Omnia,
1170 2053 1288 2108 qua:
1320 2038 1503 2097 habes.
1537 2051 1653 2090 mea
1685 2046 1810 2090 sunt
1829 2036 1925 2089 be-

353 2132 566 2196 nelicia,
595 2147 700 2186 non
748 2138 839 2184 tua
868 2130 1104 2199 propria.
1143 2128 1217 2182 Te
1256 2129 1425 2197 ipsam
1469 2141 1620 2196 para,
1653 2136 1712 2180 ut
1756 2127 1928 2194 possis

350 2222 622 2291 particeps
644 2233 763 2274 esse
787 2218 1130 2273 beatitudinis
1156 2230 1305 2270 mem.
1331 2215 1557 2284 Propter
1582 2225 1631 2269 te
1652 2215 1925 2277 descendi,

350 2320 411 2362 et
431 2310 694 2378 patiebar,
725 2323 843 2376 qtae
868 2306 1040 2376 legisti
1069 2305 1121 2358 in
1150 2304 1343 2357 litteris
1383 2305 1535 2367 meis,
1582 2311 1640 2356 ut
1669 2303 1763 2356 tibi
1792 2318 1927 2372 prie-

349 2415 538 2467 parem
566 2399 893 2452 mansionem
920 2398 973 2450 in
1003 2396 1159 2451 dumo
1184 2394 1359 2448 Patris
1390 2395 1512 2448 mei.
1546 2394 1661 2449 Noli
1690 2395 1924 2459 tardare,

351 2505 509 2543 soror
552 2503 685 2548 mea,
716 2502 908 2555 sponsa
938 2501 1076 2545 mea,
1113 2500 1292 2553 surge,
1332 2500 1575 2554 propera,
1617 2495 1670 2538 et
1698 2486 1819 2538 veni
1858 2485 1925 2538 ad

349 2558 537 2646 epulas
562 2577 746 2646 gloria:
766 2591 896 2629 mem
930 2575 946 2642 (
974 2572 1127 2627 Cant.
1159 2589 1220 2637 tt,
1251 2572 1356 2639 l0).
1388 2573 1570 2643 Magna
1598 2581 1742 2636 sunt,
1767 2575 1923 2627 beata

350 2675 498 2730 sunt,
548 2666 983 2734 incomparabilia
1024 2671 1147 2716 sunt
1192 2678 1310 2731 qua:
1356 2664 1649 2732 pratparavi
1696 2664 1812 2716 tibi.
1859 2663 1925 2717 Et

351 2755 605 2826 quamvis
623 2769 822 2824 magna
841 2754 966 2817 sint,
1010 2753 1116 2805 noli
1145 2759 1199 2804 tu
1229 2762 1405 2805 tamen
1434 2762 1683 2814 testuare,
1716 2752 1798 2806 vel
1828 2753 1925 2806 du-

349 2848 527 2907 bitare
548 2847 615 2900 de
641 2846 832 2914 pretio.
884 2843 1122 2914 Regnum
1152 2851 1301 2897 tuum
1332 2852 1533 2897 tantum
1563 2844 1721 2907 valet,
1749 2859 1919 2912 quan-

349 2945 465 2990 tum
498 2944 551 2988 tu
579 2926 665 2988 es:
693 2934 767 2987 Te
808 2936 979 3002 ipsam
1007 2934 1093 2996 da,
1122 2940 1176 2987 et
1200 2933 1417 2987 habebis
1447 2932 1593 2986 illud.
1621 2933 1732 2987 Rex
1758 2943 1920 2987 teter-

350 3042 454 3079 nns
475 3024 804 3093 concupiscit
826 3023 1057 3092 speciem
1084 3026 1249 3075 tuam".
1285 3022 1398 3077 Non
1426 3024 1495 3077 sit
1533 3024 1584 3076 in
1613 3031 1664 3076 te
1692 3039 1821 3093 ruga
1841 3024 1921 3077 vel

351 3114 563 3168 macula
593 3114 803 3182 (Ephes.
836 3128 886 3175 v,
917 3110 1027 3179 27).
1076 3110 1133 3163 Si
1177 3110 1305 3178 quid
1333 3110 1568 3179 pttlveris
1593 3125 1658 3164 ex
1706 3120 1919 3166 terrena

350 3205 682 3259 habitatione
707 3203 993 3259 adltmserit
1020 3202 1134 3265 tibi,
1185 3202 1435 3270 lacrymis
1462 3201 1595 3262 lava,
1625 3209 1682 3254 ut
1710 3212 1761 3254 te
1801 3203 1921 3270 spe-

348 3299 576 3358 (-iosam,
620 3295 901 3364 pulchram
945 3303 999 3347 et
1023 3293 1423 3349 desiderabilem
1470 3293 1723 3358 inveniat,
1750 3294 1839 3363 qui
1870 3303 1923 3348 te

344 3384 735 3460 concupiscit..
752 3383 868 3437 Noli
909 3384 973 3437 de
1002 3383 1219 3437 alterius
1264 3384 1613 3452 ingemiscere
1652 3381 1922 3447 felicitate,

349 3490 473 3545 quae
503 3475 748 3543 spinosos
790 3472 958 3526 ﬁnivit
1007 3472 1235 3541 labores,
1265 3480 1320 3525 et
1348 3473 1541 3526 volavit
1588 3474 1653 3527 ad
1682 3490 1803 3527 eum
1833 3475 1924 3541 qui

350 3562 481 3618 fecit
503 3563 665 3616 illam.
695 3561 839 3615 Talis
866 3570 967 3624 est,
997 3570 1114 3629 post
1156 3546 1471 3617 sententiam
1499 3564 1681 3630 prim-.e
1710 3562 1927 3617 damna-

350 3655 536 3719 tionis,
592 3652 851 3706 conditio'
880 3635 1182 3722 fragilitatis
1234 3660 1449 3706 nostrte.
1511 3652 1809 3713 Nascimur,
1870 3662 1926 3706 ut

351 3748 687 3809 moriamur;
720 3745 997 3809 morimur,
1024 3754 1083 3798 ut
1109 3744 1369 3797 vivamus.
1400 3742 1646 3812 Nunquid
1676 3759 1778 3796 non
1806 3742 1926 3797 feli-

350 3837 470 3891 cior
498 3844 581 3889 est
607 3836 727 3889 vita:
752 3836 1209 3907 ingressusquam
1257 3833 1487 3888 mortis?
1529 3832 1721 3886 Fertur
1743 3846 1927 3901 quem-

352 3926 477 3979 dam
500 3924 855 3992 respondisse,
878 3925 1001 3977 dum
1024 3914 1089 3978 de
1111 3924 1202 3977 lilii
1226 3924 1307 3976 sui
1329 3922 1703 3978 consolabatur
1725 3932 1916 3978 morte:

353 4014 597 4068 Sciebam
638 4029 738 4076 me,
771 4014 960 4081 inquit,
988 4013 1256 4065 mortalem
1290 4012 1543 4080 genuisse.
1590 4010 1699 4065 Cur
1722 4012 1928 4079 plangis

353 4102 499 4171 quod
543 4102 714 4155 vitare
759 4115 862 4154 non
919 4100 1249 4168 possumus?
1293 4099 1443 4166 Saepe
1486 4098 1639 4152 dolor
1688 4106 1927 4166 tempore

353 4192 651 4255 sanabitur,
679 4190 769 4260 qui
801 4180 1008 4243 ratione
1037 4203 1140 4241 non
1169 4188 1383 4256 poterit.
1432 4186 1703 4240 Mittamus
1731 4202 1924 4239 munu—

353 4280 505 4336 scala
527 4278 807 4334 cbaritatis
831 4285 957 4346 post
984 4276 1176 4330 charos
1207 4285 1436 4329 nostros.
1479 4273 1779 4328 Oll'eramus
1806 4288 1926 4327 mu—

352 4383 459 4423 nus
486 4354 675 4422 salutis
702 4374 899 4420 nostra:
922 4380 1019 4433 pro
1056 4363 1178 4417 illis.
1210 4362 1575 4417 ‘Misereamur
1607 4363 1837 4425 miseris,
1867 4370 1927 4415 ut

354 4460 677 4512 misereatur
704 4455 808 4509 illis
833 4454 992 4507 Deus.
1022 4452 1172 4519 Quod
1198 4468 1295 4520 pro
1324 4454 1426 4507 illis
1466 4454 1519 4507 in
1548 4452 1649 4506 llde
1678 4451 1925 4515 facimus,

352 4545 572 4616 prolicit
596 4553 651 4599 et
677 4544 851 4599 nobis.
1025 4544 1027 4547 ’

427 4635 654 4691 Domine
688 4633 844 4696 Deus,
877 4630 1002 4687 Iesu
1031 4631 1173 4685 mitis
1198 4639 1252 4684 et
1294 4630 1620 4690 misericors,
1670 4629 1927 4682 miserere

357 4726 502 4782 illius
532 4739 693 4795 quam
722 4722 983 4779 abstulisti
1010 4737 1039 4776 a
1072 4720 1239 4775 nobis.
1273 4720 1475 4774 Exaudi
1504 4732 1720 4787 nusper
1759 4718 1929 4773 medi-

354 4820 537 4873 cinam
581 4802 860 4869 vulnerum
909 4823 1215 4884 nostrorum
1264 4811 1465 4884 [Forte,
1513 4810 1771 4883 tuorum],
1815 4825 1933 4880 qua:

354 4905 613 4977 pependit
654 4905 710 4957 in
743 4903 907 4972 ligtto,
950 4904 1227 4957 etsedem
1252 4901 1319 4954 ad
1360 4902 1637 4956 dexteram
1677 4909 1824 4954 tuam
1851 4901 1933 4953 in-

356 4991 592 5065 terpellat
614 5006 710 5061 pro
738 4991 884 5044 nobis
904 4987 1080 5061 (ﬂeat.
1110 5002 1226 5053 vni,
1246 4988 1362 5059 34).
1394 4988 1519 5045 Scio
1541 4990 1757 5060 quidem
1780 4990 1932 5044 mise-

359 5083 652 5141 ricordiam
695 5090 864 5145 tuam,
905 5080 1107 5150 quivis
1148 5092 1329 5134 omnes
1351 5078 1585 5134 honrines
1623 5078 1792 5133 salvos
1819 5073 1928 5148 ﬁeri

358 5174 415 5246 (1
440 5172 579 5229 Tim.
607 5182 670 5239 tt,
690 5173 766 5244 4).
794 5170 1012 5227 Dimitte
1038 5170 1113 5226 illi
1141 5170 1320 5226 debita
1360 5183 1457 5224 sua
1481 5169 1698 5240 (Matth.
1721 5186 1797 5233 vt,
1823 5170 1939 5243 ιε),

360 5274 697 5335 magno
734 5262 1003 5318 contraxit
1043 5268 1164 5331 post
1212 5272 1407 5329 aquam
1450 5258 1661 5313 salutis.
1695 5259 1933 5323 Dimitte,

360 5353 591 5409 Domine
616 5353 631 5406 l
660 5350 907 5406 dimitte!
938 5352 1303 5422 deprecamur.
1335 5347 1414 5403 Ne
1446 5348 1615 5402 intres
1645 5363 1767 5403 cum
1798 5365 1862 5405 ea
1884 5350 1939 5404 in

356 5439 659 5511 inﬁcit-Il
708 5438 1066 5510 Sapereultet
1102 5438 1457 5494 misericordia
1483 5438 1537 5491 in
1577 5438 1783 5507 judicio
1823 5440 1942 5510 (Ja-

365 5532 480 5588 eab.
525 5544 590 5596 ιι,
635 5528 748 5601 id).
796 5526 931 5611 Nam
980 5529 1190 5611 eloquia
1237 5536 1329 5583 tua
1375 5541 1502 5582 vera
1554 5536 1702 5590 sunt,
1744 5529 1942 5597 quibus

365 5617 660 5692 misisti
679 5604 1115 5673 misericordibus
1125 5616 1546 5673 misericordiam
1561 5614 1777 5685 (Matth.
1794 5632 1842 5679 v,
1862 5618 1937 5687 7);

368 5709 510 5777 «μοι
537 5715 598 5763 ut
639 5712 841 5769 essent,
889 5705 1110 5760 dedistis
1149 5706 1249 5761 eis.
1298 5704 1400 5770 Qui
1447 5704 1809 5768 misereberis,
1855 5708 1941 5761 cni

441 5832 469 5860 ι
496 5816 917 5893 Εῶιηοιιριιοοι.
950 5814 1040 5880 2‘2,
1071 5804 1263 5868 exsms.
1298 5814 1552 5884 (Froben.
1584 5813 1698 5883 9|.)

2033 688 2211 742 laudet
2238 696 2288 743 te
2326 696 2573 742 creatura
2621 693 2729 748 tua,
2759 694 2813 738 et
2848 693 3026 738 cantet
3061 678 3455 739 misericordias
3482 693 3599 739 tuas

2027 778 2079 832 in
2108 788 2367 833 :eternttm
2395 796 2406 829 :
2436 777 2502 830 Et
2525 777 2721 836 anima,
2752 791 2870 844 qum
2910 772 3276 844 supervictura
3305 775 3427 836 erit,
3452 789 3595 828 sem~

2028 883 2120 935 per
2148 870 2289 921 dicat
2312 886 2323 918 :
2354 867 2602 919 Laudabo
2632 865 2795 917 Deum
2820 880 2987 915 meum
3010 865 3063 915 in
3090 864 3190 916 vita
3216 878 3349 925 mea,
3374 861 3594 929 psallam

2027 953 2134 1007 Deo
2164 971 2295 1016 meo,
2323 953 2555 1022 quandiu
2586 966 2673 1003 ero
2704 948 2875 1019 (Psal.
2907 963 3059 1009 cstv,
3096 947 3169 1016 1).

2097 1066 2322 1134 Semper
2354 1065 2406 1119 in
2431 1073 2689 1119 :eternum
2722 1063 2885 1124 vivat,
2915 1061 3141 1116 feliciter
3167 1070 3313 1129 opto,

2167 1154 2300 1208 Filia
2330 1152 2491 1207 chara
2519 1152 2668 1211 mihi,
2700 1151 2788 1213 sit,
2822 1165 2968 1218 rogo,
3001 1150 3162 1203 chara
3186 1148 3313 1203 Deo.

2511 1276 2535 1303 -
2578 1244 2907 1315 EPISTOLA
2952 1258 3104 1313 cvu.

2538 1346 2603 1385 AD
2639 1346 2853 1384 ιιοιιδιυι
2894 1344 3086 1402 ιιιεοειι.

2294 1414 2657 1473 Consolatoria
2683 1434 2775 1486 pro
2800 1426 2963 1469 morte
2992 1416 3328 1486 Litttlgardtr.

2097 1512 2321 1567 Domino
2346 1482 2692 1565 desiderabili'
2710 1517 2763 1562 et
2790 1523 2913 1561 vere
2943 1482 3250 1561 beatissimo
3291 1506 3457 1561 David
3488 1487 3599 1576 regi

2027 1600 2250 1654 Flaccus
2279 1598 2500 1651 Albinus
2526 1597 2771 1650 salutem.

2098 1687 2232 1740 Dum
2257 1696 2449 1739 vestra:
2474 1683 2727 1752 potentia:
2755 1681 3038 1751 gloriosam
3067 1680 3465 1742 sublimitatem,
3493 1696 3595 1734 non

2027 1778 2280 1849 peritura:
2305 1775 2567 1830 Chaldaeis
2590 1772 2815 1826 ﬂammis
2834 1771 3149 1835 Jerusalem,
3177 1772 3443 1839 imperare
3466 1772 3595 1831 scio,

2030 1869 2122 1922 sed
2149 1877 2422 1935 perpetua:
2451 1864 2599 1934 pacis
2624 1864 2892 1917 civitatem
2915 1862 3148 1929 pretioso
3173 1862 3430 1929 sanguine
3451 1859 3601 1913 Chri-

2028 1960 2096 2013 sti
2126 1965 2485 2015 constructam
2517 1968 2701 2023 regere
2743 1963 2903 2021 atque
2931 1952 3252 2019 gubernare,
3284 1949 3437 2017 cujus
3465 1948 3597 2017 lapi-

2026 2048 2120 2103 des
2150 2046 2253 2099 vivi
2281 2046 2346 2099 de
2371 2043 2647 2097 cbaritatis
2674 2042 2873 2111 glutine
2916 2039 3262 2109 colliguntur,
3287 2046 3341 2090 et
3365 2038 3603 2092 cmlcstis

2024 2136 2235 2193 mdilicii
2289 2133 2627 2187 altitudinem
2681 2146 2746 2185 ex
2798 2129 3024 2184 diversis
3071 2128 3325 2180 virtutum
3376 2126 3601 2195 gemmis

2025 2227 2163 2281 muri
2190 2233 2536 2292 consurgunt.
2565 2223 2638 2276 De
2666 2236 2769 2288 qua
2799 2218 3076 2273 Psalmista
3101 2218 3175 2270 ait
3200 2231 3215 2269 :
3265 2216 3444 2285 Diligil
3486 2214 3596 2269 Do-

2023 2319 2195 2370 minus
2225 2324 2401 2385 ponas
2448 2311 2596 2374 Sion,
2633 2326 2786 2380 super
2832 2308 3004 2361 omnia
3051 2305 3387 2359 tabernacula
3434 2304 3599 2357 Iacob

2025 2405 2249 2476 (Psalm.
2276 2418 2489 2465 Lxxxvt,
2520 2400 2596 2467 2).
2630 2399 2695 2452 Et
2723 2397 2848 2452 alibi
2877 2415 2889 2447 :
2924 2395 3072 2448 Mons
3100 2393 3228 2447 Sion
3252 2393 3414 2445 latera
3441 2393 3599 2459 Aqui-

2020 2495 2175 2557 Ionis,
2202 2493 2381 2546 civitas
2424 2491 2554 2559 regis
2600 2486 2774 2556 magni
2822 2484 3046 2554 (Psalm.
3098 2498 3260 2543 XLVII,
3315 2483 3393 2549 ὃ).
3446 2480 3596 2535 Unde

2023 2600 2143 2654 ego,
2193 2584 2413 2636 minima
2467 2580 2709 2648 quaedam
2764 2574 2923 2645 hujus
2970 2574 3205 2629 civitatis
3254 2568 3447 2640 portio,
3500 2572 3601 2625 sub

2026 2674 2256 2743 tegmine
2281 2671 2496 2740 pietatis
2534 2677 2718 2722 vestra:
2747 2666 3093 2725 constitutus,
3119 2663 3183 2714 ad
3214 2662 3597 2732 jucunditatem

2024 2764 2188 2818 animi
2217 2762 2380 2815 vestri
2423 2759 2599 2813 debita
2643 2758 2901 2811 servitute
2927 2756 3125 2822 smpius
3171 2752 3435 2805 litterulas
3468 2751 3599 2805 diri-

2023 2868 2148 2923 gere
2173 2853 2361 2907 studeo
2385 2868 2400 2915 ;
2442 2848 2666 2904 olliciale
2692 2846 2990 2901 devotionis
3015 2852 3211 2899 nostrae
3238 2828 3452 2905 munus,
3495 2857 3599 2897 non

2023 2941 2388 2997 necessarium
2435 2936 2772 2991 abundantiae
2810 2944 3042 2997 vestrae;
3091 2933 3313 3001 cupiers
3341 2930 3600 2986 vulnerati

2023 3034 2187 3089 animi
2210 3031 2450 3091 maerori,
2474 3044 2571 3097 per
2592 3036 2780 3080 vestrae
2798 3023 3178 3080 consolationis
3199 3022 3599 3091 benignitatem,
3673 3074 3679 3087 ,

2023 3123 2261 3181 mederi:
2294 3122 2417 3191 quia
2445 3120 2638 3189 smpius
2665 3116 2884 3187 probavi
2928 3114 3245 3167 familiarem
3295 3118 3601 3165 mansuetu-
3634 3152 3643 3171 η

2023 3214 2203 3270 dinem
2228 3209 2570 3267 sublimitatis
2595 3214 2807 3270 vestr-te,
2838 3202 3115 3258 humilium
3152 3200 3427 3255 doloribus
3454 3214 3601 3270 com-

2022 3304 2152 3374 pati.
2176 3301 2310 3357 Nam
2332 3309 2387 3355 et
2417 3299 2529 3370 ipse
2575 3296 2849 3358 Dominus,
2882 3294 3044 3350 totius
3071 3292 3190 3347 lous
3217 3290 3603 3346 consolatimtis

2022 3404 2077 3449 et
2110 3392 2300 3448 salutis
2327 3406 2449 3446 eum
2481 3386 2729 3442 ﬂentibus
2756 3385 2905 3439 ﬂevit
2933 3384 3186 3445 amicum,
3226 3396 3385 3449 quem
3432 3380 3603 3436 susci-

2024 3494 2236 3540 taturus
2289 3468 2433 3537 venit
2483 3478 2663 3549 (Joan.
2714 3491 2788 3541 xt,
2841 3476 2930 3540 53,
2972 3472 3083 3545 35).
3133 3471 3361 3528 aliorum
3406 3472 3602 3535 dolori,

2017 3575 2166 3643 juxta
2196 3570 2545 3628 humanitatis
2574 3569 2843 3629 allectum,
2871 3580 3182 3635 compassus
3221 3564 3413 3631 magis,
3440 3576 3600 3643 quam

2024 3664 2182 3719 amici
2208 3670 2433 3715 mortem
2470 3662 2675 3728 lugens,
2722 3658 2976 3719 maxime,
3019 3655 3142 3723 quia
3188 3652 3431 3709 eumdem
3469 3636 3599 3705 liora

2023 3754 2287 3806 victurum
2318 3750 2652 3819 prtesciebat.
2700 3746 2821 3801 Filii
2869 3742 3284 3811 lsraelMoysen
3329 3742 3631 3810 lugebant,

2024 3842 2118 3898 sed
2150 3841 2199 3893 in
2227 3840 2388 3907 Lege,
2412 3854 2516 3891 non
2542 3837 2592 3890 in
2617 3834 2906 3904 Evangelia
2929 3832 3106 3904 (Deut.
3144 3846 3327 3893 XXXIV,
3357 3830 3432 3898 8).
3472 3827 3596 3883 ideo

2024 3932 2199 3994 Jesus,
2245 3935 2462 3999 propter
2510 3933 2905 3982 sacramentum
2950 3921 3203 3984 nominis,
3251 3935 3357 3973 non
3408 3917 3601 3989 legitur

2027 3996 2276 4093 lacrymis
2297 3996 2476 4091 populi
2515 4027 2829 4089 prosecutus
2848 4029 2972 4069 esse
3000 4031 3014 4078 ;
3042 4014 3139 4093 sed
3179 4010 3333 4081 quasi
3363 3996 3603 4064 victurus

2026 4111 2220 4164 iterum
2244 4114 2367 4176 post
2403 4114 2648 4160 mortem.
2688 4104 2746 4157 in
2771 4102 2993 4156 exordio
3039 4100 3285 4155 Judicum
3325 4099 3477 4169 juxta
3517 4097 3601 4151 hi-

2026 4197 2206 4252 storias
2234 4195 2495 4258 ordinem,
2524 4198 2935 4261 repraesentatus
2959 4190 3135 4244 luctus
3160 4180 3417 4257 sapientis
3443 4187 3603 4241 unius
3632 4242 3637 4245 ,

2026 4295 2108 4341 est
2134 4286 2279 4350 diei;
2330 4283 2476 4353 impii
2511 4291 2688 4336 autem
2730 4296 2919 4335 omnes
2961 4280 3074 4334 dies
3099 4279 3222 4332 vitae
3256 4291 3384 4333 suae.
3433 4274 3600 4344 Sepa-

2026 4377 2163 4430 ratio
2192 4375 2435 4445 quaedam
2480 4371 2858 4425 familiaritatis
2910 4370 3175 4433 humanm,
3228 4383 3332 4421 non
3379 4366 3607 4437 perditio

2026 4464 2296 4533 plangitur
2327 4464 2379 4517 in
2412 4461 2669 4531 sapiente.
2701 4458 2759 4513 in
2785 4458 2949 4527 impio
2982 4466 3179 4531 eterna
3209 4455 3438 4530 perditio
3461 4454 3605 4508 luctu

1958 4572 2009 4630 υ
2027 4552 2399 4621 prosequenda
2424 4558 2507 4603 est
2534 4555 2807 4618 perpetuo.
2840 4545 2999 4599 Venit
3043 4558 3170 4598 vero
3196 4551 3348 4612 pater
3372 4542 3427 4596 in
3475 4540 3606 4604 lilio,

2031 4641 2285 4709 magister
2324 4639 2379 4692 in
2422 4637 2704 4706 discipulo,
2734 4634 2937 4689 amicus
2982 4634 3041 4687 in‘
3064 4633 3259 4697 amico,
3305 4631 3350 4686 si
3397 4630 3611 4685 merum

2031 4729 2264 4801 dignitas
2308 4738 2364 4783 et
2410 4726 2687 4798 sapientia
2744 4724 2996 4779 nobilitas
3044 4728 3326 4793 permanet
3358 4720 3447 4775 in
3514 4734 3613 4790 po-

2032 4822 2211 4875 steris.

2101 4906 2242 4974 Quid
2288 4909 2335 4964 si
2383 4908 2438 4963 in
2493 4905 2765 4961 miseriam
2813 4904 3060 4958 humanae
3113 4898 3437 4954 conditionis
3479 4911 3615 4953 mea

2034 4998 2176 5053 illius
2205 5000 2468 5053 moriatur
2491 4993 2637 5049 ant!
2643 5001 2846 5063 patrem
2884 4992 2939 5045 in
2978 4988 3109 5044 flore
3145 4987 3443 5056 iuventutis
3461 4986 3487 5039 2
3511 4984 3615 5041 tol-

2034 5088 2162 5143 litur
2182 5086 2379 5157 justus,
2400 5082 2476 5140 ne
2502 5082 2704 5137 malitia
2742 5080 3055 5135 immutetur
3079 5094 3176 5135 eor
3209 5077 3327 5146 ejus
3350 5074 3502 5147 (Sep.
3532 5089 3608 5139 tv,

2041 5175 2145 5246 11).
2168 5169 2380 5228 Iudicia
2402 5172 2612 5226 Domini
2634 5170 2850 5238 abysstts
2872 5178 2990 5223 sunt
3007 5169 3171 5221 multa
3194 5165 3417 5235 (Psalm.
3443 5177 3609 5227 xxxv,

2036 5268 2111 5338 7).
2144 5267 2227 5323 Nil
2267 5267 2383 5322 sine
2415 5270 2579 5319 causa
2620 5262 2726 5316 erit
2772 5261 2825 5314 in
2856 5259 3071 5322 mundo,
3103 5270 3203 5311 nec
3245 5270 3385 5311 unus
3428 5268 3614 5320 passer

2037 5362 2194 5418 cadet
2220 5360 2275 5414 in
2304 5358 2549 5428 laqueum
2590 5353 2814 5424 aucupis
2850 5353 2967 5407 sine
2994 5349 3155 5404 Patre
3190 5357 3395 5413 nostro,
3423 5345 3514 5414 qui
3546 5344 3607 5399 in

2037 5451 2190 5507 caelis
2211 5455 2331 5512 est;
2360 5460 2463 5501 non
2491 5441 2711 5515 carinas
2730 5442 2794 5496 de
2817 5442 2983 5511 capite
3008 5440 3140 5510 perit
3168 5437 3381 5509 (latri.
3421 5451 3476 5499 x,
3498 5434 3610 5498 29;

2037 5544 2154 5596 Act.
2194 5552 2366 5599 xxvu,
2401 5533 2515 5604 st).
2564 5531 2681 5587 No‘u
2723 5533 2868 5587 enim
2923 5530 3079 5585 nobis
3121 5529 3323 5599 luctum
3372 5520 3614 5581 incutere

2039 5628 2216 5690 debet,
2250 5637 2372 5682 cum
2408 5619 2662 5693 quislibet
2697 5621 2892 5674 chartis
2914 5625 3096 5672 noster
3123 5632 3151 5670 a
3187 5612 3616 5688 peregrlnatlone

2038 5714 2214 5784 pergit
2259 5713 2326 5767 ad
2372 5710 2618 5780 patriam,
2669 5724 2697 5762 a
2744 5708 3094 5782 morientibus
3139 5704 3208 5759 ad
3254 5704 3515 5767 viventes,
3548 5702 3616 5756 ab
