4400 6402
846 526 950 582 323

1721 518 1780 573 Β.
1823 518 1882 572 F.
1924 516 2145 572 ALBIXI
2185 517 2312 572 SI-Il]
2356 514 2628 570 ALCL'INI
2663 513 2941 570 OPEIil'M
2981 511 3156 569 PARS
3193 510 3231 570 l.

3977 514 4077 572 εει

847 632 1034 687 exsilio
1060 629 1125 684 ad
1149 643 1392 700 regnum.
1433 599 1738 682 Consolatio
1763 636 1947 682 nostra
1988 627 2120 682 flant
2145 629 2306 682 verba
2331 643 2418 682 ve-
2446 632 2493 686 Δ
2523 624 2668 679 tione
2716 625 3035 680 sacrificium
3063 626 3234 679 laudis
3262 624 3546 680 olI'rramus
3574 668 3587 690 ,
3630 628 3678 680 in
3723 643 3828 698 quo
3857 628 4072 682 salutem

849 720 1059 776 ritatis:
1093 717 1198 784 Qui
1227 717 1388 772 credit
1412 717 1466 771 in
1494 733 1593 780 me,
1623 717 1668 770 si
1691 727 1926 770 mortuus
1949 715 2126 786 fuerit,
2165 717 2308 770 vivet.
2353 715 2417 769 Et

850 811 1037 873 omnis,
1081 809 1168 879 qui
1221 807 1337 862 vivit
1380 816 1428 860 et
1473 807 1634 860 credit
1680 807 1736 860 in
1778 823 1882 871 me,
1933 823 2035 860 non
2075 808 2324 860 morietur
2365 807 2420 860 in

849 910 1098 954 internum
1131 897 1309 970 (Joan.
1337 913 1410 958 xI,
1433 895 1521 958 25,
1551 895 1662 966 26).
1692 894 1921 951 Proinde
1950 895 2198 957 sciamus,
2229 896 2421 948 charos

850 997 1062 1044 nostros
1090 989 1144 1042 in
1169 987 1421 1058 operibus
1448 981 1728 1041 charitatis
1761 987 2050 1040 morientes
2086 985 2194 1040 Deo
2219 986 2416 1047 vivere,

848 1089 905 1132 et
927 1076 1121 1133 saeculo
1157 1077 1312 1130 mori.
1343 1075 1446 1141 Qui
1472 1075 1725 1145 operibus
1765 1074 2146 1129 misericordia
2185 1072 2419 1142 quotidie

850 1169 1066 1225 Christo
1091 1183 1211 1225 cum
1236 1167 1488 1236 Apostolo
1511 1167 1694 1222 dicunt
1730 1184 1742 1219 :
1772 1164 1934 1236 Cupio
1987 1165 2197 1220 dissolvi
2231 1175 2278 1218 et
2315 1181 2421 1218 esse

851 1244 969 1311 cum
993 1255 1198 1312 Christo
1225 1255 1387 1324 (Phil.
1421 1272 1461 1320 I,
1489 1255 1600 1324 23).
1649 1255 1878 1309 Felicius
1905 1254 2051 1308 vadit
2093 1255 2183 1324 qui
2222 1255 2422 1313 amicos

853 1347 1107 1416 relinquit
1147 1345 1459 1415 superstites
1497 1344 1618 1407 sibi,
1662 1358 1821 1412 quam
1865 1343 1958 1412 qtti
2002 1352 2273 1412 superstes
2319 1345 2421 1398 erit

853 1439 1058 1492 amicis.
1093 1437 1235 1491 Mors
1262 1436 1386 1489 boni
1414 1435 1644 1489 hominis
1668 1434 1913 1503 migratio
1936 1442 2018 1487 est
2048 1435 2115 1488 ad
2146 1433 2419 1486 meliorem

852 1527 1035 1591 vitam,
1083 1525 1351 1596 qute‘non
1385 1532 1468 1578 est
1509 1523 1822 1592 plangenda,
1869 1522 1958 1578 sed
2005 1523 2419 1593 congratulanda

852 1617 1032 1689 (Joan.
1061 1633 1112 1682 v,
1147 1615 1260 1685 Ἃ).

921 1705 1189 1759 Lzetemur
1234 1704 1287 1757 in
1334 1701 2181 1772 miserationibus,Redemptoris
2225 1704 2416 1759 nostri.

851 1752 1287 1850 Αδῖςῖιζξιὲἧζηίέ
1322 1752 2416 1863 eas;';3;I;.;.1.t;.‘;.;;.;i*assis;

849 1885 978 1939 Post
1020 1883 1221 1940 Christi
1274 1884 1579 1952 passionem
1635 1882 1772 1936 latro
1821 1882 1876 1936 in
1925 1884 2193 1952 paradiso.
2254 1883 2422 1938 Morte

2520 714 2674 768 nobis
2711 716 3088 784 sempiternam
3129 729 3226 783 per
3270 714 3592 783 Prophetam
3631 732 3786 772 suum
3814 718 4068 787 promisit,

2520 804 2703 859 dicens
2757 804 3136 872 :Sacriﬁrium
3189 805 3360 858 laudis
3407 805 3763 875 Itonori/icaeit
3801 823 3925 870 me;
3975 807 4071 858 illic

2519 896 2616 949 iter
2642 906 2736 958 est,
2787 909 2888 964 quo
2915 895 3134 948 ostendit
3161 895 3388 950 salutare
3417 897 3509 951 Dei
3538 897 3759 966 (Psalm.
3792 912 3940 959 XLIX,
3966 895 4069 964 23).

2521 987 2644 1042 Ilaec
2663 995 2739 1041 est
2766 987 3004 1055 angelica
3029 987 3350 1055 iucunditas,
3379 999 3684 1043 sanctorum
3713 989 3918 1052 laetitia,
3957 1003 4070 1042 cou-

2520 1077 2710 1132 solatio
2736 1086 2936 1130 nostra.
2969 1075 3109 1129 Nihil
3151 1078 3293 1130 enim
3325 1079 3466 1132 aliud
3490 1079 3722 1133 cmlestis
3743 1077 4034 1132 Jerusalem
4061 1117 4074 1136 ,

2520 1181 2638 1234 qua:
2664 1166 2799 1218 vivis
2832 1165 3130 1218 tedilieatur
3159 1166 3420 1234 lapidibus
3447 1207 3462 1232 ,
3509 1169 3618 1236 agit
3647 1169 3699 1221 in
3725 1169 3899 1237 patria
3947 1182 4036 1220 sua
4060 1207 4072 1225 .

2521 1257 2729 1309 dicente
2751 1264 2802 1309 ct
2833 1255 3133 1323 suspirante
3156 1271 3219 1309 ex
3250 1266 3429 1310 nostra
3470 1273 3597 1320 voce
3619 1257 4032 1327 Psalmographo
4062 1273 4073 1306 :

2525 1345 2673 1397 Beati
2711 1347 2799 1415 qui
2841 1346 3077 1398 habitant
3107 1347 3160 1398 in
3198 1347 3349 1400 domo
3383 1358 3471 1400 tua
3498 1346 3719 1418 (Psalm.
3749 1363 3978 1410 LXXXIII,
4003 1346 4075 1413 5).

2525 1436 2591 1488 Et
2619 1436 2770 1502 quasi
2795 1437 2913 1502 quis
2945 1436 3242 1503 quaesisset,
3290 1451 3408 1504 qua:
3447 1447 3586 1490 esset
3633 1437 3718 1490 illa
3769 1430 4039 1490 beatitudo
4063 1473 4078 1496 ,

2522 1526 2766 1578 habitare
2785 1527 2834 1578 in
2857 1526 3014 1579 domo
3029 1525 3270 1578 Domini?
3294 1527 3565 1596 respondit
3588 1542 3601 1579 :
3631 1527 3694 1578 In
3722 1525 3968 1580 sa’culum
3989 1540 4080 1577 str-

2525 1615 2628 1668 culi
2653 1615 2936 1669 laudabunt
2972 1626 3038 1669 te.
3081 1616 3202 1670 Ilmc
3239 1617 3356 1671 laus
3395 1619 3515 1672 sine
3561 1616 3797 1683 fastidio,
3844 1617 3960 1670 sine
3995 1616 4081 1670 dc-

2523 1705 2664 1760 fectu
2693 1707 2834 1771 erit;
2864 1706 2978 1760 sine
2997 1707 3108 1769 line
3145 1707 3313 1761 dulcis
3349 1707 3406 1761 lit
3440 1708 3490 1762 in
3521 1707 3679 1763 corde
3702 1715 3755 1760 et
3779 1722 3873 1760 ore
3893 1720 4085 1764 cauea.

2525 1800 2676 1851 tium.
2709 1799 2832 1853 ":DC
2873 1800 3085 1868 quoties
3125 1801 3331 1869 agimus
3366 1800 3420 1853 in
3449 1801 3630 1876 terris,
3658 1798 3950 1868 angelicam
3971 1797 4086 1850 inti-

2524 1894 2702 1940 tamur
2730 1887 3070 1942 vitam.’IIuee
3107 1889 3343 1943 suavitas
3386 1905 3572 1943 omnes
3621 1889 3798 1944 saeculi
3842 1887 4084 1941 tristiti.:s

850 1969 1048 2024 Christi
1092 1983 1238 2022 mors
1276 1977 1485 2020 mortua
1520 1976 1617 2028 est.
1667 1965 1909 2020 ﬂammea
1951 1968 2202 2036 romphca
2241 1976 2421 2022 custos
2453 1962 2497 2021 Β
2523 1978 2738 2045 expellit
2800 1980 2867 2034 ab
2918 1979 3092 2033 anima
3125 2020 3140 2045 ,
3193 1995 3379 2035 omnes
3425 1996 3679 2034 maerores
3744 1981 3971 2048 mitigat.
4023 1979 4084 2030 Et

849 2057 1081 2126 paradisi
1109 2052 1364 2126 sanguine
1392 2055 1590 2110 Christi
1618 2055 1899 2110 exstincta.
1925 2053 1992 2108 Et
2019 2057 2206 2110 beatus
2233 2057 2422 2111 Petrus

851 2145 1011 2202 homo
1035 2157 1278 2200 terrenus
1319 2155 1503 2214 portas
1532 2147 1723 2214 aperit,
1767 2161 1902 2214 quas
1928 2147 2192 2199 aethereus
2218 2145 2423 2200 Cheru-

850 2237 959 2291 bim
984 2237 1211 2289 clausit:
1246 2235 1312 2288 Et
1338 2235 1404 2288 de
1444 2242 1555 2288 rete
1605 2233 1932 2303 piscatorum
1979 2248 2169 2287 manus
2198 2241 2420 2302 repente

849 2326 917 2379 ad
947 2311 1123 2379 claves
1165 2323 1434 2378 transtulit
1486 2323 1638 2393 133
1685 2323 1834 2391 regni
1868 2322 2144 2377 malorum.
2194 2320 2251 2376 In
2287 2321 2421 2376 Che-

854 2415 1009 2469 rubin
1042 2411 1322 2467 multitudo
1350 2413 1628 2477 scientiae;
1674 2416 1765 2466 sed
1793 2412 1846 2464 in
1888 2411 2104 2466 Christo
2138 2410 2421 2464 multitudo

851 2502 1230 2556 miserationis.
1259 2501 1396 2556 Olim
1415 2501 1470 2554 in
1491 2499 1669 2554 Iudaea
1691 2509 1849 2554 notus
1871 2499 2236 2553 tantummodo
2258 2499 2419 2561 Deus,

852 2592 946 2645 sed
972 2605 1112 2644 nunc
1133 2591 1381 2644 omnibus
1403 2590 1648 2658 gentibus
1673 2603 1775 2642 vox
1806 2604 1910 2641 una
1937 2596 2019 2641 est
2043 2586 2306 2650 Christus,
2331 2587 2421 2656 qui

851 2696 950 2735 nos
988 2681 1054 2734 de
1083 2680 1251 2734 servis
1291 2677 1416 2733 fecit
1455 2679 1676 2741 amicos,
1705 2687 1759 2731 et
1794 2679 1860 2731 de
1897 2677 2134 2746 profugis
2160 2676 2424 2731 convertit

851 2770 905 2824 in
950 2769 1104 2822 filios.
1145 2768 1399 2821 Naturam
1432 2767 1774 2820 mortalitatis
1820 2773 2016 2820 nostrae
2046 2767 2336 2833 assumpsit
2366 2766 2419 2818 in

851 2859 1074 2927 gloriam
1125 2857 1420 2912 divinitatis
1463 2871 1590 2911 suae.
1641 2857 1698 2910 In
1737 2857 1837 2911 hoc
1870 2857 2076 2910 laetetur
2113 2871 2279 2926 genus
2325 2856 2425 2910 hu-

853 2964 1090 3012 manum,
1126 2948 1300 3001 sciens
1323 2945 1628 3016 fragilitatis
1660 2955 1854 3000 nostum
1878 2955 2126 3000 naturam
2151 2961 2310 3013 super
2337 2961 2430 2998 an.

852 3039 1048 3110 gelicos
1071 3037 1355 3091 exaltatam
1381 3038 1594 3100 choros,
1626 3034 1886 3103 majestati
1909 3044 2142 3104 paterna:
2166 3036 2346 3105 gloriae
2369 3036 2422 3089 in

851 3130 1158 3184 emlestibus
1196 3127 1490 3182 considere.
1541 3126 1668 3192 Qum
1714 3126 1945 3180 conditio
1989 3124 2326 3178 mortalitatis
2356 3124 2423 3177 ti-

855 3230 1004 3275 mens
1046 3219 1291 3290 humanae
1339 3214 1526 3286 [Locus
1569 3215 1863 3285 corruptus]
1908 3217 2231 3268 conturbare
2260 3215 2421 3269 debes

854 3316 974 3376 post
1021 3314 1222 3359 tantam
1273 3315 1477 3359 natura
1528 3312 1632 3358 tum
1679 3305 1937 3373 gloriam?
1987 3304 2288 3375 Equalitas
2324 3306 2417 3359 tibi

855 3395 1155 3450 certissima
1206 3402 1328 3458 est;
1383 3403 1589 3448 tantum
1645 3394 1876 3462 tegmine
1929 3395 2206 3454 charitatis
2263 3395 2422 3448 indue

854 3487 1066 3556 pennis,
1094 3494 1152 3539 ut
1175 3486 1353 3540 volare
1381 3485 1565 3548 facias,
1593 3501 1697 3554 quo
1731 3486 1976 3541 Christus
2002 3489 2260 3542 ascendit.
2303 3486 2434 3542 Noli.

856 3576 1152 3647 angustiari
1177 3577 1242 3630 de
1268 3585 1438 3631 morte
1480 3577 1782 3632 charorum.
1816 3577 1908 3630 sed
1933 3576 2204 3644 congaude
2227 3576 2422 3630 lzetitiac

858 3668 1090 3721 illorum.
2100 3711 2106 3716 .

923 3753 1171 3809 Christus
1204 3767 1262 3808 se
1300 3752 1470 3822 ipsum
1496 3767 1592 3822 pro
1615 3762 1666 3806 te
1697 3752 1912 3808 tradidit
1945 3753 1996 3807 in
2032 3761 2279 3808 mortem.
2311 3752 2418 3807 Cur

857 3846 1108 3917 lacrymis
1135 3845 1244 3900 tuis
1270 3845 1594 3900 contradicis
1621 3845 2066 3916 Christo,rapcre
2086 3847 2278 3902 charos
2301 3855 2420 3901 tuos

859 3935 924 3989 de
951 3941 1122 3988 morte
1145 3932 1211 3987 ad
1240 3934 1405 3987 vitam
1433 3973 1448 3996 ,
1493 3934 1559 3987 de
1587 3933 1769 3988 labore
1795 3935 1862 3989 ad
1892 3936 2164 4002 requiem?
2193 3934 2422 3991 Felicior

858 4029 942 4076 est
969 4021 1022 4074 in
1051 4022 1191 4074 bono
1220 4021 1333 4075 dies
1359 4021 1538 4074 exitus
1568 4035 1728 4088 quam
1771 4020 2084 4075 nativitatis.
2111 4021 2204 4076 Ille
2233 4032 2313 4077 est
2337 4039 2420 4077 re-

858 4110 1003 4179 quiei
1036 4109 1263 4173 initium,
1293 4110 1391 4164 iste
1422 4109 1638 4164 laboris.
1669 4110 1761 4164 Ille
1795 4110 1992 4165 laetitia:
2022 4111 2292 4178 introitus,
2323 4113 2418 4167 iste

863 4200 1085 4254 doloris.
1113 4199 1393 4254 Nascimur
1421 4208 1478 4253 ut
1505 4200 1794 4253 moriamur
1817 4242 1832 4265 ,
1862 4201 2120 4256 morimur
2147 4211 2205 4256 ut
2231 4203 2418 4260 melius

859 4290 1120 4343 vivamus.
1162 4290 1258 4343 Via
1295 4299 1377 4344 est
1412 4290 1526 4345 hate
1552 4292 1659 4344 vita
1699 4293 2041 4362 pergentibus
2069 4295 2134 4348 ad
2172 4298 2414 4364 patriam.

864 4376 922 4432 Si
946 4393 1130 4446 aspera
1155 4387 1256 4440 est,
1284 4378 1328 4430 si
1354 4387 1500 4431 arcta
1529 4388 1630 4441 est,
1663 4379 2196 4449 virilitengradienda
2233 4395 2333 4438 est.
2361 4384 2417 4438 Si

861 4464 1037 4533 plana,
1067 4464 1112 4518 si
1141 4479 1420 4533 prospera,
1451 4473 1605 4519 caute
1631 4468 1894 4521 currenda
1933 4478 2034 4534 est,
2074 4470 2197 4539 quia
2225 4473 2420 4526 multos

862 4555 1024 4608 habet
1048 4554 1404 4608 insidiatores.
1433 4553 1589 4609 Novit
1619 4556 1794 4625 itaque
1821 4558 2149 4628 providentia
2178 4562 2302 4627 Dei,
2329 4565 2414 4618 cui

861 4644 1077 4712 prodest
1117 4645 1269 4715 longa
1297 4646 1656 4716 peregrinatio
1681 4646 1836 4715 hujus
1868 4649 1965 4706 \‘iiB
1987 4691 2001 4714 ,
2031 4651 2114 4706 cui
2160 4655 2417 4721 optimum

861 4747 944 4790 est
966 4738 1073 4791 cito
1097 4736 1253 4806 hujus
1278 4739 1715 4806 peregrinationis
1743 4741 1952 4796 labores
1971 4741 2141 4797 linire.
2171 4744 2421 4800 Placeant

864 4826 1018 4880 nobis
1039 4826 1236 4892 judicia
1260 4827 1375 4880 Dei.
1401 4827 1584 4880 Iustus
1603 4839 1675 4881 est
1701 4829 1951 4885 Dominus
1981 4843 2028 4885 et
2057 4845 2193 4886 recta
2214 4835 2421 4902 judicia

862 4917 976 4985 ejus
1031 4914 1254 4987 (Psalm.
1307 4932 1493 4981 cvaII,
1545 4917 1686 4986 157).
1726 4918 1816 4972 Illa
1847 4935 1995 4973 mens
2033 4922 2262 4976 maxime
2314 4923 2422 4988 Deo

861 5005 1056 5074 placet,
1084 5005 1170 5059 cui
1197 5006 1376 5059 omnia
1402 5006 1496 5060 Dei
1531 5007 1809 5075 placabilia
1840 5009 2069 5078 placent.
2097 5010 2416 5078 Laudemus,

863 5111 1104 5150 amemus
1135 5102 1189 5148 et
1234 5110 1469 5159 oremus,
1497 5104 1556 5150 ut
1584 5113 1792 5167 semper
1818 5101 1910 5153 fiat
1938 5101 2182 5156 voluntas
2216 5101 2331 5168 eius
2367 5103 2420 5155 in

864 5183 1036 5245 nobis,
1067 5183 1150 5236 cui
1188 5196 1401 5251 semper
1441 5183 1579 5236 bona
1617 5186 1861 5253 placent;
1907 5195 1961 5241 et
2007 5189 2138 5242 nihil
2190 5191 2289 5244 nisi
2328 5206 2422 5260 per

860 5283 981 5322 eum
1005 5271 1126 5323 boni
1152 5287 1435 5340 possumus
1456 5272 1674 5337 habere,
1704 5277 1977 5344 perlicere.
2003 5277 2058 5330 Si
2096 5279 2291 5332 bonum
2317 5289 2420 5346 est,

862 5360 904 5411 si
936 5360 1161 5414 amabile
1185 5371 1264 5414 est
1291 5363 1433 5430 quod
1457 5362 1742 5429 habemus,
1769 5367 1858 5420 ille
1895 5367 2167 5436 prmstavit
2194 5367 2422 5439 [prtesti-

864 5443 949 5516 tit]
979 5447 1152 5499 nobis.
1181 5447 1258 5500 Illi
1283 5449 1480 5516 gratias
1507 5464 1747 5518 agamus,
1779 5452 1852 5506 illi
1884 5463 1992 5507 tota
2029 5455 2224 5508 mentis
2250 5457 2420 5510 inten-

865 5631 877 5642 .
935 5575 961 5602 ι
987 5562 1128 5642 Edit.
1147 5564 1536 5642 Mabill._l_9,ubi
1563 5570 1683 5642 plus
1697 5571 1914 5642 dimidio
1926 5577 2169 5630 mutilata
2191 5587 2246 5632 et
2285 5581 2420 5637 alias

865 5631 1172 5714 impetzfecta
1195 5644 1296 5689 est.
1331 5631 1579 5714 (Froben:
1607 5638 1721 5714 92.)
1748 5639 2010 5712 Integram
2034 5646 2118 5700 hic
2135 5631 2417 5704 damus};

863 5701 985 5780 cod.
1013 5701 1202 5780 Salisb.
1229 5719 1292 5758 ex
1321 5701 1426 5780 quo
1449 5701 1713 5778 descripta
1740 5701 2005 5780 suntvquze
2023 5701 2415 5773 ansulisicoiiti:

867 5777 1074 5850 nentur:
1105 5771 1227 5850 Inde
1247 5771 1369 5826 vero
1390 5776 1501 5850 jam
1524 5771 1731 5832 constat
1755 5793 1871 5832 eam
1898 5771 2001 5835 non
2025 5784 2089 5836 ad
2119 5771 2419 5844 Risit—bodi)-

868 5851 986 5891 nem
1030 5837 1401 5895 Trevirensetn
1423 5847 1759 5917 episcopum,
1807 5857 1866 5902 ut
1902 5861 2021 5919 post
2057 5837 2414 5911 blaliilloiiiutit

2523 2075 2722 2136 quanto
2748 2069 2870 2135 quis
2893 2069 3150 2123 donorum
3173 2068 3264 2124 Dei
3292 2069 3478 2136 majori
3516 2071 3682 2123 utitur
3713 2069 4037 2122 abundantia
4068 2107 4083 2129 ,

2525 2165 2671 2210 tanto
2694 2157 2862 2224 magis
2882 2173 2940 2210 se
2958 2157 3256 2212 debitorem
3275 2160 3550 2214 mediatori
3570 2161 3805 2214 omnium
3825 2160 4082 2212 bonorum

2522 2261 2640 2314 quae
2668 2246 2921 2314 possidet,
2946 2255 3222 2314 agnoscat.

2593 2357 2650 2409 Si
2677 2357 2836 2424 igitur
2857 2355 3060 2423 justum
3103 2358 3314 2411 videtur
3348 2355 3546 2413 homini
3576 2357 3858 2426 cujuslibet
3883 2356 4082 2410 bcneli—

2523 2448 2590 2502 cii
2625 2447 2704 2500 vel
2727 2446 2884 2499 ollicii
2917 2447 3137 2500 reddere
3178 2455 3377 2517 grates,
3409 2457 3608 2517 quanto
3637 2448 3804 2516 magis
3833 2447 3942 2500 Deo
3966 2463 4083 2516 gra-

2523 2536 2980 2589 tiarum’actiones
3014 2537 3231 2606 agenda:
3255 2539 3423 2591 sunt?
3457 2538 3553 2603 Qui
3577 2538 3752 2591 omnia
3778 2537 3940 2596 dedit,
3967 2552 4084 2604 qua:

2523 2626 2575 2678 in
2604 2626 2705 2679 hoc
2732 2624 2928 2679 sacculo
2955 2625 3091 2679 bona
3124 2627 3388 2692 videntur,
3419 2628 3509 2696 qui
3535 2627 3713 2682 omnia
3741 2627 3964 2681 daturus
4006 2637 4084 2678 est

2521 2719 2678 2779 bona,
2720 2733 2839 2786 qua:
2884 2718 3178 2773 desiderari
3229 2721 3319 2776 vcl'
3342 2723 3525 2776 haberi
3559 2720 3628 2775 'in
3668 2721 3846 2776 futuro
3885 2723 4081 2777 smculo

2521 2822 2743 2879 possunt
2782 2828 2796 2866 :
2828 2814 2914 2867 ubi
2953 2813 3064 2882 ipse
3103 2815 3242 2868 Deus
3277 2814 3378 2866 erit
3403 2815 3579 2867 omnia
3609 2814 3661 2867 in
3696 2815 3965 2875 omnibus,
3995 2815 4079 2882 qui

2523 2904 2932 2975 nunc‘singulis
2980 2906 3271 2960 secundum
3313 2921 3615 2959 mensuram
3671 2921 3781 2959 sua:
3829 2907 4081 2959 bonitatis

2523 2994 3037 3064 dist‘ribnit(EpItes.
3067 3009 3140 3056 Iv,
3165 2994 3240 3062 7).
3288 2993 3436 3047 Tunc
3464 2995 3567 3048 erit
3612 2994 3786 3048 omnis
3823 2995 4032 3048 bonitas
4064 3033 4079 3057 ,

2520 3086 2696 3139 omnis
2731 3085 3030 3150 beatitudo,
3059 3084 3234 3138 omnis
3258 3082 3569 3138 sufﬁcientia
3604 3085 3654 3138 in
3692 3085 3960 3138 omnibus.
4005 3084 4079 3136 Ad

2522 3174 2678 3243 hujus
2705 3189 2830 3229 vero
2857 3191 3078 3229 summa:
3124 3175 3469 3229 beatitudinis
3497 3183 3550 3226 et
3584 3174 3939 3228 indelicientis
3974 3175 4081 3243 glo-

2447 3277 2493 3339 ο
2525 3265 2615 3318 rite
2644 3274 2763 3332 post
2791 3265 2999 3320 labores
3039 3265 3197 3334 hujus
3239 3266 3360 3318 vita:
3405 3263 3712 3318 felicitatem
3755 3264 3896 3318 Deus
3930 3263 4082 3318 Jesus

2522 3360 2574 3404 te
2603 3354 2880 3419 pervenire
2899 3351 3081 3415 faciat,
3108 3353 3320 3406 domine
3344 3352 3828 3408 desiderantissime
3857 3363 3912 3408 et
3938 3355 4080 3408 omni

2522 3446 2722 3500 honore
2743 3446 3075 3518 dignissime.

2625 3559 2849 3614 Tribuat
2877 3560 3089 3614 divitias
3116 3575 3270 3614 veras
3290 3560 3404 3622 tibi,
3433 3545 3597 3614 David
3626 3571 3834 3622 amate,

2692 3647 2826 3702 Cum
2856 3649 3056 3704 sanctis
3081 3649 3282 3717 pariter
3304 3648 3551 3704 Christus
3579 3651 3630 3704 in
3663 3666 3785 3706 arce
3812 3651 3940 3720 poli.

2862 3851 2864 3854 ν
2915 3780 3123 3852 134⁸
3161 3780 3492 3838 EPISTOLA
3526 3783 3699 3838 CVIII.

3110 3893 3187 3945 An
3227 3908 3488 3947 Aaxoxnn.
3553 3907 3555 3910 ‘

3131 4008 3305 4076 (Anno
3328 4009 3475 4082 800.)

2490 4171 2498 4180 ,
2525 4112 2779 4191 Hortatur
2806 4117 2952 4191 illum
2990 4119 3044 4170 ut
3091 4119 3308 4174 Leonem
3334 4139 3518 4191 papam
3546 4133 3723 4178 contra
3753 4127 4080 4181 adversarios

2587 4187 2851 4267 defendat.
2897 4185 3115 4267 [latinos
3165 4191 3237 4267 ab‘
3273 4185 3880 4267 sitirjectiOite_defecisse,
3912 4205 3962 4250 et
3993 4215 4082 4267 prt—

2588 4271 2748 4344 g‘t’mas
2799 4263 2950 4308 n’aves
2985 4257 3494 4338 littortt_Aquito1Iite
3533 4257 3778 4344 infestare
3825 4257 4077 4344 queritur.

2594 4323 2876 4398 Novantur:
2897 4323 3727 4398 congregationemimonacl.orum
3752 4323 3938 4398 fecisse
3961 4345 4081 4386 tiar-

2589 4401 2694 4468 rtit.
2727 4392 3194 4468 Aliquullemedio
3233 4405 3280 4468 et
3314 4392 3832 4468 Paulino‘episco'pis
3860 4401 4078 4455 salutem

2589 4460 2735 4512 dicit.
2764 4459 2841 4513 De
2871 4460 3116 4530 Elipanto
3152 4473 3198 4514 et
3226 4461 3400 4518 Felice
3426 4459 3662 4533 quedam
3687 4459 3913 4522 nuntiat.

2590 4568 2815 4623 Domino
2859 4569 3168 4624 beatissimo
3207 4581 3262 4626 et
3291 4574 3480 4628 merito
3505 4587 3773 4647 perpetute
3802 4581 4082 4634 charitatis

2522 4658 2619 4713 alis
2649 4659 3016 4728 amplectenda
3033 4649 3314 4735 '[Aquilae]
3361 4667 3610 4737 episcopo
3663 4669 3879 4724 humilis
3921 4671 4079 4724 levita

2509 4746 2824 4819 {Aleuinus}
2855 4750 3102 4804 salutem.

2589 4837 2903 4891 Dulcissima
2939 4839 3236 4894 litterarum
3263 4853 3556 4898 vestrarum
3607 4847 3832 4903 lectione
3872 4860 3929 4904 et
3957 4867 4081 4908 sua—

2521 4923 2737 5004 vissima
2773 4927 3149 4994 prosperitatis
3193 4939 3384 4987 vestrae
3429 4935 3693 5002 legatione
3741 4938 4075 5002 Itetilicatus,

2520 5012 2672 5079 quasi
2710 5014 2849 5067 inter
2896 5014 3123 5071 febrium
3173 5021 3391 5077 ardores
3431 5023 3763 5095 refrigerium
3811 5030 4076 5097 quoddam

2521 5099 2649 5154 mihi
2676 5101 2999 5169 advenisset,
3030 5116 3086 5160 et
3133 5109 3525 5166 canicularihus
3569 5115 3816 5169 decoctus
3846 5114 4076 5170 flammis

2519 5204 2640 5242 rore
2668 5191 3003 5246 salutationis
3029 5203 3222 5272 vestra:
3243 5196 3586 5264 refocillatus,
3615 5209 3757 5255 totus
3785 5187 3838 5255 in
3865 5217 3959 5270 spe
3986 5219 4071 5257 ro.

2519 5278 2738 5333 boratus
2786 5284 3129 5352 assurgebam
3161 5289 3380 5344 audiens
3417 5290 3556 5357 quod
3603 5307 3812 5362 semper
3857 5298 4069 5363 optavi,

2520 5367 2698 5436 legens
2722 5370 2772 5423 in
2805 5370 2999 5428 litteris
3027 5377 3168 5443 quod
3195 5393 3406 5449 semper
3432 5381 3747 5449 desideravi,
3770 5386 4072 5455 apostolicae

2518 5458 2853 5515 auctoritatis
2879 5463 3103 5519 salutem
3131 5476 3186 5522 et
3209 5473 3560 5530 constantiam
3585 5475 3852 5544 religionis
3872 5485 4069 5531 sancte

2516 5597 2698 5684 Callia:
2715 5601 3014 5684 Litterarize
3033 5608 3263 5684 scriptor
3281 5615 3408 5684 tom.
3434 5611 3520 5675 IV,
3542 5628 3661 5684 pag.
3686 5589 4066 5678 329,Iau'tuma‘

2516 5673 2620 5732 vit;
2653 5685 2766 5746 nec
2780 5673 2846 5727 ad
2870 5673 3153 5746 Paulinum
3171 5673 3582 5746 Aquileienseni,
3610 5673 3670 5737 iit
3693 5684 3759 5739 cl.
3788 5673 4066 5740 Iladrisius

2516 5752 2634 5818 pag.
2664 5739 2771 5821 251
2807 5744 3069 5821 “Optabat;
3127 5739 3326 5802 sed'ad
3377 5739 3618 5820 Aquilam
3661 5766 3756 5809 seu
3797 5755 4064 5811 Amonem

2516 5809 2767 5876 scriptam
2803 5809 2985 5865 fuisse.
