4400 6416
421 510 526 566 3ι15

1853 499 1956 552 111³1
1967 497 2223 551 ζΤΟΙΑΈ.

3559 495 3658 548 526

375 683 378 686 ,
422 631 473 683 in
503 643 586 688 cu,
611 637 768 692 quem
791 634 812 661 ³
847 619 1207 674 confessorem
1255 618 1456 673 Christi
1487 616 1762 670 nominare
1803 596 1865 666 et
1907 628 1995 663 ve-
2025 614 2071 668 Α
2101 619 2154 661 et
2184 619 2240 660 ut
2268 608 2476 661 illorum
2525 608 2644 660 talis
2673 610 2776 659 vita
2830 616 2989 662 l‘sst‘l.
3047 617 3101 659 ut
3148 609 3439 675 llttllllsst‘lll
3476 621 3660 661 contra

420 715 598 770 nerari
632 712 880 766 onmilms
929 710 1130 765 Christi
1175 709 1430 763 Eeclesiis
1459 721 1668 775 (equum
1715 704 1990 762 arbitror;

420 819 576 872 cujus
604 800 944 871 przescntiam
974 815 1135 867 super
1156 812 1346 854 omnes
1369 798 1502 850 alios
1528 795 1685 863 hujus
1706 793 1826 848 vita!
1851 794 1996 845 viros

418 890 816 948 desiderarem,
852 889 894 940 si
933 887 1035 939 mei
1064 885 1362 953 corpusculi
1407 884 1653 936 valetudo
1680 898 1763 934 me
1795 882 1995 932 sineret

417 980 696 1047 perﬁcere.
749 976 925 1046 [Quod
953 975 1186 1028 maxima
1219 974 1381 1027 animi
1411 973 1705 1039 cupiditate
1733 969 1819 1020 diu
1857 967 1993 1019 desi-

415 1069 690 1125 derabam,
728 1067 779 1118 in
811 1072 1018 1118 tantum
1049 1073 1106 1116 ut
1135 1074 1237 1116 tuze
1262 1079 1386 1116 vere
1419 1062 1592 1116 fateor
1621 1062 1772 1123 ﬁdei;
1807 1062 1849 1113 si
1875 1059 1994 1110 talis

417 1171 572 1209 meus
611 1154 873 1222 potuisset
911 1154 1051 1221 apud
1103 1153 1262 1220 hujus
1305 1153 1680 1206 auctoritatem
1723 1148 1995 1218 profectus

415 1245 535 1297 ﬁeri
569 1243 825 1296 Ecclesi'cs
853 1241 1050 1295 Christi
1093 1241 1267 1310 qualis
1309 1257 1424 1293 mea
1476 1240 1693 1307 optabat
1740 1239 1950 1291 devotio
1979 1278 1992 1300 ,

417 1351 528 1403 pra:
541 1335 792 1388 omnibus
812 1332 992 1385 sa‘culi
1011 1331 1217 1384 deliciis
1239 1339 1292 1398 et
1309 1330 1603 1392 honoribus
1619 1328 1734 1394 ejus
1756 1343 1994 1397 pncsen-

417 1424 508 1476 tite
534 1431 714 1475 astare
737 1403 1125 1489 preponcr‘cm;
1150 1420 1193 1471 si
1221 1417 1463 1470 llanunas
1485 1419 1649 1471 animi
1677 1417 1757 1469 sui
1787 1418 1996 1484 mitiga-

414 1529 477 1568 re
513 1513 645 1566 mihi
685 1511 950 1564 indultum
995 1521 1165 1572 esset,
1204 1518 1255 1562 et
1289 1509 1482 1563 litteris
1518 1509 1617 1562 sub
1661 1508 1776 1575 ejus
1825 1509 1993 1560 sancti

409 1602 653 1657 nominis
681 1601 998 1655 auctoritate
1024 1615 1121 1668 per
1141 1601 1378 1653 diversas
1403 1600 1581 1652 nnmdi
1614 1600 1877 1666 regiones,
1905 1614 1994 1668 po-

412 1694 591 1762 pulos,
627 1691 933 1761 parochias,
962 1689 1206 1743 civitates
1243 1699 1298 1742 et
1325 1689 1630 1756 provincias
1657 1689 1858 1740 hortari
1886 1704 1898 1749 ;
1943 1696 1996 1740 et

417 1780 703 1854 catholica:
732 1779 853 1833 ﬁdei
883 1778 1121 1832 ratioaes
1145 1779 1388 1846 pluribus
1408 1793 1674 1846 exponere
1701 1778 1944 1844 personis
1978 1793 1990 1838 ;

414 1880 472 1925 et
502 1871 810 1940 religiosam
859 1869 1277 1922 admonitionem
1309 1909 1323 1930 ,
1369 1869 1520 1937 juxta
1556 1867 1994 1922 consuetudinem

2099 699 2257 752 talem
2285 705 2654 752 auctoritatem
2691 707 2850 750 stare.
2889 697 3107 764 Insuper
3132 707 3183 748 et
3211 698 3261 749 in
3289 695 3405 752 aliis
3427 697 3663 764 legebam

2099 789 2434 850 canonibus,
2473 800 2504 831 ο.
2530 787 2877 856 apostolicam
2929 787 3108 838 sedem
3155 785 3487 852 judiciuriatn
3524 801 3664 844 esse.

2100 893 2202 930 non
2225 877 2588 946 jutlicaltdam.
2619 877 2738 928 lla-c
2765 875 2940 927 oiunia
2977 885 3027 926 et
3061 877 3228 928 multo
3256 875 3404 941 plura
3450 877 3532 928 his
3573 893 3637 928 co

2099 970 2261 1035 gitavi
2289 983 2385 1037 per
2409 968 2663 1036 epistolas
2687 984 2834 1018 meas
2855 968 3180 1017 ili-mandare
3207 967 3278 1018 illi
3311 975 3530 1034 propter
3553 965 3669 1031 ejus

2098 1057 2410 1111 catholicam
2434 1057 2776 1110 charitatem.
2805 1057 2935 1120 Quis
2979 1065 3150 1123 potest
3184 1056 3434 1108 immunis
3459 1071 3576 1108 esse
3614 1057 3666 1108 in

2099 1147 2335 1200 Ecclesia
2365 1147 2562 1201 Christi
2595 1159 2800 1215 pastor,
2831 1148 2874 1199 si
2908 1148 2992 1198 ille
3015 1165 3041 1198 a
3075 1147 3506 1199 malefactorilms
3537 1147 3668 1213 deji-

2097 1235 2253 1294 citur,
2283 1237 2373 1304 qui
2405 1245 2565 1304 caput
2607 1244 2689 1287 est
2729 1235 3090 1287 licelesiarum
3143 1236 3338 1288 tibristi
3362 1236 3384 1284 ’ἶ
3415 1234 3523 1285 Suo
3572 1233 3670 1284 lto—

2099 1328 2245 1379 mino
2267 1327 2452 1387 stabit,
2501 1333 2590 1377 aut
2625 1326 2795 1377 cadet.
2830 1325 3000 1376 Stabit
3040 1341 3172 1382 rem,
3204 1333 3385 1392 potens
3415 1335 3487 1374 est
3534 1326 3669 1374 enim

2100 1418 2352 1471 Dominus
2376 1428 2600 1469 statuere
2631 1416 2774 1468 illuni
2803 1415 2978 1481 (Rom.
3008 1415 3219 1492 XI\',_-i).

2170 1509 2249 1562 Tu
2282 1523 2436 1567 vero,
2484 1508 2556 1561 ﬁli
2606 1509 2944 1569 charissime,
2980 1508 3050 1559 lili
3094 1517 3336 1558 votorum
3387 1521 3670 1565 meorum,

2102 1598 2198 1668 [liii
2231 1597 2484 1650 Ecclesiw
2507 1596 2706 1650 Christi
2739 1596 2790 1648 in
2820 1597 2944 1648 ovili
2977 1597 3115 1647 inter
3140 1611 3267 1646 oves
3290 1605 3502 1647 sanctas
3534 1596 3675 1647 illius

2101 1688 2388 1747 enutritus,
2415 1686 2481 1738 ad
2512 1700 2672 1753 quem
2703 1685 2939 1738 omniqu
2986 1694 3260 1752 pastorum
3304 1694 3486 1751 pastor
3518 1687 3674 1735 tertio

2097 1774 2232 1828 dixit
2262 1776 2440 1844 (Joau.
2470 1791 2580 1836 xxI,
2615 1773 2696 1836 l3,
2725 1774 2807 1837 l6,
2847 1774 2928 1838 l7)
2965 1788 2976 1824 :
3023 1773 3184 1825 Pasce
3225 1791 3338 1825 ores
3388 1774 3572 1840 meus].
3600 1775 3675 1824 la-

2100 1868 2226 1920 bora
2254 1882 2350 1934 pro
2377 1867 2568 1935 capitis
2600 1866 2673 1918 tui
2706 1865 2894 1926 salute,
2928 1881 3024 1932 pro
3047 1866 3238 1920 summi
3272 1865 3504 1932 pastoris
3532 1868 3676 1916 ineo-

412 1973 729 2020 sanctorum
779 1961 1022 2022 Patrum,
1057 1961 1317 2013 chartulis
1364 1961 1598 2013 indicere
1633 1959 1992 2014 currentibus.
2031 1965 2072 2021 Β
2102 1957 2362 2018 lmnitate,
2391 1972 2488 2025 pro
2514 1967 2712 2009 sancta:
2739 1957 2880 2009 sedis
2906 1973 2989 2006 aut
3011 1957 3245 2015 toritate,
3275 1973 3373 2023 pro
3403 1958 3677 2009 catholica-

417 2047 548 2116 Sed,
570 2061 629 2106 ut
669 2050 847 2114 video,
881 2051 1013 2103 meis
1050 2050 1150 2104 hoc
1177 2049 1590 2118 impedientibus
1619 2049 1850 2117 peccatis
1878 2048 1994 2100 ﬁeri

410 2144 646 2198 necdqu
703 2141 900 2210 poterit
957 2149 1177 2210 propter
1232 2141 1575 2210 fragilitatem
1647 2139 1996 2208 corpusculi,

412 2233 604 2288 multis
657 2231 1024 2286 molestiarqu
1080 2231 1366 2284 sarcinulis
1401 2229 1728 2297 subgravati.
1777 2215 1999 2297 Insuper

411 2325 518 2381 nec
545 2324 635 2378 ille
667 2323 866 2390 aliquid
909 2322 1041 2375 mihi
1071 2319 1263 2374 eximie
1291 2321 1583 2384 mandavit,
1633 2321 1685 2373 in
1729 2319 1879 2387 cujus
1904 2333 1998 2388 po-

411 2421 613 2468 testate
633 2412 788 2480 juxta
813 2412 992 2466 stet-uti
1022 2412 1334 2481 dignitatem
1366 2413 1468 2464 hoc
1497 2411 1728 2463 maxime
1759 2410 1875 2462 ﬁeri
1908 2411 1998 2462 de-

411 2503 533 2557 buit
556 2506 579 2555 :'
596 2517 696 2571 per
735 2501 871 2554 alios
897 2516 1025 2554 vero
1055 2501 1184 2554 mihi
1225 2500 1452 2552 ﬁrmiter
1478 2499 1577 2552 hoc
1612 2499 1904 2560 mandavit,
1938 2504 1997 2550 ut

413 2591 532 2644 ﬁeri
561 2590 852 2652 voluisset;
874 2589 915 2630 ηδ
937 2603 1034 2656 per
1053 2605 1111 2642 se
1131 2597 1309 2641 autem
1339 2588 1470 2641 nihil
1495 2588 1616 2640 inde
1645 2585 1779 2640 dixit

485 2679 730 2756 Intelligo
765 2692 978 2746 quoque
1001 2679 1200 2732 multos
1227 2693 1348 2733 esse
1379 2680 1720 2733 mmulatorcs
1756 2679 1993 2748 ejusdem

411 2771 661 2841 praedicti
693 2769 888 2823 domui
911 2769 1214 2838 apostolici,
1237 2771 1503 2838 deponere
1540 2787 1662 2824 eum
1694 2781 1998 2840 quaerentes

411 2859 640 2914 subdola
683 2860 1028 2928 suggestione
1047 2902 1060 2922 ,
1090 2870 1110 2896 ο
1143 2859 1369 2912 crimina
1394 2861 1639 2914 adulterii
1673 2860 1752 2913 vel
1780 2859 1998 2928 pcrjurii

412 2951 493 3004 illi
526 2951 802 3018 imponere
829 2960 1132 3021 quierentes
1159 2992 1173 3015 ,
1224 2961 1279 3006 et
1323 2962 1447 3006 tunc
1479 2951 1679 3024 [Fort.,
1705 2954 1784 3025 ut]
1814 2971 1995 3009 saera-

415 3049 601 3108 rlento
638 3041 940 3110 gravissimi
971 3040 1321 3108 jurisjurandi
1370 3043 1437 3096 ab
1497 3045 1580 3097 his
1631 3058 1688 3097 se
1744 3055 1999 3114 purgaret

413 3114 737 3184 criminibus
754 3126 1106 3201 ordinantes:
1133 3131 1210 3182 sic
1232 3131 1456 3184 consilio
1483 3143 1691 3186 secreto
1714 3135 1999 3188 suadentes

421 3210 482 3272 ut
529 3217 831 3286 deponeret
870 3218 985 3271 sine
1016 3216 1329 3285 juramento
1351 3220 1746 3287 pontiﬁcatum,
1769 3232 1823 3274 et
1847 3224 1997 3291 quie-

2102 2048 2222 2101 ﬁdei
2245 2048 2569 2115 integritate.
2594 2062 2658 2100 ne
2685 2047 2879 2114 lupinis
2907 2048 3172 2099 morsibus
3200 2058 3469 2115 pastorum
3501 2059 3680 2116 pastor

2101 2149 2300 2207 pateat.
2331 2140 2440 2208 Ego
2469 2155 2596 2192 vero
2623 2139 2840 2206 optimm
2865 2149 3055 2190 vestra-
3084 2139 3300 2205 pietatis
3340 2140 3676 2191 devotionem

2101 2230 2354 2300 laerymis
2393 2245 2712 2299 prosequor,
2745 2231 3082 2282 orationibus
3127 2246 3385 2297 assequor
3417 2273 3428 2290 .
3472 2232 3678 2284 lillet'a-

2103 2336 2218 2372 rum
2249 2318 2517 2388 suffragiis
2546 2334 2864 2386 Consequor.
2883 2320 3086 2372 (Lautus
3101 2329 3216 2370 esto
3230 2322 3312 2371 cui
3337 2322 3679 2374 commendes

2102 2412 2324 2464 consilia
2355 2421 2465 2473 tua,
2491 2411 2742 2478 providus
2771 2413 2821 2463 in
2856 2411 3153 2477 responsis.
3187 2427 3340 2463 verax
3366 2413 3417 2464 in
3448 2411 3674 2478 iudiciis.

2102 2502 2363 2555 sollicitus
2392 2503 2694 2554 discernere
2721 2541 2735 2563 ,
2772 2501 2898 2569 quid
2944 2501 3027 2554 cui
3082 2502 3357 2552 conveniat
3389 2543 3401 2564 ,
3435 2511 3483 2551 et
3523 2500 3676 2568 135

2103 2591 2210 2644 noli
2234 2591 2474 2644 oblivisci
2509 2600 2717 2658 patrem
2746 2591 2916 2650 senio,
2946 2591 3112 2642 lilium
3155 2593 3377 2649 meritis,
3412 2591 3428 2619 '
3454 2600 3674 2643 ll‘:ttl't'ltl

2103 2679 2387 2732 charitate.
2430 2679 2657 2733 Veniat!
2703 2678 2882 2731 veniat
2925 2670 3094 2747 [ζιιαῡ.
3137 2678 3498 2746 venietj'enitu
3526 2680 3675 2737 dies,

2102 2769 2228 2821 dum
2259 2769 2305 2821 ei
2351 2767 2608 2836 placuerit
2653 2767 2742 2834 qui
2777 2780 2964 2820 omnes
2989 2766 3250 2835 disposuit
3291 2769 3430 2824 dies.
3464 2767 3676 2834 quando

2104 2861 2260 2915 liceat
2288 2870 2499 2928 optatos
2525 2844 2802 2934 amplexus
2831 2859 2970 2926 patri
3003 2867 3057 2910 et
3094 2859 3201 2911 lilio
3231 2861 3553 2927 conjungere
3577 2901 3590 2920 ,
3623 2869 3677 2910 et

2103 2953 2306 3006 mutuis
2334 2952 2541 3018 scipsos
2568 2949 2847 3002 exhortari
2879 2948 3251 3001 collationibus
3280 2949 3449 3018 [Idem
3485 2965 3677 3001 conso-

2103 3042 2436 3112 lationibus].

2173 3133 2374 3205 [Tertia
2424 3145 2583 3187 cattSa
2631 3143 2684 3187 tu
2715 3137 2739 3171 ε
2782 3133 2924 3187 fuisti
2978 3135 3182 3187 itineris
3219 3135 3339 3187 nari.
3372 3136 3545 3188 Prima
3580 3136 3677 3186 fuit

2105 3227 2464 3279 I‘Ieclesiarunt
2499 3225 2728 3288 Christi;
2756 3223 2986 3278 secunda
3033 3225 3211 3276 domui
3246 3226 3404 3288 regis,
3455 3227 3576 3292 quia
3623 3227 3674 3276 in

420 3320 530 3362 tam
560 3309 616 3361 in
641 3309 881 3377 quolibet
909 3310 1238 3380 monasterio
1267 3319 1447 3380 ageret
1475 3312 1660 3375 vitam,
1692 3313 1833 3382 quod
1879 3329 1994 3367 om-
2024 3287 2070 3350 (ἶ
2101 3316 2352 3384 lacrymis
2372 3316 2398 3354 ιι
2425 3315 2726 3382 laerymans
2747 3313 2923 3366 dimisi
2952 3329 3092 3374 eum,
3118 3315 3337 3380 cupiens
3364 3325 3677 3380 perpetuam

419 3401 545 3453 nino
569 3398 686 3452 fieri
709 3414 813 3452 non
834 3399 1014 3465 debet,
1042 3416 1142 3455 nee
1166 3402 1252 3454 ille
1278 3403 1392 3472 ipse
1417 3405 1740 3467 consentire,
1775 3421 1832 3458 se
1859 3421 1994 3473 quo-

415 3490 549 3546 libet
571 3499 913 3545 sacramento
931 3489 1321 3560 constringere,
1339 3503 1431 3546 aut
1459 3497 1638 3549 sedem
1664 3511 1814 3548 suam
1847 3497 1999 3549 amit-

411 3592 552 3634 tere.
572 3579 978 3648 Responderem
1002 3597 1099 3650 pro
1114 3583 1265 3647 eo,..si
1291 3599 1355 3636 ex
1380 3584 1546 3638 latere
1557 3585 1672 3654 ejus
1688 3587 1955 3640 stetissem
1977 3605 1988 3639 :

412 3667 520 3732 Qui
542 3669 654 3720 sine
677 3677 990 3736 peccatoest
1021 3680 1264 3734 uestrum,
1284 3671 1482 3740 primus
1510 3672 1562 3725 in
1593 3672 1738 3726 illum
1769 3673 1992 3741 lapidem

411 3757 587 3810 mittat
617 3754 804 3826 (Joan.
825 3772 946 3820 \‘tlt,
978 3757 1054 3828 7).

485 3846 704 3901 Memini
737 3863 822 3901 me
849 3847 1045 3918 legisse
1065 3850 1358 3918 quondam,
1383 3851 1426 3905 si
1454 3852 1554 3904 rite
1582 3851 1856 3916 recordor,
1883 3851 1907 3890 δ
1938 3853 1991 3906 in

410 3935 727 3989 Canonibus
777 3936 920 3990 beati
957 3937 1202 3993 Silvestri
1234 3981 1247 4003 ,
1301 3956 1407 3994 non
1445 3943 1624 3995 minus
1661 3942 1729 3996 72
1764 3943 1994 3997 testibus

409 4023 725 4090 pontiﬁcem
754 4027 1114 4080 accusandum
1143 4043 1285 4092 esse,
1319 4039 1371 4084 et
1403 4032 1605 4100 judicio
1631 4035 1944 4102 praesentari
1973 4051 1985 4062 ο

535 4175 895 4244 οοηίεεεονειιι
915 4175 1128 4253 Christi.
1149 4179 1669 4253 Nimirumjmonem
1692 4183 1756 4236 lll
1774 4199 1989 4253 papam,

413 4256 473 4300 ut
501 4247 616 4315 ipse
626 4237 909 4301 contextus
922 4247 1160 4315 epistolae
1179 4237 1530 4304 demonstrat.
1554 4237 1993 4307 Confessorrreto

411 4317 632 4378 dicitur,
665 4316 788 4399 quia
817 4331 916 4386 pro
949 4316 1166 4399 Christo
1194 4321 1622 4399 persecutionem
1653 4331 1707 4376 et
1728 4331 1993 4377 tormenta

409 4400 605 4453 passus
658 4393 770 4447 est,
821 4388 1070 4506 quamvis
1125 4387 1315 4441 deinde
1373 4390 1711 4459 tranquillam
1765 4400 1992 4446 mortem

409 4455 630 4506 olicrit.
669 4471 689 4502 ι
722 4453 834 4506 Con
857 4456 1018 4506 essio.
1051 4457 1225 4506 inﬂuit
1275 4467 1493 4506 sanctus
1521 4459 1820 4506 Cvnrinnns
1866 4462 1987 4506 libr-

407 4455 630 4529 oligrit.
657 4471 690 4529 _t_
722 4453 1018 4529 ponlessio,
1051 4457 1225 4524 inquit
1272 4467 1493 4529 sanctus
1512 4453 1820 4529 Cyprianus
1866 4462 1988 4516 libr.

408 4524 478 4597 de
504 4521 858 4590 Simplicitate
881 4520 1094 4576 Praelat.
1119 4520 1396 4597 exordium
1421 4536 1503 4581 est
1523 4520 1704 4597 gloria:
1721 4569 1734 4590 ,
1760 4546 1863 4583 non
1887 4546 1994 4584 me-

2102 3405 2300 3458 laétitia:
2323 3404 2464 3457 illius
2490 3405 2804 3457 memoriam
2835 3403 3025 3455 anima:
3052 3419 3181 3454 Itteat
3214 3403 3540 3463 inscribere;
3569 3411 3676 3454 ter-

2102 3497 2170 3548 tia
2223 3494 2586 3550 dulcissimam
2631 3493 2912 3547 cbaritatis
2960 3500 3064 3544 tu:c
3116 3492 3294 3543 videre
3331 3490 3551 3552 faciem;
3583 3491 3678 3545 sed

2096 3586 2400 3654 prohibitus
2447 3599 2562 3636 sum
2607 3598 2778 3651 usque
2808 3583 2984 3636 adhuc
3019 3590 3077 3634 ut
3109 3582 3279 3640 ﬁeret,
3331 3582 3472 3649 quod
3523 3579 3676 3639 valde

2096 3673 2274 3739 optavi
2302 3681 2360 3725 ut
2387 3671 2556 3725 ﬁeret.
2583 3671 2699 3724 Erit
2727 3672 2903 3740 itaque
2931 3686 3027 3740 per
3066 3679 3274 3724 vestras
3315 3680 3529 3724 sanctas
3555 3686 3676 3722 ora-

2097 3762 2289 3824 tiones,
2337 3763 2460 3816 dum
2503 3762 2550 3814 ei
2582 3760 2862 3829 placuerit,
2903 3762 3016 3812 sine
3071 3775 3177 3828 quo
3223 3761 3352 3813 nihil
3388 3761 3511 3814 boni
3560 3761 3676 3812 ﬁeri

2096 3849 2310 3916 poterit.
2347 3852 2361 3889 ί
2401 3850 2635 3916 Epistola
2668 3863 2796 3902 vero
2818 3849 2964 3916 prior
2999 3864 3116 3916 quze
3143 3849 3208 3900 ad
3237 3863 3333 3901 nos
3372 3851 3471 3901 sub
3495 3857 3674 3902 vestro

2096 3941 2310 3993 nomine
2336 3941 2602 4009 pervenit,
2655 3940 3018 4008 querimonias
3064 3939 3322 4009 quasdam
3365 3941 3565 3994 habens
3610 3941 3675 3992 de

2096 4031 2334 4091 moribus
2361 4031 2655 4099 apostolici,
2685 4041 2739 4084 ct
2771 4032 2834 4084 de
2856 4032 3092 4100 periculo
3122 4043 3212 4084 tuo
3231 4031 3368 4100 apud
3392 4048 3512 4086 cum
3545 4048 3669 4100 pro-

2095 4185 2173 4263 ad_
2189 4186 2464 4264 supposita
2490 4185 2558 4238 ab
2583 4184 2781 4238 Isidore
2814 4183 3109 4238 Mercatore
3157 4185 3395 4239 referunt
3432 4185 3670 4238 moderni

2099 4262 2562 4390 0ιῖἰιλῖιοδιοΙὶι-ιιηι
2605 4322 2842 4375 sedem...
2874 4339 2973 4375 non
2992 4313 3360 4391 judicandam.
3410 4321 3483 4373 Ex
3514 4287 3670 4390 sf...)-

2098 4393 2187 4472 do,
2211 4393 2311 4472 abs
2331 4392 2514 4454 dubio,
2561 4391 2988 4472 Sinuessanain.
3016 4407 3174 4472 causa
3203 4391 3510 4472 Illas-cellini_
3537 4407 3670 4471 pon-

2097 4461 2256 4515 tiﬁcis
2298 4471 2484 4514 coacta
2528 4477 2670 4515 anno
2693 4461 2796 4516 503
2840 4460 3048 4516 Alcuini
3084 4461 3363 4514 consilium
3401 4460 3667 4528 archiepi-
3738 4469 3739 4472 ‘

2097 4531 2241 4599 scopi
2264 4539 2315 4583 et
2345 4530 2601 4598 episcopi,
2633 4532 2772 4585 inter
2796 4545 2930 4599 quos
2957 4529 3102 4584 Arno
3132 4531 3320 4589 fuerat,
3356 4528 3523 4580 secuti
3547 4541 3668 4595 pro-

409 4591 579 4670 ritumr
601 4604 850 4654 corona;
882 4605 989 4645 non
1031 4590 1243 4661 perlicit
1269 4593 1504 4658 laudem,
1526 4590 1641 4650 'sed
1691 4598 1867 4650 initiat
1898 4599 1983 4652 di-'
2013 4609 2068 4670 υ
2095 4590 2408 4670 nuntiarunt
2436 4612 2505 4670 :_t
2682 4590 2882 4670 sedem
2913 4599 3256 4670 apostolicam
3281 4636 3294 4659 ,
3343 4610 3488 4670 quze_
3509 4590 3669 4664 caput

408 4668 931 4782 Βηίωῦῖφέίαιιιεα
961 4729 1089 4782 nihil
1124 4731 1244 4784 inde
1267 4731 1417 4784 dixit.
1450 4732 1524 4785 Ex
1567 4733 1668 4786 hoc
1695 4733 1812 4788 loco
1833 4734 1984 4789 colli-

405 4814 497 4866 go,
531 4798 675 4866 quod
705 4798 959 4874 A_lc_uinus
978 4801 1448 4874 epistolam_regis,
1478 4817 1583 4870 qua
1609 4803 1681 4856 illi
1725 4822 1742 4853 ι
1791 4805 1987 4874 impro—

406 4877 584 4935 perat,
611 4867 752 4933 quod
789 4867 934 4920 fumo
957 4869 1227 4923 sordentia
1255 4867 1597 4925 Turonorum
1626 4882 1764 4934 tecta
1787 4867 1988 4927 auratis

410 4937 776 5011 Romanorum
802 4935 1018 5011 arcibus
1059 4949 1414 5011 praeponeret,
1456 4961 1475 4992 ι
1511 4943 1636 4995 dum
1668 4953 1986 5011 praesentem

407 5004 697 5065 scriberet,
721 5003 955 5056 nondum
981 5003 1270 5072 acceperit.

481 5084 503 5111 ε
547 5073 906 5142 concordant,
934 5087 1054 5142 qua:
1091 5074 1254 5127 refert
1287 5077 1598 5134 Anastasius
1635 5079 1885 5134 Biblioth.
1935 5082 1988 5134 in

409 5143 548 5217 Vita.
580 5141 777 5195 Leonis
907 5143 990 5196 his
1034 5145 1212 5198 verbis
1242 5162 1253 5196 :
1287 5145 1422 5198 Dum
1463 5147 1516 5199 in
1566 5164 1761 5217 magno
1789 5151 1990 5203 honore

406 5210 550 5278 apud
575 5225 762 5288 _se_per
799 5211 1129 5288 aiiquantum
1161 5222 1369 5288 tempus
1407 5210 1845 5288 eum_(Leouein)
1880 5221 1991 5288 ipse

407 5230 550 5278 apuu
575 5230 762 5290 seper
799 5230 1129 5280 anquantum
1161 5230 1369 5336 tempus
1407 5231 1527 5269 eum
1565 5230 1845 5287 (Leonem)
1880 5234 1987 5288 ipse

407 5292 793 5358 sereniSSImus
819 5295 912 5358 rex
933 5282 1235 5358 habuisset,
1313 5299 1390 5336 tce
1418 5285 1624 5358 przel'ati
1650 5287 1847 5356 iniqui.
1871 5327 1915 5340 ..

406 5347 581 5426 moliti
604 5354 844 5400 sunt.....
880 5349 1007 5426 falsa
1024 5421 1034 5426 _
1052 5351 1308 5406 adversus
1335 5347 1732 5408 sanctissimum
1746 5347 1761 5356 ’
1777 5357 1992 5426 pontiﬁ-

407 5431 528 5496 cem
571 5420 854 5484 imponere
884 5420 1218 5496 crim_ina,_et
1246 5430 1366 5490 post
1398 5437 1519 5475 eum
1575 5426 1641 5477 ad
1674 5420 1988 5496 prm'dictum

407 5489 626 5567 mittere
657 5499 857 5567 regem,
882 5489 1021 5567 quod
1041 5489 1268 5567 probare
1292 5507 1627 5560 nequaquam
1657 5489 1986 5567 potuissent;

407 5556 541 5626 quia
563 5568 662 5623 per
681 5556 974 5626 insidiasiet
1001 5556 1306 5626 iniquitates
1347 5556 1552 5623 eorum,
1597 5556 1725 5614 talia
1773 5579 1870 5616 nec
1913 5556 1988 5616 di;

410 5625 603 5746 cessit
629 5633 874 5677 sanetam
901 5625 1198 5682 Ecclesium
1238 5629 1520 5684 bmniliare
1546 5631 1787 5684 volentes
1814 5631 1990 5700 profe-

412 5707 468 5744 re
609 5731 623 5745 .
658 5713 674 5728 -
838 5723 842 5729 -

412 5701 623 5745 nabant.
658 5713 674 5728 ⁶
838 5723 842 5729 ·

473 5762 629 5831 [37
642 5761 670 5801 ἀ
687 5760 759 5815 In
769 5760 1064 5838 Curionibus
1079 5765 1212 5817 beati
1227 5765 1480 5821 Silvestri.
1497 5769 1552 5822 In
1567 5767 1781 5838 Synodo
1798 5768 1992 5822 Roma—

411 5844 498 5892 na,
521 5843 672 5898 puto,
719 5833 819 5887 sub
854 5831 1112 5888 Silvestre
1131 5849 1265 5904 papa
1323 5838 1486 5906 (Zujus
1516 5831 1988 5910 taniendecrelum

2089 4675 2171 4747 est
2192 4666 2430 4747 omnium
2455 4665 2547 4718 Dei
2573 4664 2958 4742 Eeclesiarum,
2983 4666 3226 4747 judicare
3256 4679 3358 4743 non
3386 4664 3663 4747 audemus.

2089 4735 2223 4788 Nam
2263 4735 2330 4788 ab
2361 4735 2473 4804 ipsa
2514 4750 2610 4789 nos
2647 4751 2832 4788 omnes
2873 4734 2926 4788 et
2954 4734 3155 4790 vicario
3200 4750 3297 4788 suo
3325 4734 3662 4801 judicamur;

2089 4805 2202 4884 ipsa
2257 4813 2433 4857 autem
2476 4806 2753 4884 a_n_emine
2794 4805 3095 4884 judicatur,
3139 4805 3587 4884 quemadmodum
3613 4813 3670 4856 et

2089 4874 2341 4942 antiquus
2363 4889 2478 4928 mos
2509 4873 2630 4937 fuit,
2657 4885 2760 4928 etc.
2796 4873 2812 4925 ι
2844 4875 3031 4927 Anast.
3059 4875 3094 4926 l.
3123 4873 3216 4926 cit.
3250 4873 3437 4942 Dehis
3465 4874 3662 4942 ac_hu-

2085 4939 2315 5010 jusmodi
2361 4944 2654 4996 canonibus
2681 4943 2897 4996 consule
2933 4942 3145 4994 Petrum
3193 4942 3258 4993 de
3297 4939 3474 4994 Marca
3523 4940 3664 4992 (ἷοιι-

2091 5012 2238 5064 cord.
2273 5010 2493 5065 Sacerd.
2524 5012 2616 5064 lib.
2644 5029 2658 5063 ι
2682 5051 2695 5074 ,
2731 5026 2847 5074 cap.
2883 5011 2936 5062 ll
2972 5018 3027 5060 et
3053 5010 3203 5061 alios.

2167 5080 2185 5117 τ
2215 5079 2454 5133 Fratrem
2490 5080 2762 5131 charitate.
2795 5078 2911 5131 Vid.
2942 5079 3098 5145 epist.
3126 5078 3192 5131 76
3215 5078 3377 5146 (nunc
3399 5078 3510 5140 9|).

2166 5151 2189 5187 ε
2224 5148 2416 5201 Fuisti.
2463 5147 2766 5217 Legeudum
2810 5147 3012 5209 forsan,
3043 5147 3262 5214 fuisses;
3309 5147 3544 5217 itineris,
3600 5147 3666 5198 ad

2093 5218 2233 5340 quod
2287 5215 2794 5286 superius'dixerat
2842 5232 2899 5269 se
2943 5227 3190 5270 vocatum
3239 5230 3332 5269 seu
3379 5215 3663 5267 invitatum

2115 5302 2276 5340 unsse.

2115 5302 2276 5340 UISSC.

2163 5355 2189 5394 δ
2208 5356 2526 5422 Lacrymans
2553 5354 2727 5424 dimisi
2755 5371 2890 5408 eum.
2919 5355 3115 5424 Regem
3137 5353 3390 5424 nimirum
3413 5355 3659 5424 Turonis.

2094 5435 2492 5492 quovsanctum
2523 5423 2804 5476 Martinum
2835 5422 3184 5478 veneraturus
3230 5423 3331 5478 hoc
3379 5438 3517 5477 anno
3560 5422 3664 5474 800

2095 5504 2343 5551 venerat,
2387 5493 2688 5546 abeuntem.

2171 5564 2183 5601 ί
2237 5559 2468 5629 Ερὶειοια
2497 5561 2658 5629 prior.
2703 5561 2826 5615 llaec
2867 5561 3095 5615 Arnouis
3125 5563 3192 5616 ad
3227 5559 3508 5614 Aleuinum
3545 5559 3630 5627 cpi

2094 5630 2254 5690 stola,
2285 5628 2507 5682 crimina
2531 5628 2615 5682 illa
2645 5629 2806 5684 Leoni
2832 5631 2894 5684 Ill
2918 5646 3067 5698 papcc
3098 5631 3229 5685 falso
3255 5629 3498 5696 imposita
3529 5642 3628 5681 con

2002 5713 2013 5728 ι
2097 5701 2272 5752 tinens
2308 5699 2376 5751 ab
2415 5699 2530 5766 ipso
2568 5699 2820 5763 Alcuino,
2870 5697 2940 5754 ne
2991 5697 3118 5755 inde
3153 5698 3472 5766 scandalum
3521 5697 3660 5763 apud

2096 5769 2316 5888 ignarosI
2343 5767 2783 5888 o'ririjputuissct,
2814 5769 2918 5839 igni
2959 5772 3151 5825 tradita
3183 5778 3282 5829 est,
3313 5775 3365 5819 ut
3391 5765 3503 5835 ipse
3533 5781 3662 5819 con-

2099 5846 2276 5888 textus
2322 5845 2481 5888 latet.

2099 5846 2276 5891 textus
2304 5846 2481 5890 habet.
