4400 6452
854 518 957 577 327

1692 515 1754 570 B.
1794 516 1850 571 Ρ.
1895 512 2115 569 ALBlNl
2156 515 2283 570 εει]
2324 510 2592 571 ALCUlNl
2627 510 2906 569 OPERL'M
2943 513 3118 603 DARS
3154 512 3194 567 ι.

4006 59 4174 301 Ὗ

3962 504 4063 564 328

853 637 973 698 pter
1016 626 1305 690 Romanos,
1331 624 1562 680 clericus
1608 635 1805 692 vester,
1859 635 1919 679 nt
1964 627 2192 689 :estimo,
2238 626 2416 682 attulit
2441 628 2490 686 Δ
2519 625 2572 677 ἰιι
2622 624 2716 679 Dei
2765 626 3002 688 servitio,
3048 626 3141 680 sed
3191 626 3276 678 via
3333 624 3475 693 regia
3522 621 3885 691 gradicmlum.
3915 632 3977 677 ut
4001 625 4064 678 sd

856 734 975 775 eam
1002 716 1154 781 mihi,
1201 717 1416 772 nomine
1440 716 1733 781 Baldricus,
1780 716 2009 771 aﬁ‘erens
2033 717 2163 771 mihi
2194 731 2414 786 cappam

855 807 1096 861 Romano
1122 820 1272 859 more
1298 813 1595 869 consutam,
1621 806 1874 861 vestitum
1917 806 2133 869 lineam,
2177 807 2417 860 laneum-

742 968 745 971 ν
853 909 977 964 que.
1016 893 1121 948 Sed
1150 893 1274 961 quia
1295 906 1395 962 ego
1417 892 1563 947 nolui
1584 893 1712 948 utin
1748 894 1971 948 alterius
1996 909 2186 948 manus
2230 907 2419 962 perve-

855 983 1024 1036 nisset
1072 978 1317 1049 epistola,
1348 978 1619 1035 Candidus
1664 988 1872 1034 tantum
1921 981 2064 1034 illam
2112 979 2420 1049 perlegebat

854 1091 1087 1138 mecum,
1124 1084 1178 1129 et
1203 1075 1284 1129 sic
1311 1076 1507 1129 tradita
1552 1082 1634 1130 est
1670 1074 1810 1144 igni;
1836 1090 1903 1130 nc
1949 1074 2150 1144 aliquid
2181 1072 2417 1129 scandali

853 1164 985 1219 oriri
1011 1164 1273 1232 potuisset
1298 1172 1515 1232 propter
1548 1163 1925 1234 negligentiam
1967 1163 2241 1218 chartulas
2275 1176 2421 1216 meas

854 1262 1130 1308 servantes
1156 1250 1359 1323 [Forte,
1388 1250 1696 1324 servantis].
1726 1267 1751 1294 ι
1777 1250 2089 1307 Hunnorum
2112 1265 2260 1315 vero,
2283 1250 2422 1304 sicut

852 1343 1057 1406 dixisti,
1088 1343 1336 1410 perditio,
1368 1351 1550 1397 nostra
1581 1351 1665 1397 est
1689 1344 2029 1412 negligentia,
2062 1340 2419 1397 laborantium

854 1434 909 1489 in
932 1434 1211 1489 maledicta
1239 1435 1581 1503 generatione
1606 1432 1899 1498 Saxonum,
1926 1434 2143 1501 Deoque
2167 1432 2417 1499 despecta

751 1600 762 1611 υ
854 1540 1024 1592 usque
1052 1524 1173 1587 huc,
1201 1532 1255 1578 et
1278 1538 1370 1578 eos
1401 1524 1726 1593 negligentes
1749 1539 1884 1593 quos
1928 1522 2129 1591 majore
2175 1520 2421 1576 mercede

856 1618 996 1685 apud
1025 1615 1189 1669 Deum
1212 1621 1266 1667 et
1290 1615 1455 1686 gloria
1484 1616 1620 1683 apud
1643 1616 1888 1670 homines
1910 1614 2111 1669 habere
2129 1612 2418 1682 potuimus,

854 1715 914 1759 ut
946 1707 1249 1760 videbatur.
1276 1704 1391 1758 Non
1414 1705 1583 1759 audeo
1613 1705 1717 1758 mei
1748 1704 1913 1759 solius
1955 1717 2172 1763 causam
2210 1696 2419 1773 [causa]

857 1804 1063 1849 tantum
1090 1795 1185 1849 tibi
1214 1795 1459 1863 ingerere
1484 1793 1717 1848 laborem
1738 1809 1836 1863 per
1851 1808 2037 1863 preces
2060 1801 2114 1846 et
2134 1792 2418 1861 lacrymas,

798 1904 801 1907 ·
854 1902 988 1955 quas
1013 1886 1186 1939 habeo
1209 1884 1404 1952 smpius
1433 1891 1652 1952 propter
1685 1890 1919 1937 vestram
1953 1881 2267 1936 absentiam.
2316 1878 2419 1933 Ta—

2515 723 2755 783 optatum
2804 716 3091 785 aliquando
3142 715 3291 769 littus
3339 714 3516 769 divina
3563 714 3849 767 auxiliante
3902 713 4065 783 gratia

2515 804 2795 873 pervenire
2841 806 3027 874 possit.
3056 804 3345 876 [Quidquid
3371 818 3499 857 vero
3524 802 3591 857 de.
3620 812 3706 857 tua
3731 802 3888 857 audio
3912 819 4068 857 cano-

2516 893 2635 947 nica
2662 894 3084 959 conversatione,
3133 894 3263 948 satis
3308 893 3438 947 mihi
3486 892 3696 961 placere
3735 891 3925 946 fateor.
3960 892 4065 947 lloc

2515 995 2726 1049 quoque
2762 982 2989 1035 addatur
3016 982 3084 1036 ad
3112 982 3411 1037 mercedem
3450 981 3725 1035 industria:
3753 990 3962 1046 vestrae,
4013 992 4067 1034 ut

2516 1067 2712 1123 fratres
2743 1070 2833 1138 qui
2856 1072 2955 1124 sub
2983 1085 3142 1123 manu
3170 1077 3346 1135 vestra
3380 1077 3505 1125 sunt
3540 1068 3829 1125 secundum
3875 1071 4070 1124 sancti-

2520 1164 2680 1210 tatem
2708 1157 2967 1226 regularis
2995 1158 3119 1211 vita:
3161 1159 3362 1211 vivant.
3394 1156 3503 1211 Nec
3547 1172 3645 1226 ego
3681 1157 3835 1214 aliter
3873 1158 4067 1221 audivi.

2517 1258 2617 1297 nec
2661 1258 2728 1297 eo
2758 1243 2933 1319 minus
2976 1244 3154 1298 dicere
3181 1232 3525 1314 debeo,qu'a:
3564 1260 3793 1315 agnosco
3817 1246 4069 1315 proﬁcere

2516 1330 2753 1385 fraterna
2774 1332 3075 1403 charitate].
3106 1331 3304 1401 Populo
3326 1348 3555 1403 quoque,
3587 1344 3645 1389 ut
3672 1335 3863 1403 szepius
3886 1336 4070 1405 depre—

2516 1426 2670 1471 catus
2693 1432 2830 1482 sum,
2878 1419 3108 1485 przedica
3144 1420 3406 1473 instanter
3445 1421 3665 1475 verbum
3690 1421 3783 1475 Dei
3815 1421 3899 1491 (ll
3939 1422 4067 1476 Tim.

2517 1520 2591 1569 iv,
2637 1505 2713 1576 2),
2760 1520 2827 1559 ne
2870 1506 3029 1560 ullius
3069 1507 3247 1560 anima
3283 1508 3335 1559 in
3357 1516 3446 1583 tuo
3464 1509 3693 1575 pendeat
3722 1507 3875 1584 [ϐοά.
3906 1509 3970 1565 S.
4001 1509 4064 1563 Ε.

2518 1594 2736 1665 pendat]
2781 1594 3005 1664 judicio,
3064 1596 3147 1648 vel
3187 1610 3219 1649 a
3273 1602 3639 1664 tequzeratur.
3684 1596 3916 1654 Ostende
3968 1600 4069 1654 illis

2518 1682 2657 1734 viam
2704 1682 2909 1747 salutis,
2966 1684 3064 1738 bos
3097 1695 3304 1739 secreta
3354 1685 3658 1751 collatione,
3707 1686 3824 1742 illos
3864 1688 4069 1758 publica

2514 1771 2891 1841 praedicatione
2931 1773 3272 1829 conﬁrmans.
3315 1774 3610 1843 Unicuique
3653 1773 3939 1829 secundum
3963 1791 4071 1830 suae

2516 1861 2834 1915 conditionis
2879 1862 2962 1915 vel
2983 1878 3225 1931 persnnat
3253 1864 3468 1918 modum
3493 1866 3828 1921 hortamenta
3862 1867 4067 1936 ingere.

854 1945 976 2027 {un
1009 1987 1113 2025 mn
1140 1980 1224 2025 es,
1262 1945 1551 2025 gemmam;
1582 1971 2032 2040 ορροηηηίιθιεω
2090 1970 2247 2023 inane
2291 1968 2414 2033 iter,
2447 1945 2489 2003 Β
2518 1950 2880 2007 Potestatibus
2904 1961 2957 2006 et
2980 1954 3249 2023 judicibus
3267 1954 3532 2024 justitiam
3553 1963 3606 2010 et
3626 1956 4067 2019 misericordiam,

854 2060 921 2112 ad
943 2059 1240 2127 patrocinia
1267 2060 1438 2113 sancti
1480 2059 1692 2113 Martini
1719 2060 1926 2119 venire,
1960 2066 2300 2125 vestramque
2332 2056 2414 2109 vi-

854 2156 963 2202 tam
985 2147 1099 2217 ejus
1128 2150 1329 2203 sanctis
1359 2151 1731 2204 commendare
1760 2149 2111 2204 orationibus.
2136 2149 2164 2187 ι)
2193 2147 2417 2215 Paganae

852 2251 982 2291 vero
1012 2253 1192 2303 naves,
1220 2248 1281 2293 ut
1329 2237 1570 2303 audistis,
1626 2240 1792 2293 multa
1849 2239 1986 2293 mala
2031 2238 2273 2292 fecerunt
2322 2253 2418 2306 per

852 2323 1056 2379 insulas
1093 2325 1289 2381 Oceani
1324 2328 1567 2396 partibus
1592 2327 1932 2395 Aquitaniae;
1977 2342 2103 2395 pars
2127 2333 2305 2380 tamen
2351 2340 2417 2380 ex

853 2413 959 2470 illis
990 2415 1172 2483 periit,
1219 2424 1275 2469 et
1321 2416 1485 2470 occisi
1516 2424 1640 2470 sunt
1667 2417 1718 2469 in
1764 2415 1964 2479 littore,
2003 2415 2157 2483 quasi
2204 2422 2418 2469 centum

854 2504 1089 2573 quinque
1132 2505 1232 2557 viri
1279 2521 1345 2559 ex
1398 2505 1503 2559 illis
1548 2506 1954 2573 praedatoribus.
2005 2504 2295 2574 Castigatio
2337 2513 2421 2559 est

857 2607 1052 2661 magna
1088 2592 1279 2646 horum
1323 2594 1554 2663 eruptio,
1584 2594 1819 2663 antiquis
1862 2594 2041 2663 ignota
2093 2594 2420 2662 temporibus

854 2679 1047 2748 populo
1073 2678 1416 2746 Christiano;
1450 2682 1575 2749 quia
1606 2680 1743 2735 forte
1798 2696 1921 2735 vota
1956 2697 2062 2735 non
2100 2690 2315 2735 servant
2345 2680 2421 2734 fa-

858 2767 988 2821 muli
1035 2767 1148 2830 Dei,
1194 2783 1315 2836 qua:
1354 2783 1547 2823 vovere
1572 2768 1763 2823 solent.
1800 2769 1942 2831 ldeo,
1978 2769 2321 2823 dilectissime
2344 2768 2419 2822 ﬁli

856 2865 913 2910 et
942 2859 1132 2911 merito
1161 2860 1462 2912 venerande
1490 2858 1675 2922 frater,
1723 2867 1843 2914 tuos
1868 2860 2083 2917 hortare
2116 2858 2310 2913 fratres
2339 2874 2423 2913 re-

857 2946 1115 3014 gulariter
1127 2948 1327 3010 vivere,
1352 2955 1422 3015 et
1444 2948 1777 3001 devotionem
1813 2950 2041 3018 primam
2066 2948 2290 3002 ﬁrmiter
2309 2962 2422 3001 ser-

858 3050 1006 3097 vare,
1034 3028 1244 3090 dicEnte
1281 3034 1597 3105 Scriptura:
1644 3035 1825 3091 Vovete
1869 3048 1915 3090 et
1962 3038 2156 3090 reddite
2195 3036 2420 3090 Domino

859 3124 968 3179 Deo
996 3136 1160 3179 vestro
1189 3125 1412 3197 (Psalm.
1442 3141 1599 3190 Lxxv,
1652 3126 1759 3196 12).
1784 3126 1911 3181 item
1943 3145 1955 3177 :
1985 3125 2172 3179 Helius
2200 3136 2275 3179 est
2319 3142 2421 3179 non

825 3218 827 3222 ‘
860 3228 1054 3275 vovere.
1090 3229 1245 3281 quam
1267 3222 1381 3266 vota
1404 3229 1505 3265 non
1535 3214 1742 3266 reddere
1772 3214 1939 3282 (Eccl.
1979 3230 2031 3277 v,
2060 3214 2163 3285 4).]
2196 3226 2217 3252 π
2246 3214 2418 3283 Prope

2510 2041 2813 2110 junioribus
2857 2043 3249 2109 obedientiam,
3294 2046 3649 2101 humilitatem
3700 2055 3755 2101 et
3804 2047 3962 2102 ﬁdem
4019 2049 4069 2102 in

2515 2118 2835 2195 senioribus,
2871 2132 3120 2186 omnibus
3153 2133 3459 2201 :equitatem
3484 2174 3500 2199 ,
3539 2135 3852 2190 charitatem
3880 2136 3975 2190 Dei
4019 2145 4071 2188 et

2516 2219 2764 2287 proximi,
2817 2222 3116 2274 castitatem
3154 2222 3414 2289 corporis,
3443 2222 3821 2291 benignitatem
3847 2231 3929 2277 -et
3962 2224 4072 2292 pie~

2520 2316 2679 2363 tatem
2704 2310 2755 2363 in
2796 2310 3166 2380 eleemosynis,
3198 2320 3460 2379 quatenus
3484 2327 3605 2367 cum
3629 2312 3903 2381 multiplici
3928 2312 4073 2366 laba.

2518 2398 2594 2452 ris
2622 2399 2696 2451 tui
2726 2398 2902 2454 fructu
2923 2400 2991 2453 ad
3023 2407 3237 2454 aeternae
3280 2401 3622 2456 beatitudinis
3654 2404 3833 2455 sedem
3880 2415 4070 2469 perve-

2517 2487 2635 2541 nire
2660 2489 2935 2550 merearis,
2964 2503 3028 2542 eo
3051 2488 3359 2553 miserante,
3396 2491 3487 2559 qui
3512 2491 3588 2543 ait
3617 2507 3630 2543 :
3673 2489 3762 2544 Sic
3787 2489 3954 2542 luceat
3982 2488 4074 2542 lu

2519 2584 2682 2627 vestra
2704 2592 2878 2629 coram
2903 2576 3215 2641 hominibus,
3239 2586 3295 2630 ut
3331 2578 3533 2631 rideant
3555 2594 3707 2648 Opera
3734 2587 3899 2631 uestra
3917 2578 4074 2645 bona,

2518 2674 2565 2717 et
2586 2664 2872 2734 gloriﬁcent
2900 2665 3109 2719 Patrem
3134 2676 3373 2731 rutrum,
3399 2669 3486 2737 qui
3508 2668 3562 2720 in
3589 2667 3725 2722 culis
3745 2678 3819 2721 est
3860 2667 4073 2735 (Matth.

2520 2769 2575 2817 v,
2619 2752 2726 2823 l6).
2777 2752 2879 2807 Mei
2922 2769 3134 2824 quoque
3182 2764 3241 2809 ut
3285 2755 3442 2827 136
3473 2757 3710 2812 habeatis
3738 2758 4073 2824 memoriam,

2522 2844 2812 2919 secundum
2844 2858 2994 2913 spem
3018 2858 3193 2899 meam
3221 2853 3281 2905 et~
3307 2845 3464 2917 ﬁdem
3514 2855 3766 2910 vestram,
3800 2844 4076 2914 deprecor,
4102 2864 4105 2867 ·

2521 2948 2643 2989 cum
2696 2934 2896 2988 sanctis
2930 2931 3185 2988 fratribus
3210 2932 3404 3013 vestris
3436 2934 3647 2988 assidua
3678 2934 4077 2999 intercessione,

2521 3032 2581 3076 ut
2608 3037 2773 3092 prope
2802 3038 2962 3077 cursu
2988 3024 3157 3087 nostri
3182 3024 3365 3094 agonis
3399 3024 3677 3101 completo,
3714 3026 3924 3086 veniam
3952 3040 4075 3095 pec-

2523 3122 2763 3185 catorum
2808 3129 3048 3169 meorum
3078 3124 3132 3169 et
3154 3115 3385 3190 aliquam
3413 3115 3708 3184 portionem
3738 3117 4080 3171 beatitudinis

2524 3204 2664 3257 inter
2710 3204 2855 3259 cives
2901 3202 3135 3259 caelestis
3174 3205 3519 3259 habitationis
3564 3204 3804 3272 accipere
3851 3219 4076 3260 merear.

861 3300 1004 3355 enim
1035 3300 1167 3353 estis
1192 3314 1286 3353 vos
1317 3300 1557 3354 terminis
1577 3316 1923 3370 paganorum.
1951 3301 2030 3356 Sit
2053 3283 2196 3358 salus
2221 3313 2419 3368 vestra,
2445 3283 2495 3345 ο
2528 3290 2599 3363 [ΡΙ

2342 3319 2419 3368 τε,
2445 3283 2495 3345 C
2528 3290 2710 3363 [Plura
2736 3294 3028 3347 scriberem
3051 3295 3341 3348 secundum
3363 3294 3525 3349 animi
3550 3294 3716 3348 nostri
3737 3293 4076 3357 desiderium,

862 3390 1144 3459 protectio,
1175 3398 1230 3443 et
1258 3391 1623 3447 misericordia
1653 3392 1910 3448 Dominus
1941 3396 2080 3449 Deus
2102 3406 2298 3456 noster,
2331 3397 2423 3465 qui

810 3484 817 3515 ³
862 3480 941 3533 ait
972 3498 983 3531 :
1018 3479 1143 3535 Siue
1164 3498 1244 3534 me
1263 3480 1391 3535 nihil
1416 3484 1626 3551 potestis
1647 3484 1818 3551 facere
1855 3484 2032 3554 (Joan.
2056 3501 2142 3548 xv,
2165 3485 2239 3555 5).
2267 3480 2426 3540 Corn-

864 3569 1033 3622 motio
1062 3585 1252 3637 magna
1277 3580 1359 3625 est
1394 3572 1447 3625 in
1498 3572 1725 3636 mundo,
1754 3580 1807 3627 et
1835 3574 1887 3627 in
1917 3574 2181 3628 mentibus
2233 3574 2426 3629 mullo—

865 3673 986 3713 rum
1012 3659 1318 3722 inﬁdelitas,
1350 3669 1404 3714 et
1432 3662 1486 3713 in
1521 3664 1734 3716 nomine
1755 3666 2134 3719 monachorum
2158 3666 2426 3735 negligen-

866 3748 960 3802 tia.
996 3748 1191 3801 Volunt
1234 3747 1359 3811 dici,
1406 3758 1461 3802 et
1511 3766 1618 3804 non
1674 3749 1809 3833 fieri,
1860 3751 2070 3806 dicente
2111 3753 2421 3823 Scriptura:

876 3834 994 3888 Vult
1040 3837 1203 3905 piger,
1232 3847 1280 3889 et
1311 3853 1413 3890 non
1438 3836 1545 3891 vult
1588 3836 1766 3907 (Prov.
1816 3854 1936 3903 xm,
1976 3838 2051 3909 ι).
2091 3839 2148 3893 id
2179 3849 2278 3905 est,
2313 3843 2429 3897 vult

866 3926 1055 3980 beatus
1078 3940 1198 3979 esse
1233 3934 1287 3979 et
1320 3942 1423 3979 non
1450 3925 1564 3979 vult
1589 3927 1851 3991 laborare,
1892 3929 2030 3982 unde
2076 3930 2264 3984 beatus
2313 3930 2423 3985 ﬁat.

869 4012 918 4085 [ι1
940 4012 1158 4067 Noviter
1176 4016 1640 4083 congregationem
1669 4016 1953 4084 quamdam
1974 4017 2095 4080 feci,
2110 4020 2257 4085 quasi
2282 4028 2431 4072 octa-

866 4118 935 4156 vo
962 4100 1208 4156 milliario
1234 4117 1263 4154 a
1292 4103 1613 4156 monasterio
1651 4104 1819 4157 sancti
1850 4102 2081 4167 Martini,
2106 4106 2431 4159 monachicae
2458 4088 2459 4091 η

868 4190 995 4243 vitae
1040 4198 1094 4243 et
1132 4190 1393 4259 regularis
1444 4189 1732 4260 religionis,
1770 4194 1943 4261 primo
1973 4209 2034 4248 ex
2084 4184 2429 4250 fratribusvde

868 4277 1082 4343 Gothia,
1114 4280 1205 4333 ubi
1258 4280 1573 4334 Benedictus
1622 4282 1757 4335 abba
1809 4282 2105 4351 regularem
2154 4286 2432 4340 constituit

870 4368 1060 4420 vitam.
1091 4366 1161 4419 At
1182 4382 1344 4431 nunc,
1388 4368 1597 4423 volente
1626 4370 1754 4433 Deo,
1795 4370 1958 4439 aliqui
1987 4372 2208 4425 veniunt
2247 4381 2430 4426 sancta

873 4469 932 4509 se
975 4454 1255 4540 devotione
1299 4456 1710 4528 mancipantes].
1754 4456 1871 4512 Non
1898 4466 1982 4513 est
2026 4444 2431 4515 claudicandum

2526 3384 2572 3435 si
2617 3399 2725 3437 non
2774 3384 2876 3437 iste
2911 3399 3101 3438 cursor
3136 3400 3203 3439 ex
3232 3394 3411 3439 vestro
3447 3386 3692 3441 mandato
3716 3388 3972 3443 velociter
4001 3405 4082 3444 reo

2524 3478 2734 3525 vertere
2765 3472 3069 3537 habuisset;
3099 3480 3276 3525 tamen
3298 3488 3365 3527 ex
3402 3474 3486 3527 his
3523 3475 3858 3543 paucissimis
3892 3476 4085 3532 litteris

2526 3560 2803 3613 charitatis
2831 3570 3026 3615 nostra:
3071 3562 3318 3617 ardorem
3358 3563 3413 3616 in
3447 3577 3543 3617 vos
3576 3578 3864 3633 agnoscere
3884 3567 4087 3635 poterio

2526 3648 2637 3720 tis].
2666 3649 2853 3701 Divina
2876 3664 2970 3703 vos
2994 3651 3163 3719 gratia
3192 3652 3475 3704 comitetur
3497 3651 3709 3722 ubique,
3746 3653 3956 3707 domine
3980 3653 4083 3707 Pa-

2528 3746 2609 3790 ter
2631 3745 2685 3789 et
2706 3736 3047 3791 dilectissime
3066 3738 3238 3792 amice
3271 3748 3316 3790 ο.

2598 3834 2853 3906 [Obsecro
2882 3835 3234 3888 humilitatem
3271 3844 3523 3891 vestram
3544 3845 3601 3891 ut
3633 3852 3750 3893 meo
3780 3838 3953 3895 ofﬁcio
3984 3839 4088 3893 Pa-

2527 3930 2664 3997 trem
2694 3923 3064 3977 charissimum
3090 3924 3109 3963 ί
3141 3925 3311 3978 Aelim
3361 3928 3663 3995 episcopum
3703 3928 3921 3993 salutes,
3961 3945 4086 3985 cum

2528 4013 2737 4066 caeteris
2771 4010 3044 4075 fratribus,
3070 4022 3124 4067 et
3144 4015 3610 4071 consacerdotibus
3638 4019 3934 4074 sanctitatis
3959 4028 4083 4074 tum.

2530 4100 2787 4157 Similiter
2799 4110 2852 4155 et
2866 4101 3174 4157 Remedium
3191 4104 3405 4159 decurio
3419 4104 3505 4177 [de
3525 4107 3695 4179 curia]
3713 4109 3863 4164 nobis
3884 4110 4086 4164 charis-

2531 4189 2723 4243 simum
2754 4190 3068 4261 ﬁdelemque
3110 4195 3339 4249 amicum
3373 4196 3587 4267 saluta].
3654 4198 3720 4251 Et
3743 4199 3787 4257 si
3811 4200 3902 4255 tibi
3924 4216 4087 4256 causa

2512 4278 2807 4360 eveniat?
2822 4270 3506 4358 Paulinum‘patriarcham]
3529 4287 3757 4351 videndi,
3774 4288 4084 4345 aalutaeum

2532 4368 2675 4421 mille
2689 4368 2899 4423 millies.
2926 4370 3185 4427 Libellum
3198 4389 3327 4429 vero
3340 4375 3615 4433 catholica!
3629 4374 3748 4430 ﬁdei
3761 4392 3920 4446 quem
3934 4377 4085 4433 dom-

2534 4479 2603 4519 no
2617 4466 2729 4535 regi
2740 4465 2951 4529 direxit,
2982 4467 3338 4539 perlegebam.
3353 4477 3408 4524 et
3419 4470 3550 4525 satis
3564 4470 3693 4526 mihi
3708 4470 3908 4541 placuit
3919 4473 3973 4526 in
3986 4472 4087 4527 elo-

944 4596 976 4670 ξ
994 4582 1321 4670 ειῇνξοτξίζῖι
1343 4584 1587 4670 90:45th-
1629 4583 1730 4651 Ωιιί
1753 4601 1892 4641 ³1³ηο
1916 4586 2082 4656 ιπίοτί
2103 4584 2428 4654 defecerant.
2458 4602 2514 4663 Β
2536 4592 2795 4670 ειηῼποιο
2820 4596 3048 4670 Turonis
3074 4608 3262 4670 agente
3306 4599 3511 4655 litteras
3536 4600 3786 4669 obtinuit,
3821 4610 3881 4657 ut
3904 4602 4087 4658 liceret

758 4640 761 4643 ’
873 4661 935 4706 ιιι
958 4652 1175 4708 annales
1204 4640 1461 4707 refer'unt.

944 4721 973 4794 ὶξ
1005 4718 1235 4794 fugante
1276 4738 1458 4794 naves;
1491 4720 1913 4794 Normannorum
1960 4734 2118 4794 puto,
2164 4725 2256 4794 qui
2299 4735 2435 4781 teste

875 4788 1180 4910 Fflnbai'do
1201 4791 1255 4844 in
1278 4790 1401 4851 Vita
1420 4789 1599 4871 Caroli
1634 4810 1652 4840 ι
1679 4791 1943 4845 Gallicum
1960 4788 2119 4851 littus
2138 4788 2198 4847 ei
2215 4792 2438 4880 Germa-

876 4871 911 4910 n
933 4871 1055 4910 cum
1088 4859 1297 4910 assidua
1320 4868 1623 4910 vastatione
1647 4859 1956 4910 vastabant:
1996 4870 2321 4910 nuanronmr
2340 4866 2436 4910 La.

876 4859 1055 4931 nicum
1088 4859 1297 4912 assidua
1320 4860 1623 4913 vastatione
1647 4859 1956 4931 vastabant;
1996 4870 2321 4931 quapropter
2340 4865 2436 4916 Ca-

876 4924 1022 4980 rolus
1048 4938 1144 4994 per
1166 4938 1352 4994 omnes
1370 4938 1557 4994 portus
1574 4935 1630 4981 et
1655 4927 1791 4982 ostia
1815 4924 2122 4993 fluminum,
2144 4924 2249 4994 qua
2274 4944 2437 4988 naves

878 4992 1229 5069 recipi'posse
1248 4992 1582 5069 videbantur,
1606 4994 2004 5069 stationibuset
2029 4992 2269 5069 excubiis
2296 5002 2438 5069 posi-

875 5064 965 5138 tis,
994 5063 1061 5138 ne
1082 5078 1187 5138 qua
1218 5063 1385 5118 hostis
1410 5066 1557 5119 exire
1579 5066 1856 5138 potuisset,
1877 5066 1969 5121 tali
1998 5063 2435 5138 munitione'pro-

876 5130 1070 5201 bibuit.
1099 5130 1336 5201 Classem
1368 5130 1813 5201 quoque'molitus
1835 5144 1918 5189 est
1943 5145 2126 5190 contra
2154 5130 2439 5193 Nortman-

878 5199 1055 5256 nicum
1081 5200 1297 5265 bellum,
1319 5199 1424 5254 etc.
1462 5220 1480 5252 ι
1496 5199 1652 5267 Quod
1673 5203 1903 5260 Annales
1930 5204 1996 5258 ad
2021 5206 2146 5260 anni
2162 5205 2267 5261 800
2290 5221 2440 5263 men-

880 5278 996 5323 sem
1017 5268 1264 5323 lanium
1291 5268 1548 5324 referunt.

952 5346 976 5417 ξ
1008 5335 1175 5417 Prope
1195 5339 1487 5417 enitentis
1517 5341 1763 5417 terminis
1775 5359 2115 5414 paganorum.
2146 5342 2438 5417 ρπβ-ευρ

881 5404 984 5461 fuit
1022 5404 1265 5487 epistola.
1292 5408 1357 5487 ad
1399 5408 1668 5487 Annonem
1706 5404 2097 5487 Elnonaaunon
2143 5404 2441 5487 Saligbﬁg‘i

882 5482 1178 5530 morantem
1203 5491 1218 5538 ;
1249 5476 1374 5531 huic
1395 5480 1539 5533 enim
1565 5493 1595 5531 a
1617 5476 1937 5535 Normannis
1954 5480 2134 5537 littora
2157 5480 2360 5537 Gallica"
2387 5476 2442 5539 Et

880 5543 1601 5617 Germanicainfestantibus
1620 5547 1819 5617 nullum
1842 5550 2134 5617 periculum
2162 5551 2440 5606 imminere

881 5612 1244 5737 εἶιὶξίιὲδνὶἁ.
1273 5612 1489 5671 Hausit.
1520 5628 1648 5673 tom.
1684 5613 1729 5670 ll
1753 5612 1934 5672 Germ.
1973 5618 2125 5676 Sacr.
2165 5633 2291 5693 pag.
2316 5620 2436 5685 H3,

1021 5748 1235 5831 [valgiter
1260 5750 1703 5831 congregationem
1740 5756 2035 5831 ηις-Μαιη-
2062 5756 2183 5831 feci.
2203 5758 2439 5831 Corma-

886 5822 984 5871 rici
1009 5822 1297 5886 nimirum;
1338 5822 1459 5877 hoc
1476 5823 1616 5878 enim
1643 5822 1783 5878 anno
1810 5823 1985 5881 Nonas
2007 5822 2148 5881 Junii
2189 5828 2443 5884 Alcuinus

2535 4663 2635 4717 sibi
2663 4666 2950 4721 monachos
2984 4663 3177 4723 ibidém
3211 4670 3550 4725 constituere.
3587 4664 3704 4725 Vid.
3750 4663 3843 4725 eas
3884 4671 4086 4727 litteras

2536 4732 2743 4805 toni._ll
2771 4735 2824 4789 in
2848 4735 3091 4805 Append.
3484 4804 3487 4805 ν
3562 4784 3565 4785 ν

2610 4813 2633 4841 ο
2664 4801 2721 4857 ln
2763 4801 3087 4877 θρὰ.ίώρῴ
3113 4805 3439 4877 Emmeram.
3479 4804 3553 4877 ita
3582 4806 3635 4877 in
3667 4815 3917 4877 contextu
3964 4823 4083 4877 per-

2536 4870 2679 4941 gitur
2720 4888 2733 4923 :
2769 4869 2836 4926 Et
2868 4874 2914 4926 si
2943 4873 3037 4926 tibi
3079 4890 3239 4927 causa
3272 4873 3469 4928 saeuiat
3508 4874 3710 4929 videndi
3737 4869 4085 4929 amicam'ao-

2535 4944 2725 5003 atrum,
2748 4939 2921 4994 saluta
2940 4956 3055 4994 eam
3082 4940 3224 4995 mille
3250 4939 3455 4998 millies.
3482 4941 3753 5008 Libellum,
3775 4953 3904 5009 etc.,
3930 4954 3991 5000 ut
4010 4947 4083 4998 in.

2538 5015 2645 5113 um"
2680 5076 2843 5152 Aelim.
2867 5078 3176 5152 φρίκορνηι-
3211 5080 3268 5152 ιε
3291 5088 3377 5152 es!
3418 5077 3529 5152 abs-
3547 5077 3708 5152 dapis
3734 5081 3951 5152 Alis-nt.
3972 5082 4082 5152 φρί-

2537 5160 2729 5218 scqpus
2757 5144 3100 5218 sabionensis
3117 5163 3209 5218 seu
3234 5147 3580 5218 Brixinensis.
3610 5144 3724 5205 Vid.
3750 5149 3903 5218 epist.
3928 5144 4017 5218 Ol.

2685 5214 2966 5296 ιξιιιιιίειιιηι
3004 5216 3353 5296 patriarchas;
3380 5214 3803 5296 Aquileiepseym
3822 5216 3953 5296 Hinc
3977 5217 4080 5285 jam

2572 5289 2682 5355 atet
2710 5283 3109 5355 “quinum-hic
3135 5284 3277 5355 loqui
3313 5286 3385 5355 de
3396 5283 3579 5355 Libris
3605 5285 3806 5355 Paulini
3833 5283 4084 5343 adversus

2560 5350 2767 5427 felicem
2797 5348 3570 5427 Urgellitanum.'ﬂa'billonius
3594 5349 3827 5427 libellum
3848 5395 3865 5422 .
3893 5357 3957 5413 de
3981 5371 4083 5427 ειυο

2538 5418 2629 5476 hic
2654 5418 3057 5495 mentio_iit,_es
3072 5420 3395 5491 conjectura.
3416 5438 3537 5479 cum
3557 5425 3614 5495 in
3832 5418 3938 5495 quo
3960 5418 4084 5495 usus

2538 5496 2621 5572 εει
2638 5494 2833 5572 99m?“
2854 5488 3059 5572 Ρίυιίυὲ
3091 5488 3405 5572 Wa
3427 5508 3541 5572 “0'1
3561 5488 3871 5572 ιιέδβηωτῖ
3905 5494 4086 5572 WE!“

2540 5556 2870 5645 iam»:
2894 5556 3201 5645 Tremens,
3215 5560 3483 5645 ενίκρρίξ
3508 5558 3613 5619 θαι
3628 5556 3714 5617 τί*
3957 5562 4087 5640 ﬂia.-

2539 5636 2829 5751 ῗῗιὶἰξτῗὲΐο
2846 5629 4086 5757 ῗεῗίιῖίὲἔὲῧὲὢῗΐῖιειῗ.⁰ῗιῗη⁷ἐὼιὲιιῗὲἕ

2542 5765 2793 5902 3ξὲηὲυὸ
2856 5775 3043 5822 auctor
3096 5766 3233 5822 Hist.
3287 5766 3391 5823 Lit.
3465 5768 3746 5833 Francia,
3802 5777 3935 5825 tom.
3992 5768 4081 5825 IV.
