4400 6426
721 403 816 459 35!

717 515 930 586 pigrum
958 481 1142 576 ,elllcit.
1171 509 1246 564 De
1275 510 1455 578 pueris
1478 522 1604 562 vero
1626 508 1851 571 nostris,
1881 521 2015 575 quos
2056 506 2281 576 pedibus
2309 509 2355 564 Α

721 601 961 672 paternis
969 601 1192 656 Romam
1211 611 1432 668 pergere
1447 597 1708 666 praecipis,
1727 596 1882 650 velim
1897 597 2033 650 scire
2044 597 2275 663 quando,

721 693 804 749 vel
839 692 962 756 ubi,
999 689 1083 745 vel
1106 689 1300 758 quibus
1335 687 1714 743 comitantibus
1742 695 1936 742 vestrae
1965 686 2278 740 beatitudini

721 793 1004 836 occurrere
1037 778 1280 832 debeant.
1310 775 1385 830 De
1423 775 1695 842 quibusin
1721 782 1913 830 vestras
1951 774 2280 830 excellentia

723 866 913 922 litteris
935 865 1190 934 scriptum
1219 863 1516 918 invenimus
1548 878 1563 915 :
1597 879 1618 913 ι
1649 861 1748 929 Qui
1787 870 1860 927 te,
1900 863 2096 932 inquis,
2124 862 2277 930 quie-

727 961 929 1018 scente,
949 968 1047 1023 pro
1073 960 1122 1007 te
1143 960 1232 1006 tua
1257 964 1480 1005 munera
1506 949 1642 1004 inire
1662 949 1852 1004 valent.
1889 969 1908 1002 ι
1940 950 2133 1010 Fateor
2156 950 2279 1018 qui-

636 1095 640 1098 .
727 1045 868 1109 dem,
893 1044 1044 1099 vobis
1057 1042 1367 1110 jubentibus
1385 1047 1440 1094 et
1457 1039 1785 1108 iuvantibus,
1810 1040 2009 1095 laboris
2035 1041 2138 1095 mei
2158 1055 2280 1110 pos-

727 1140 852 1188 sunt
879 1133 1012 1186 inire
1051 1130 1319 1186 sudorem.
1353 1128 1569 1182 Munera
1605 1143 1732 1182 vero
1758 1143 1873 1196 mea
1917 1128 2022 1183 illis
2053 1129 2280 1184 necdum

722 1220 976 1282 concedo,
1000 1233 1120 1288 qua:
1138 1227 1317 1271 vestra
1336 1215 1642 1286 frequenter
1663 1215 1910 1285 largitate
1935 1217 2175 1286 accipere
2195 1230 2282 1270 so-

726 1310 921 1366 lebam.
954 1308 1086 1362 Nam
1111 1315 1166 1361 et
1193 1306 1418 1375 Moyses,
1448 1319 1606 1374 quem
1637 1306 1790 1362 nobis
1818 1306 1967 1374 quasi
2003 1307 2068 1360 ad
2095 1320 2281 1361 exem-

725 1399 866 1470 plum
888 1397 1200 1468 proponitis,
1229 1409 1406 1465 pugna
1433 1403 1649 1463 peracta
1669 1403 1725 1448 et
1745 1394 2049 1449 Amalecitis
2068 1393 2276 1466 fugatis,

723 1491 953 1558 praedam
982 1489 1253 1544 reductam
1278 1486 1390 1554 ipse
1411 1483 1603 1554 populo
1626 1485 1898 1540 distribuit
1918 1484 2118 1556 (Exod.
2147 1500 2278 1548 xm,

729 1577 837 1649 l3).
862 1576 1141 1640 EtDavid,
1173 1573 1326 1644 Syria
1346 1587 1442 1642 per
1460 1569 1594 1626 Joab
1617 1573 1914 1643 principem
1935 1573 2138 1627 militia:
2158 1574 2284 1628 sub-

719 1664 884 1732 jecta,
911 1679 1104 1724 aurum
1129 1670 1186 1717 et
1205 1675 1443 1733 gemmas
1463 1661 1876 1730 pretiosissimas
1899 1661 1966 1717 ad
1987 1661 2168 1729 templi
2192 1662 2285 1715 de-

725 1754 924 1808 dicavit
947 1761 1194 1808 ornatum
1228 1751 1315 1827 (II
1350 1753 1479 1825 Reg.
1509 1769 1626 1813 vm,
1665 1751 1773 1821 il).
1804 1749 1910 1806 Sed
1933 1759 1990 1805 et
2005 1749 2282 1803 Ammoni-

727 1853 902 1896 tarum
940 1842 1085 1912 regis
1125 1819 1366 1896 diadema
1408 1819 1624 1912 proprio
1669 1819 1924 1910 imposuit
1941 1838 2122 1907 capiti,
2161 1838 2283 1893 licet
2314 1819 2356 1878 Β

724 1928 856 1984 Joab
877 1929 1091 1985 labores
1113 1930 1455 1985 sustinuisset
1480 1928 1682 1983 militia:
1711 1927 1798 2000 (οΙΙ
1820 1925 1946 1996 Reg.
1979 1941 2076 1989 xu,
2099 1925 2210 1996 30).

795 2019 900 2075 Sed
930 2027 983 2074 et
1006 2020 1071 2075 de
1106 2020 1239 2080 hoc,
1267 2020 1410 2088 quod
1435 2018 1566 2078 mihi
1613 2018 1974 2086 improperare
1998 2014 2243 2070 voluistis
2264 2056 2280 2080 ,

729 2125 813 2162 mc
839 2109 986 2162 fumo
1008 2107 1282 2163 sordentia
1318 2106 1650 2161 Turonorum
1677 2112 1819 2160 tecta
1854 2104 2058 2159 auratis
2083 2102 2282 2159 Roma-

729 2211 918 2248 norum
944 2195 1155 2250 arcibus
1182 2208 1513 2265 praeponere,
1538 2193 1654 2249 scio
1681 2201 1915 2247 vestram
1941 2192 2285 2263 legisse‘pru-

727 2284 957 2336 dentiam
977 2282 1369 2355 Salomonicum
1394 2281 1519 2335 illud
1541 2281 1768 2352 elogium
1796 2299 1810 2332 :
1837 2279 2024 2334 Melius
2044 2279 2185 2351 (est).
2207 2280 2287 2334 in.

727 2371 861 2438 quit,
882 2371 1054 2424 sedere
1076 2371 1130 2423 in
1151 2369 1348 2440 angulo
1360 2369 1607 2434 demotis,
1625 2384 1782 2438 quam
1801 2384 1916 2422 cum
1942 2367 2156 2423 muliere
2175 2368 2285 2422 liti-

727 2461 871 2526 giosa
899 2460 954 2511 in
974 2457 1126 2512 domo
1137 2457 1393 2510 communi
1409 2456 1708 2528 (Pramus,
1724 2456 1800 2528 9).
1815 2455 1901 2521 Et,
1925 2464 1984 2510 ut
2007 2471 2130 2512 eum
2155 2471 2287 2527 Pace

729 2546 1094 2617 dicam,magis
1106 2543 1302 2601 ferrum
1318 2553 1473 2601 nocet
1484 2545 1673 2610 oculis,
1686 2560 1847 2620 quam
1860 2543 2288 2601 fumus.1‘uronis

728 2634 870 2688 cnim
907 2631 1129 2688 fumosis
1157 2633 1313 2715 tectis
1335 2640 1605 2698 contenta,
1637 2632 1748 2686 Deo
1775 2632 2038 2699 donante,
2074 2647 2173 2702 per
2197 2647 2290 2686 ve-

732 2733 857 2795 stra:
879 2723 1135 2778 bonitatis
1154 2711 1544 2791 providentiam
1567 2720 1620 2776 in
1646 2735 1779 2790 pace
1797 2728 2093 2790 permanet.
2119 2719 2286 2774 Roma

734 2826 867 2866 vero
910 2827 1030 2882 qua:
1072 2809 1306 2866 fraterna
1350 2809 1618 2866 discordia
1663 2809 1870 2864 initiata
1913 2815 2032 2873 est,
2069 2808 2286 2872 insitum

731 2903 1078 2957 dissensionis
1113 2915 1370 2956 venenum
1401 2902 1674 2970 hucusque
1715 2907 1899 2956 tenere
1925 2912 2032 2960 non
2060 2905 2238 2953 cessat
2269 2911 2286 2950 :

735 3004 1032 3064 vestraeque
1059 2995 1374 3048 venerandae
1392 2993 1664 3065 dignitatis
1693 2993 1981 3063 potentiam
1999 3032 2015 3059 ,
2041 2993 2109 3047 ad
2130 2989 2290 3060 hujus

735 3086 901 3154 pestis
927 3085 1363 3152 compescendam
1391 3084 1699 3152 perniciem,
1729 3098 1761 3137 e
1787 3083 2030 3138 dulcibus
2059 3082 2285 3154 Germa-

1591 399 1646 452 B.
1691 398 1749 451 ιε’.
1793 398 2009 452 ALBl-Nl
2046 398 2174 453 SEU
2212 394 2483 451 ALCUINI
2530 392 2804 447 OPERUM
2846 392 3019 462 PARS
3057 392 3094 444 I.

2893 501 2917 539 ι)
2943 496 3264 552 EPISTOLA
3299 495 3411 553 CX.

2676 605 2740 643 ιο
2757 604 2995 642 λιιβλτεε
3018 602 3085 640 ΕΤ
3118 601 3383 642 ΙΟΝᾹΩΒΟΞ
3405 599 3636 642 σοπηπ.

2980 686 3154 754 (Anno
3179 683 3327 754 800.)

2377 793 2623 848 Errorem
2638 795 3038 863 Adoptianorum
3054 791 3368 862 capit,~q'uem
3379 791 3630 863 singulari
3644 790 3827 844 libello
3848 807 3955 859 per

2447 864 2650 916 beatum
2673 862 3004 916 Benedictum
3027 864 3201 924 misso,
3226 879 3278 914 se
3291 863 3406 930 jam
3432 862 3701 929 refutatu,
3723 870 3769 912 et
3801 876 3952 912 nutu:

2446 932 2636 1000 majori
2662 947 2812 1000 apete
2835 948 2867 983 a
2891 947 2944 983 se
2967 931 3295 998 refutandum
3316 933 3408 982 ait.

2445 1038 2671 1092 Albinus
2696 1037 2912 1092 humilis
2941 1037 3143 1091 Christi
3174 1035 3400 1090 famulus
3425 1044 3477 1089 et
3502 1035 3741 1090 serviens
3761 1035 3951 1088 sancti

2379 1127 2624 1192 Martini,
2653 1129 2902 1184 omnibus
2937 1127 3238 1191 abbatibus,
3287 1124 3538 1180 fratribus
3573 1135 3628 1180 et
3668 1125 3816 1186 filiis,
3849 1124 3951 1192 qui

2379 1227 2507 1271 sunt
2530 1227 2550 1255 ε
2573 1215 2780 1272 Gothiae
2796 1217 3037 1284 partibus
3057 1215 3111 1269 in
3131 1214 3341 1269 Christo
3359 1202 3708 1277 charissimis,
3721 1222 3954 1266 a-ternz

2378 1305 2724 1369 beatitudinis
2747 1305 2989 1359 salutem.

2447 1394 2693 1464 Acceptis
2734 1393 3054 1450 dulcissimis
3097 1401 3302 1446 vestrae.
3344 1390 3684 1447 beatitudinis
3718 1391 3948 1452 litteris,

2380 1482 2537 1538 simul
2580 1490 2635 1536 et
2681 1483 3012 1538 suavissimis
3057 1481 3384 1549 nimiumque
3429 1480 3579 1535 nobis
3616 1479 3953 1534 necessariis

2381 1579 2684 1627 sanctarum
2729 1571 3032 1626 orationum
3085 1579 3384 1625 vestrarum
3429 1570 3765 1632 muneribus,
3813 1585 3949 1624 cunt

2381 1659 2527 1714 omni
2553 1661 2747 1730 gaudio
2770 1668 2825 1716 et
2864 1661 3057 1715 mentis
3097 1660 3394 1725 alacritate,
3417 1667 3471 1714 et
3515 1673 3761 1729 magnam
3813 1672 3950 1712 vere

2383 1751 2586 1806 habens
2619 1749 2865 1805 ﬁduciam
2891 1765 2989 1820 per
3025 1757 3232 1804 vestras
3255 1748 3638 1804 sacratissimas
3678 1748 3952 1801 interces—

2383 1840 2559 1895 siones
2583 1840 2652 1894 ad
2689 1836 2869 1895 Iesum
2911 1828 3004 1894 Dei
3034 1841 3244 1904 Filium,
3275 1841 3364 1908 qui
3410 1854 3506 1908 pro
3537 1840 3718 1894 mundi
3763 1839 3951 1894 salute

2385 1929 2544 1983 homo
2565 1928 2810 1998 dignatus
2836 1936 2918 1982 est
2945 1928 3060 1982 ﬁeri
3085 1947 3097 1982 :
3130 1929 3203 1982 ita
3232 1929 3403 1997 utqui
3439 1927 3580 1984 Deus
3612 1928 3953 1982 eternaliter

2354 2031 2356 2034 '
2383 2032 2450 2072 ex
2475 2016 2636 2072 Patre
2671 2023 2828 2071 natus
2849 2024 2959 2081 est,
2996 2018 3361 2087 temporaliter
3387 2026 3693 2073 nasceretur
3727 2033 3793 2073 ex
3823 2019 3950 2082 vir-

2386 2107 2526 2177 gine,
2555 2116 2610 2160 et
2637 2104 2776 2162 idem
2801 2114 2941 2162 esset
2978 2107 3138 2162 homo
3162 2107 3249 2177 qui
3276 2115 3329 2160 et
3356 2107 3522 2172 Deus;
3551 2115 3605 2162 et
3631 2107 3770 2161 idem
3799 2107 3950 2162 Deus

2389 2196 2478 2264 qui
2498 2204 2557 2250 et
2582 2196 2768 2262 homo;
2796 2205 2852 2250 et
2874 2211 2982 2250 non
3003 2203 3143 2251 esset
3165 2195 3270 2249 ulla
3294 2195 3560 2265 separatio
3589 2209 3832 2263 personae
3859 2195 3948 2248 vel

2388 2285 2644 2352 dlictatis,
2685 2302 2754 2342 ne
2776 2295 2956 2342 essent
2981 2286 3086 2342 duo
3109 2285 3249 2350 Filii,
3277 2299 3413 2356 unus
3443 2285 3693 2354 proprius
3717 2293 3772 2339 et
3803 2285 3949 2339 alter

2381 2375 2699 2443 adoptivus;
2729 2382 2821 2429 aut
2863 2375 2967 2430 duo
3000 2365 3116 2440 Dii,
3161 2388 3299 2429 unus
3326 2388 3486 2429 verus
3529 2373 3763 2428 Deus'et
3804 2373 3949 2427 alter

2388 2464 2771 2532 nuncupativus
2796 2464 2978 2532 :-quod
3017 2463 3234 2518 omnino
3260 2463 3476 2532 impium
3517 2470 3601 2516 est
3631 2461 3854 2516 credere
3887 2469 3948 2516 et

2384 2552 2694 2621 praedicare.
2724 2551 2858 2619 Quia
2888 2552 2980 2606 Dei
3023 2551 3191 2605 Filius
3232 2549 3285 2604 in
3318 2551 3639 2620 proprietate
3676 2565 3943 2622 persona,

2385 2649 2440 2694 et
2480 2640 2599 2695 Filii
2630 2641 2903 2710 dignitatis
2941 2639 3182 2694 adunivit
3221 2639 3323 2693 sibi
3367 2638 3663 2701 hominem,
3697 2647 3758 2691 ut
3798 2640 3945 2692 esset

2387 2745 2523 2785 unus
2543 2729 2807 2794 Christus,
2831 2739 2887 2784 et
2913 2745 3051 2784 unus
3073 2728 3233 2792 Deus,
3256 2736 3312 2782 et
3334 2742 3472 2781 unus
3505 2726 3598 2780 Dei
3637 2725 3827 2788 Filius,
3860 2735 3953 2779 to—

2388 2828 2474 2876 tus
2497 2820 2549 2874 in
2570 2820 2700 2883 suis,
2727 2828 2782 2875 et
2809 2828 2953 2875 totus
2980 2819 3035 2874 in
3062 2818 3278 2881 nostris,
3303 2815 3567 2886 perfectus
3588 2814 3641 2869 in
3665 2816 3945 2872 divinitate

2386 2917 2442 2964 et
2477 2908 2743 2977 perfectus
2768 2908 2821 2962 in
2849 2907 3198 2962 humanitate.
3223 2905 3373 2971 Quod
3399 2904 3578 2959 multis
3620 2904 3943 2958 testimoniis

2386 2997 2703 3068 evangelicis
2734 3006 2788 3052 et
2829 2997 3150 3066 apostolicis,
3176 2995 3259 3050 vel
3287 2998 3448 3050 etiam
3493 3003 3795 3049 sanctorum
3826 2993 3935 3048 Pa-

2390 3095 2529 3141 trum
2571 3087 2946 3158 traditionibus
2992 3086 3322 3155 comprobari
3363 3089 3564 3154 potest;
3603 3085 3740 3138 sicut
3785 3085 3839 3138 in
3871 3085 3937 3138 ll-

735 3153 836 3226 nize
871 3171 1085 3227 sedibus
1109 3169 1357 3226 festinare
1396 3169 1681 3240 compellit.
1721 3167 1829 3245 _Nos
1871 3185 2000 3225 vero
2047 3153 2298 3240 lacrimis
2322 3163 2366 3223 (ἶ
2395 3176 2534 3231 bello
2554 3191 2622 3230 ex
2647 3154 2798 3245 parte
2824 3175 3020 3231 factum
3047 3153 3149 3241 esi,
3175 3189 3330 3243 quem
3365 3153 3653 3228 δίτοιίιῃυε
3677 3187 3773 3242 ρει-
3809 3175 3940 3228 δα-

734 3260 1047 3322 absentiam,
1077 3268 1131 3312 ct
1152 3259 1402 3327 precibus
1424 3258 1528 3312 iter
1550 3242 1786 3312 vester
1814 3257 2080 3313 continuis
2103 3272 2291 3328 prosc-

737 3349 972 3419 quimur,
1013 3347 1247 3402 divinam
1273 3346 1544 3401 humiliter
1573 3347 1913 3416 obsecrantes
1934 3335 2287 3409 clementiam,

736 3445 998 3506 quatenus
1038 3451 1136 3490 vos
1171 3443 1484 3504 vestrosque
1522 3435 1712 3499 simul,
1741 3450 1863 3490 cum
1885 3437 2030 3490 omni
2075 3453 2294 3506 prospe—

733 3525 1080 3578 ritate‘sanos
1103 3523 1295 3588 ducat,
1326 3527 1382 3578 et
1412 3525 1633 3579 reducat
1658 3525 1967 3595 gaudentes.
2001 3525 2158 3603 139
2187 3528 2290 3582 Ve-

734 3620 858 3666 stra:
877 3625 1006 3666 vero
1028 3611 1244 3680 pietatis
1258 3609 1452 3669 litterzn
1474 3613 1774 3670 nullatenus
1792 3611 2067 3671 consentio
2087 3625 2146 3670 ut
2161 3618 2294 3671 obli-

733 3700 1009 3756 viscantur
1039 3701 1181 3756 mei:
1215 3701 1532 3772 sedsiepius
1553 3704 1769 3759 veniant
1810 3705 1864 3758 in
1892 3704 2080 3773 spiritu
2106 3720 2294 3760 conso-

733 3786 969 3851 lationis,
993 3796 1053 3840 ut
1074 3787 1399 3855 osculentur,
1425 3788 1618 3845 iterum
1645 3791 1944 3861 iterumque
1970 3791 2289 3862 relegantur,

735 3882 793 3927 et
838 3873 894 3927 in
941 3875 1412 3958 cordisltbesauro
1455 3867 2033 3945 perpetua‘dulcedine
2077 3895 2294 3934 conser-

736 3967 952 4014 ventur.
1440 3962 1443 3965 ’

802 4088 806 4092 ·
875 4069 1135 4142 Tempora
1157 4074 1410 4128 concedat
1437 4072 1680 4129 Christus
1711 4073 1881 4130 felicia
1911 4079 2056 4148 regni

946 4158 1113 4228 llujus
1132 4171 1186 4216 ct
1213 4163 1416 4233 aeterni,
1447 4160 1610 4218 David
1628 4173 1868 4228 amate,‘
1895 4162 2010 4218 tibi.

1464 4357 1592 4372 _

809 4519 1048 4594 χαμενὶ
1073 4537 1242 4594 tersus
1268 4519 1462 4591 (inquit
1485 4520 1587 4594 hoc
1608 4519 1723 4576 loco
1742 4522 2078 4594 Dasnagius),
2105 4529 2288 4580 desunt

739 4658 1114 4728 describuntur.
1140 4657 1252 4711 Non
1292 4658 1529 4728 advertit
1542 4657 1624 4728 vir
1647 4659 1902 4715 eruditus.
1930 4657 2160 4728 reliquos
2180 4677 2294 4716 ver-

743 4740 834 4798 sus
867 4740 896 4776 a
933 4724 1260 4798 Querectano
1293 4726 1464 4777 editos
1485 4723 1668 4798 fuisse
1711 4727 1776 4798 ad
1825 4729 2021 4781 calcem
2043 4723 2293 4798 'cpistolze

742 4793 824 4850 12,
856 4807 994 4845 nunc
1035 4791 1117 4862 96,
1146 4791 1210 4842 ad
1238 4791 1398 4858 quam
1427 4793 1589 4862 etiam
1618 4795 1804 4862 magis,
1845 4811 2002 4862 quam
2031 4791 2103 4851 ad
2135 4801 2292 4854 istam

739 4861 1005 4928 pertinere
1032 4859 1302 4930 videntur;
1330 4861 1470 4926 quod
1495 4861 1570 4930 ibi
1598 4859 1783 4930 agatur
1808 4859 1877 4917 de
1909 4865 2080 4921 reditu
2102 4867 2293 4923 Leonis

746 4930 1040 4999 adut-hem,
1065 4929 1166 4995 qui,
1183 4929 1506 4999 annogpriori
1535 4929 1773 4999 contigit.

814 4998 846 5076 ξ
873 4997 1017 5076 lianc
1041 4999 1195 5076 epist.
1249 4997 1492 5076 llaluaius
1520 4997 1699 5076 edidit;
1731 5001 1822 5076 lih‘.
1850 5017 1887 5076 -ξ
1927 5001 2288 5076 Dliscell._pag.

747 5065 1034 5136 377,_uude
1062 5067 1202 5117 illam
1219 5066 1621 5136 descripsimus
1641 5068 1814 5136 (Apud
1850 5065 2077 5125 Froben.
2110 5065 2218 5136 94⁷).

815 5143 836 5170 ε
859 5133 1058 5210 Gut/tia:
1073 5134 1534 5211 partibus.__Gothia
1559 5133 1663 5211 alio
1693 5133 1904 5211 nomine
1930 5141 2092 5193 etiam
2121 5133 2293 5211 Sépti-

745 5202 1214 5275 inanniavocatur.
1244 5202 1388 5275 Felix
1425 5202 1779 5275 Urgellitanus
1801 5208 2082 5275 episcopus
2112 5228 2130 5259 ‹
2158 5202 2292 5264 mul-

746 5271 819 5347 tis
843 5268 980 5347 apud
1016 5268 2044 5347 Septimanniampestiferumhaustum
2072 5279 2297 5347 haeresis

743 5339 1157 5402 Adoptiauorum
1185 5340 1502 5404 propinavit,
1535 5359 1554 5391 ι
1586 5347 1645 5394 ut
1669 5345 1852 5396 scribit
1873 5343 2033 5402 Jonas
2054 5345 2295 5401 Aurelia-

749 5407 924 5485 pensis
971 5405 1071 5485 lib:
1107 5421 1119 5457 ι
1149 5408 1220 5485 de
1245 5405 1586 5485 Cult.___lmag.
1633 5410 1888 5485 adversus
1911 5413 2096 5485 Claud.
2130 5405 2303 5471 Tauri

751 5476 875 5536 Qua:
905 5488 988 5526 res
1013 5475 1291 5528 Alcuinum
1322 5475 1603 5531 sollicitum
1633 5480 1838 5542 habuit,
1870 5498 1937 5535 ne
1977 5483 2064 5538 illo
2091 5500 2293 5539 veneno

718 5545 1068 5622 'inonastcria
1088 5559 1116 5622 ρ
1138 5545 1292 5622 ωπεο
1310 5544 1586 5622 Benedicto
1602 5549 1888 5603 Anianensi
1913 5566 2080 5622 nuper
2100 5558 2292 5620 partim

745 5619 942 5672 erecta,
967 5614 1157 5676 partim
1185 5611 1466 5665 reformata
1487 5615 1854 5671 'inlicerentur.
1988 5611 2002 5622 ’
2100 5611 2126 5640 ’κ

819 5678 842 5714 4
878 5677 938 5728 In
983 5679 1259 5732 libella...
1292 5699 1436 5746 quem
1462 5684 1742 5756 direximus
1767 5704 1854 5751 per
1896 5691 2096 5742 beatum
2135 5692 2294 5745 Bone-

2392 3275 2506 3320 tum
2524 3265 2558 3306 ἀ
2573 3265 2935 3329 Benedictum,
2962 3265 3112 3320 vobis
3137 3264 3382 3318 solatium
3407 3271 3461 3316 et
3485 3263 3940 3318 confirmationem

2394 3353 2515 3409 ﬁdei
2557 3354 2853 3408 catholica.
2898 3353 3001 3408 Sed
3031 3355 3086 3406 in
3130 3353 3371 3408 manibus
3402 3363 3428 3393 ο
3450 3351 3620 3420 majus
3653 3352 3808 3406 modo
3846 3352 3940 3404 ha-

2391 3445 2577 3500 bemus
2602 3459 2737 3513 opus
2761 3451 2978 3513 propter
3001 3443 3133 3498 alias
3152 3458 3358 3505 causas,
3385 3456 3502 3510 quas
3528 3442 3579 3494 in
3605 3439 3780 3494 libello
3810 3439 3832 3478 τ
3854 3455 3939 3492 ve-

2391 3533 2611 3587 nerandi
2641 3531 2834 3586 Felicis
2857 3532 3135 3601 legimus;
3162 3541 3218 3586 et
3243 3531 3392 3585 illum
3433 3529 3638 3584 volente
3666 3529 3772 3582 Deo
3792 3529 3938 3583 vobis

2389 3621 2685 3690 dirigimus,
2710 3629 2988 3689 postquam
3015 3620 3182 3676 lectus
3203 3631 3257 3676 et
3282 3619 3656 3690 comprobatus
3684 3617 3846 3671 fuerit
3871 3619 3937 3671 ab

2389 3709 2652 3778 episcopis
2700 3693 2899 3763 nostris
2945 3717 3000 3763 et
3031 3711 3056 3749 ³
3082 3710 3274 3764 domno
3318 3722 3460 3781 rege.
3513 3704 3726 3760 interim
3767 3712 3936 3758 vestra

2392 3797 2662 3852 Sanctitas
2687 3813 2785 3852 nos
2809 3797 3020 3866 adjuvet
3057 3798 3256 3854 sanctis
3287 3794 3614 3850 orationibus
3639 3793 3846 3856 vestris,
3881 3799 3937 3845 ut

2391 3883 2647 3938 Dominus
2679 3884 2821 3938 Deus
2847 3885 3051 3952 aperiat
3079 3883 3234 3940 nobis
3260 3883 3578 3954 agnitionem
3607 3879 3864 3957 veritatis,
3885 3887 3937 3934 et

2391 3974 2638 4028 ﬁduciam
2665 3975 3058 4044 praedicationis
3081 3984 3136 4030 et
3168 3975 3521 4046 constantiam
3553 3974 3608 4025 iu
3636 3971 3737 4025 llde
3759 3969 3932 4024 catho-

2390 4061 2511 4117 lica.
2535 4059 2586 4115 ll
2589 4061 2752 4116 ultum
2770 4064 2905 4116 enim
2925 4062 3054 4117 valet
3075 4064 3364 4134 deprecatio
3379 4063 3514 4132 justi
3535 4060 3736 4132 (Iacob.
3752 4073 3808 4123 v,
3828 4057 3930 4128 i6),

2389 4157 2588 4221 quanto
2612 4153 2782 4222 magis
2807 4160 2863 4207 et
2883 4152 3255 4222 plurimorum.
3887 4163 3894 4169 '

2461 4241 2618 4314 ιω
2643 4241 2766 4296 Haec
2809 4243 3028 4296 novitas
3055 4258 3246 4298 vocum
3272 4245 3329 4298 in
3352 4242 3645 4313 adoptione,
3677 4255 3934 4310 nuncupa-

2274 4328 2276 4331 ’
2360 4331 2526 4408 tione
2559 4328 2789 4396 Christi,
2817 4331 3032 4385 omnino
3076 4332 3318 4388 fidelibus
3343 4332 3588 4387 omnibus
3631 4331 3931 4385 detestanda

2312 4479 2364 4538 Ι)

736 4589 793 4662 in
829 4588 1067 4662 Editione
1096 4588 1537 4662 Quamnam-in
1577 4605 1679 4662 qua
1717 4591 1820 4662 duo
1859 4588 2060 4662 tantum
2096 4596 2291 4662 priores
2366 4612 2376 4624 '

2389 4430 2490 4484 est,
2523 4429 2577 4474 et
2614 4436 2934 4490 magnopere
2966 4423 3197 4480 cavenda
3242 4424 3354 4478 hinc
3399 4423 3589 4477 divisio
3632 4421 3687 4475 in
3728 4418 3931 4474 Christo

2391 4549 2786 4620 dicitunnﬂunc
2809 4551 3088 4616 Libellum,
3112 4553 3202 4619 qui
3235 4553 3506 4620 hucusque
3535 4550 3706 4608 latu‘it.
3726 4547 3925 4620 e_x_cod.

2393 4616 2498 4670 290
2526 4618 2654 4687 bibl.
2679 4620 2840 4687 palat.
2883 4615 3151 4675 Vaticanaé
3182 4615 3317 4674 infra
3343 4615 3584 4687 dabimus
3613 4626 3734 4672 ante
3755 4617 3930 4669 Libros

2393 4701 2467 4737 vn
2499 4685 2750 4740 adversus
2792 4688 3039 4742 Felicem.
3083 4690 3210 4742 Vide
3243 4685 3668 4742 dissertationem
3707 4695 3929 4738 nostram
3967 4707 3974 4713 η

2395 4755 2459 4824 de
2490 4755 2680 4824 haeresi
2722 4757 3160 4824 Adpptianorum.
3192 4756 3356 4810 Porro
3382 4756 3696 4810 Benedictus
3732 4761 3813 4824 est
3845 4757 3930 4806 ab-

2395 4823 2490 4875 bas
2531 4821 2854 4894 Anianensis
2880 4826 3210 4894 mentasterii,
3244 4827 3382 4894 quod
3414 4834 3583 4894 caput
3611 4833 3692 4878 est
3720 4822 3928 4875 aliorum

2396 4892 2835 4961 monasmriorum
2873 4893 3244 4961 Septima’nnire
3263 4892 3367 4948 seu
3394 4892 3618 4955 Gothiae,
3647 4905 3766 4959 quas
3801 4903 3930 4961 nunc

2396 4953 2710 5032 Languedoc‘
2724 4961 2930 5032 aAGallis
2943 4953 3261 5032 appellatur,
3280 4977 3506 5030 quocum
3526 4953 3748 5014 Διὰιὶηο
3771 4959 3928 5010 amica

2395 5019 2716 5082 consuetudo
2745 5030 2860 5083 fuit.
2983 5019 3000 5030 ’
3019 5019 3036 5032 ⁵
3250 5019 3259 5026 ’
3297 5019 3314 5030 ³
3529 5074 3531 5077 .
3561 5053 3568 5058 ι

2469 5107 2490 5132 θ
2520 5097 2694 5167 Majas
2718 5115 2862 5167 opus.
2896 5100 3110 5153 Scilicet
3143 5099 3304 5154 libros
3334 5115 3406 5152 vn
3442 5098 3692 5150 adversus
3715 5093 3927 5146 Felicem

2400 5164 2804 5270 Urgellitauui'n.
3240 5222 3242 5224 τ
3752 5174 3762 5179 ’
3788 5206 3791 5209 -

2534 5230 2820 5270 νικος-ηοξήῖ
2855 5232 3038 5270 Folia-3e
3090 5236 3212 5270 "mn
3248 5234 3579 5270 nnninnllnlin
3625 5232 3782 5270 αηιῖοἰ

2534 5231 2820 5303 Vgnerartdi
2849 5232 3056 5293 Felicis.
3090 5236 3214 5290 Hinc
3248 5234 3579 5303 compellatio
3620 5232 3784 5303 amici
3824 5240 3924 5292 est.

2397 5313 2499 5353 non
2529 5299 2838 5373 adversarii.
2869 5303 3102 5371 Epistola
3131 5305 3291 5373 igitur
3329 5299 3558 5373 praesens
3582 5302 3778 5373 scripta
3820 5311 3919 5373 esu,

2397 5370 2673 5442 Wﬁlin}!!!
2701 5369 2847 5424 Felix
2873 5368 2939 5442 ab
2960 5368 3181 5427 Alcuino
3207 5373 3259 5424 in
3284 5368 3507 5442 concilio
3522 5368 3923 5442 Aquisgraneusi

2398 5451 2538 5506 anno
2569 5438 2671 5492 799
2697 5439 2970 5495 convictus
3011 5442 3130 5503 fuit,
3166 5449 3220 5494 et
3252 5455 3370 5493 cum
3404 5440 3492 5494 illo
3518 5440 3570 5490 in
3596 5438 3815 5506 gratiam
3853 5451 3930 5488 re-

2398 5502 2512 5557 diit.
2537 5505 2693 5576 fide.
2723 5525 2840 5576 qua:
2870 5511 3099 5563 diximus
3119 5502 3176 5561 in
3205 5509 3418 5576 prmfata
3447 5502 3830 5576 dissertatione.

2473 5576 2497 5611 ⁸
2528 5572 2598 5644 Et
2618 5568 2805 5629 domito
2832 5593 2962 5644 rege.
2999 5577 3126 5632 Vide
3149 5568 3425 5644 epistolam
3454 5579 3515 5628 ad
3543 5574 3788 5628 Carolutu
3829 5568 3924 5624 Ma-

2400 5656 2556 5704 tinum
2584 5642 2756 5701 Libris
2784 5660 2855 5700 vu
2887 5642 3068 5700 contra
3101 5642 3327 5700 Felicem
3353 5645 3636 5714 pnetixam.
