4400 6468
361 625 453 677 335

1755 620 2126 675 EPISTULA}.

3437 627 3535 678 534

360 706 563 783 Domino
590 739 791 784 nostro.
824 729 1034 783 Scimus
1060 732 1189 785 duas
1218 740 1433 783 naturas
1469 729 1729 798 per-lectas
1770 744 1887 785 esse
1917 735 1960 789 Α
1991 729 2112 780 dam
2157 743 2221 779 es
2270 727 2508 796 apostolo
2560 730 2884 796 proditorem
2942 730 3156 783 factum.
3202 734 3539 790 Cutrsiderale

359 823 407 876 in
430 822 655 886 Christo,
682 831 735 875 et
771 836 929 875 unam
953 836 1232 891 personam
1258 841 1269 874 :
1302 821 1579 874 mortalem
1616 821 1887 873 immorta-

355 913 547 983 lemquc
565 912 812 966 eumdem
831 926 969 966 esse.
992 910 1141 966 Sicut
1164 913 1320 966 homo
1347 908 1585 964 mortalis
1605 916 1687 962 est
1706 923 1885 969 carne,

356 1002 658 1059 immortalis
696 1002 903 1065 anima;
955 1010 1133 1055 tamen
1167 1016 1303 1054 unus
1344 1008 1430 1054 est
1464 1000 1643 1061 homo,
1688 1008 1743 1052 et
1784 1011 1887 1049 una

352 1106 582 1161 persona,
610 1100 664 1146 et
702 1106 840 1145 unus
866 1090 1035 1167 Filius
1060 1091 1228 1160 patris
1249 1091 1333 1145 sui
1362 1097 1504 1143 totus
1548 1086 1812 1157 proprius,
1838 1095 1893 1141 et

312 1218 320 1223 -
352 1186 505 1241 dividi
526 1201 629 1240 non
646 1195 840 1256 potest,
854 1185 996 1255 quod
1009 1186 1081 1239 sit
1100 1185 1292 1253 partim
1311 1184 1695 1253 nuncnpativns
1709 1183 1886 1244 homo,

349 1286 400 1330 et
419 1276 609 1345 partim
629 1291 786 1330 verus
810 1277 968 1330 homo
991 1294 1003 1326 :
1028 1277 1099 1329 ita
1124 1283 1179 1328 et
1198 1274 1465 1335 Christus,
1486 1274 1609 1327 licet
1635 1272 1704 1326 sit
1728 1284 1889 1325 carne

352 1367 600 1429 mortalis,
629 1376 683 1422 et
709 1368 985 1421 divinitate
1013 1367 1348 1428 immortalis,
1377 1374 1552 1419 tamen
1577 1378 1713 1417 unus
1736 1361 1890 1417 Jesus

348 1457 582 1513 Christus
597 1466 655 1511 et
682 1473 820 1511 unus
842 1459 935 1512 Dei
964 1457 1161 1522 Filius;
1188 1457 1323 1513 sicut
1345 1457 1453 1511 dixi
1480 1457 1746 1511 hominem
1772 1467 1889 1509 esse

348 1562 501 1601 unum
544 1547 731 1611 lilium,
766 1548 889 1603 licet
915 1564 1085 1602 carne
1101 1549 1169 1602 sit
1197 1548 1457 1611 mortalis,
1494 1556 1549 1601 et
1589 1548 1763 1601 anima
1790 1546 1891 1599 im-

346 1634 614 1701 mortalis:
641 1644 695 1689 et
722 1636 1024 1691 nullatenus
1049 1651 1186 1690 unus
1226 1636 1411 1699 Filius,
1441 1651 1546 1690 uno
1572 1635 1748 1699 Patre,
1790 1648 1885 1703 po—

347 1730 445 1777 test
478 1737 595 1778 esse
631 1732 932 1793 utrumque,
954 1733 1010 1778 et
1041 1726 1285 1794 proprius
1328 1734 1384 1778 et
1411 1725 1708 1792 adoptivus.
1750 1722 1814 1776 Et
1842 1724 1886 1777 si

344 1818 423 1865 est
448 1826 586 1866 unus
611 1810 779 1867 Filius
818 1813 955 1867 Deus
984 1812 1231 1884 Christus
1268 1812 1318 1865 in
1344 1826 1449 1865 una
1488 1826 1736 1881 persona,
1772 1828 1889 1866 om-

343 1896 465 1954 nino
487 1906 579 1952 aut
601 1908 744 1953 totus
771 1907 854 1954 est
879 1901 1146 1970 proprius,
1176 1909 1268 1954 aut
1293 1910 1436 1954 totus
1460 1902 1759 1969 adoptivus.
1784 1899 1887 1954 Sed

1990 817 2206 869 Saulum
2236 829 2301 868 cx
2326 827 2665 883 persecutore
2706 820 3105 885 prtedicatorcm
3140 820 3405 875 effectura.
3436 823 3539 876 Me-

1989 913 2223 958 mentote
2251 904 2511 958 Malchum
2541 907 2886 969 monachum,
2930 907 3080 974 cujus
3108 909 3384 964 historiam
3414 912 3540 966 bea-

1988 1001 2074 1046 tus
2102 993 2453 1064 Hieronymus
2479 1011 2621 1049 nunc
2643 996 2807 1050 edidit
2830 990 3069 1067 epi‘stola,
3095 1002 3359 1068 quomodo
3388 1006 3537 1071 quasi

1986 1083 2200 1150 pietatis
2223 1083 2416 1137 intuitu
2439 1098 2685 1153 egressus
2707 1093 2793 1137 est
2816 1102 2845 1139 a
2870 1088 3211 1153 monasterio,
3236 1090 3542 1159 relinquens

1987 1182 2192 1239 patrem
2222 1187 2396 1237 suum,
2423 1183 2477 1228 et
2512 1175 2567 1227 in
2608 1176 2792 1243 quales
2819 1177 3059 1245 pervenit
3098 1189 3281 1246 postea
3318 1180 3542 1236 tribula-

1988 1261 2181 1325 tiones,
2229 1263 2309 1315 vel
2355 1263 2586 1331 qualiter
2629 1264 2832 1334 planxit
2877 1270 3193 1322 monachum
3242 1271 3294 1325 in
3337 1286 3537 1328 erenro.

1988 1364 2145 1416 quem
2185 1351 2411 1417 perdidit
2453 1353 2506 1405 in
2544 1355 2885 1408 monasterio.
2916 1354 3058 1411 Raro
3084 1358 3325 1414 diabolus
3360 1372 3541 1430 aperta

1988 1440 2159 1493 inmte
2188 1449 2387 1509 pugnat
2410 1452 2594 1499 contra
2639 1457 2821 1496 servos
2853 1443 2967 1508 Dei,
2994 1447 3086 1500 sed
3116 1448 3217 1501 sub
3242 1449 3411 1517 ligura
3434 1450 3545 1519 pie-

1989 1531 2134 1592 tatis,
2170 1531 2321 1600 quasi
2354 1524 2573 1599 majoris
2601 1534 2667 1586 sit
2709 1534 2951 1596 utilitatis
2990 1538 3140 1590 exire
3168 1538 3233 1592 de
3276 1549 3541 1594 monaste-

1989 1621 2070 1675 rio
2098 1635 2257 1689 quam
2282 1637 2615 1691 permanere.
2644 1623 2771 1678 Ovis
2800 1640 2918 1693 qua:
2946 1629 3009 1681 de
3035 1628 3157 1681 ovili
3188 1630 3462 1698 egreditur
3488 1639 3541 1682 et

1988 1728 2017 1765 a
2046 1722 2258 1782 pastore
2293 1716 2522 1780 recedit,
2566 1716 2672 1786 lupi
2718 1728 2862 1787 patet
2907 1722 3190 1776 morsibus.
3235 1724 3419 1779 Melius
3463 1736 3547 1779 est

1987 1817 2091 1857 non
2116 1817 2330 1867 vovere,
2355 1820 2513 1873 quam
2539 1815 2656 1861 vota
2680 1822 2784 1861 non
2812 1808 3050 1876 implere.
3072 1810 3209 1866 Dicit
3234 1811 3539 1881 Scriptura:

1998 1889 2178 1945 Vorete
2197 1901 2243 1945 et
2273 1893 2466 1946 reddite
2488 1894 2707 1947 Domino
2731 1896 2836 1949 Deo
2859 1908 3020 1951 vestro
3049 1899 3218 1967 (Psal.
3237 1917 3400 1963 uxv,
3432 1902 3539 1971 12).

344 1986 524 2051 melius
549 1996 659 2050 est,
702 1997 760 2041 ut
800 1998 1017 2059 propter
1045 1989 1187 2042 illam
1231 1990 1598 2044 excellentiam
1641 1998 1955 2059 naturam-ﬂ
1991 1979 2162 2033 Ver“
2190 1989 2271 2033 εει
2300 1980 2437 2037 Delli
2481 1982 2534 2035 in
2560 1984 3001 2052 promiSSioniblls
3038 1986 3400 2054 beatitudinis.
3427 2006 3544 2059 quae

341 2074 508 2145 μίση
533 2054 1001 2132 ειοειιεηιᾷωὐει
1026 2077 1250 2149 natura]
1297 2078 1388 2147 pei
1422 2077 1607 2140 Filius,
1633 2081 1723 2146 qui
1766 2093 1889 2146 pro.
1925 2054 1964 2111 3
1990 2068 2330 2137 diligentibus
2353 2086 2411 2125 se
2439 2072 2704 2139 promittit
2732 2074 2935 2143 (Iacob.
2955 2093 2996 2140 r,
3022 2076 3132 2147 12).
3176 2078 3241 2132 Et
3265 2094 3388 2134 vere
3410 2054 3545 2136 dicis

340 2163 483 2229 prius
503 2172 558 2217 et
583 2172 816 2219 alternus
840 2172 944 2229 est,
972 2164 1043 2219 sit
1065 2165 1369 2221 humanitas
1393 2174 1659 2235 assumpta
1686 2166 1738 2219 in
1767 2181 1887 2235 pro-

338 2250 614 2317 prietatem
642 2250 793 2317 Filii,
826 2267 987 2321 quam
1023 2261 1239 2323 propter
1271 2252 1649 2307 humanitatem
1680 2252 1772 2307 Dei
1803 2254 1888 2308 Fi-

342 2339 436 2392 lius
458 2346 688 2395 aeternus
716 2340 1022 2395 bumilietur
1045 2342 1098 2395 in
1128 2340 1484 2409 adoptionem.
1513 2339 1743 2395 Omnino
1771 2356 1890 2410 pro-

340 2426 484 2500 prius
504 2426 644 2483 illius
661 2438 716 2483 et
732 2429 1013 2498 adoptivus
1030 2443 1167 2484 unus
1186 2444 1305 2484 esse
1324 2444 1429 2484 non
1450 2438 1622 2499 potest
1642 2430 1708 2485 ad
1728 2446 1890 2486 unum

338 2524 561 2584 patrem,
576 2517 659 2587 ad
680 2520 812 2573 duos
834 2527 1012 2573 autem
1041 2525 1233 2587 potest.

407 2607 531 2665 [lac
554 2610 952 2674 considerantes
978 2609 1301 2678 diligentius,
1326 2618 1379 2664 et
1401 2610 1579 2664 animo
1603 2618 1778 2664 tenete
1798 2609 1890 2665 ﬂr-

336 2698 511 2764 miter,
536 2706 592 2753 et
615 2708 921 2754 constanter
942 2699 1228 2769 prmdicate
1251 2715 1414 2753 unum
1435 2700 1631 2757 Filium
1650 2708 1706 2755 et
1726 2715 1888 2754 unum

336 2787 523 2853 Deum,
568 2789 813 2843 eumdem
856 2789 1128 2859 proprium
1174 2796 1228 2844 et
1268 2802 1451 2844 verum
1492 2787 1891 2859 perfectumque

336 2892 486 2942 esse;
514 2878 638 2947 quia
683 2879 859 2933 omnis
885 2880 1084 2943 veritas
1126 2880 1177 2932 in
1223 2878 1436 2934 Christo
1470 2890 1557 2933 est
1590 2889 1648 2934 et
1685 2880 1890 2934 nullum

332 2967 672 3036 ﬁgmentum,
715 2974 769 3021 et
811 2974 920 3020 tota
952 2967 1216 3036 plenitudo
1244 2969 1524 3022 divinitatis
1561 2968 1790 3039 (Coloss.
1818 2986 1883 3031 rt.

332 3054 409 3124 9),
433 3062 488 3108 et
514 3054 657 3130 nulla
688 3055 972 3110 minoratio
998 3071 1096 3111 nec
1120 3057 1375 3123 deiectio;
1404 3072 1427 3098 ι
1456 3073 1555 3113 nec
1581 3073 1723 3124 eum,
1752 3060 1889 3114 sicut

331 3141 387 3196 in
418 3141 603 3217 libello
623 3141 829 3211 praefati
869 3130 1059 3198 Felicis
1094 3145 1289 3200 lectum
1317 3155 1419 3210 est,
1450 3146 1712 3215 baptismo
1746 3147 1887 3201 indi-

328 3230 527 3303 guisse,
564 3230 658 3287 sed
684 3246 804 3285 mox
834 3232 949 3286 sine
987 3243 1205 3302 peccato
1246 3242 1302 3287 et
1342 3234 1485 3287 omni
1516 3234 1633 3289 labe
1662 3235 1886 3304 peccati,

331 3318 534 3389 Spiritu
564 3326 749 3381 sancto
790 3328 1101 3389 conceptum
1128 3333 1245 3375 esse
1286 3320 1450 3374 Deum
1482 3337 1675 3397 verum
1700 3331 1754 3377 et
1785 3323 1884 3377 ho-

328 3386 526 3464 minem
570 3424 776 3463 verum.
824 3386 970 3465 Etsi
1011 3412 1169 3464 beata
1205 3412 1355 3481 virgo
1394 3386 1667 3481 proprium
1714 3414 1885 3482 potuit
1912 3386 1957 3445 ϐ

326 3514 587 3567 generare
612 3500 713 3554 sibi
759 3500 941 3563 lilium,
975 3502 1068 3569 qui
1108 3500 1205 3554 fuit
1230 3518 1295 3555 ex
1327 3512 1528 3556 (eterna
1571 3502 1665 3558 Dei
1694 3504 1880 3568 Filius,

326 3587 596 3657 quomodo
641 3603 747 3643 non
789 3590 958 3658 potuit
988 3590 1127 3643 Deus
1172 3584 1351 3645 Pater'
1377 3591 1574 3646 habere
1617 3579 1883 3647 hominem

326 3678 537 3755 Filium
556 3679 853 3749 proprium,
879 3680 970 3749 qui
1011 3695 1077 3736 ex
1107 3689 1343 3751 tempore
1374 3692 1532 3737 natus
1556 3692 1637 3738 est
1674 3698 1742 3739 ex
1775 3686 1884 3739 vir-

325 3766 483 3833 gine?
510 3766 657 3824 Unus
678 3768 896 3823 omnino
920 3776 1003 3823 est
1027 3770 1079 3823 in
1107 3777 1328 3839 utraque
1356 3779 1565 3836 natura,
1591 3772 1660 3827 ad
1682 3780 1884 3827 utrum.

326 3871 430 3926 que
472 3866 770 3928 parentem,
797 3858 1041 3914 Christus
1063 3870 1117 3913 et
1142 3860 1309 3915 Filius
1342 3861 1433 3915 Dei
1462 3862 1727 3929 proprius.
1758 3848 1885 3928 ριιω

326 3946 510 4001 omnia
537 3946 765 4017 plenius,
797 3948 1091 4017 opitulante
1114 3949 1302 4004 eodem
1336 3950 1463 4012 Deo,
1485 3936 1568 4004 Ide
1602 3966 1707 4018 quo
1730 3952 1886 4006 nobis

324 4049 509 4105 sermo
528 4045 631 4102 est,
655 4036 845 4094 lecturi
867 4038 1019 4093 eritis
1045 4038 1097 4092 in
1107 4039 1307 4093 eodem
1329 4039 1524 4103 libello,
1550 4055 1705 4107 quem
1728 4041 1885 4096 modo

324 4122 381 4179 in
411 4125 663 4181 manibus
700 4126 981 4182 habemus.
1032 4128 1258 4183 Tantum
1294 4128 1347 4182 in
1388 4128 1507 4182 ﬁdei
1539 4129 1790 4184 linuitatc
1830 4138 1887 4182 et
1930 4114 1934 4118 Α

326 4212 403 4281 nil
442 4212 1017 4285 'htesitanbeﬂSupple,
1048 4213 1280 4287 manete]
1306 4231 1318 4267 :
1348 4218 1469 4284 quia
1512 4216 1622 4269 sine
1648 4216 1751 4283 ﬁde
1781 4216 1881 4268 ini—

322 4300 568 4369 possibile
609 4310 682 4355 est
724 4300 926 4372 placere
969 4301 1102 4368 Deo,
1148 4310 1205 4355 ut
1243 4302 1529 4371 Apostolus
1570 4303 1644 4356 ait
1685 4301 1879 4372 (Hebr.

325 4408 400 4458 ιι,
428 4393 513 4463 6).
988 4396 995 4406 “

388 4480 724 4553 Charitatem
754 4478 1041 4537 fraternam
1078 4482 1459 4538 instantissime
1487 4482 1627 4537 inter
1653 4497 1745 4537 vos
1772 4497 1890 4539 ser»

322 4575 469 4634 vate,
514 4576 571 4623 et
601 4570 861 4626 unitatem
909 4572 963 4625 in
1007 4572 1152 4626 omni
1196 4570 1455 4626 catholica
1498 4581 1653 4641 pace,
1686 4580 1741 4625 et
1781 4570 1883 4625 lide

319 4664 469 4711 recta
492 4663 550 4710 et
570 4656 869 4713 humilitate
886 4672 991 4713 non
1018 4658 1159 4733 nota.
1183 4659 1249 4713 Et
1266 4658 1620 4714 obedientiam
1647 4667 1881 4714 vestram

320 4745 622 4803 secundum
668 4747 999 4816 propositum
1044 4746 1303 4817 regularis
1345 4746 1467 4801 vita
1518 4748 1663 4801 omni
1708 4748 1884 4802 studio

320 4844 559 4902 servate,
587 4843 641 4889 et
676 4836 898 4891 stabiles
928 4844 1099 4891 estote
1140 4836 1191 4889 in
1235 4836 1363 4890 locis
1392 4837 1607 4899 vestris,
1645 4837 1733 4889 ubi
1762 4852 1883 4891 vos-

318 4918 585 4995 metipsos
630 4927 849 4993 dedistis
882 4928 1017 4991 Deo;
1045 4934 1102 4991 et
1140 4926 1303 4982 nolite
1330 4927 1577 4981 deserere
1620 4937 1886 4981 monaste-

320 5012 398 5066 ria
447 5020 652 5077 vestra,
677 5020 743 5065 et
773 5014 955 5081 vagari
983 5029 1079 5082 per
1105 5016 1287 5073 seculi
1335 5017 1617 5093 vanitates.
1656 5015 1887 5093 Tempus

318 5100 465 5154 enim
499 5098 661 5166 hujus
702 5101 823 5155 vita:
849 5101 1011 5155 breve
1050 5101 1235 5176 est-.(I
1262 5101 1382 5156 Cor.
1406 5119 1485 5157 vn
1508 5091 1663 5173 .129),
1684 5091 1738 5158 et
1783 5121 1885 5159 non

316 5199 439 5244 sunt
465 5190 743 5259 condigna
771 5190 1036 5259 passiones
1075 5190 1229 5259 hujus
1254 5191 1429 5244 δωρειιί
1454 5191 1521 5244 ad
1557 5202 1886 5259 supernatu-

320 5293 435 5354 ram
460 5276 689 5353 gloriam
719 5275 892 5348 (Rom.
916 5293 1033 5343 vrri,
1065 5278 1172 5348 l8).
1211 5277 1329 5332 Non
1363 5278 1519 5332 debet
1548 5286 1737 5333 vestra:
1763 5280 1886 5333 bea-

320 5365 545 5432 titudini
578 5365 776 5424 Christi
800 5365 987 5436 jugum
1011 5367 1201 5422 durum
1248 5367 1411 5421 videri
1455 5367 1536 5421 vel
1578 5381 1881 5429 onerosum,

320 5456 413 5507 sed
443 5454 567 5509 leve
592 5462 647 5508 et
671 5470 852 5519 suave,
877 5457 1012 5510 sicut
1045 5455 1157 5525 ipse
1181 5457 1285 5519 ait;
1322 5458 1514 5526 Iugum
1544 5458 1676 5508 enim
1720 5472 1886 5508 meum

318 5560 477 5605 επακ
512 5554 622 5609 at,
651 5553 698 5597 et
739 5563 867 5611 unus
912 5564 1081 5602 meum
1123 5544 1227 5601 leve
1274 5556 1347 5600 est
1397 5547 1620 5616 (Matth.
1649 5560 1738 5605 tr.
1772 5548 1883 5613 50).

320 5632 437 5687 Non
466 5635 567 5704 qui
608 5635 839 5705 ceperit,
864 5638 959 5692 sed
981 5638 1073 5707 qui
1114 5636 1555 5706 perseveramit,
1581 5649 1759 5691 sums
1784 5637 1889 5705 erit

322 5718 543 5791 (Martii.
563 5736 622 5789 ι,
649 5722 748 5790 22;
778 5732 833 5780 et
855 5726 1137 5799 ιιινΛὸ).
1166 5723 1429 5781 Revocate
1450 5724 1519 5781 ad
1548 5736 1778 5784 mentem
1804 5724 1889 5781 Ju-

392 5888 419 5949 ξ
450 5877 569 5949 Nec
598 5894 794 5949 eum...
826 5876 1075 5949 baptismo
1102 5846 1606 5949 indiguisse.’Hunc
1649 5899 1887 5937 errorem

320 5946 523 6001 refutat
549 5948 804 6001 Alcuinus
832 5946 990 6001 Libro
1026 5964 1060 6001 ll
1091 5946 1343 6003 adversus
1372 5953 1632 6005 eumdem.

1990 2157 2207 2228 {Sensus
2245 2160 2539 2233 corruptus]
2574 2177 2588 2215 :
2623 2161 2825 2218 Reddet
2858 2167 3119 2233 promissa
3147 2169 3408 2224 veritatis.
3440 2170 3547 2226 Me-

1989 2256 2221 2303 mentote
2249 2247 2559 2317 Apostolnm
2586 2251 2879 2306 dicentem:
2908 2252 3141 2319 Fratres,
3161 2258 3369 2311 stabiles
3390 2268 3547 2312 estote

1986 2342 2033 2383 et
2064 2334 2346 2388 immobiles
2393 2334 2458 2404 (1
2499 2335 2621 2391 Cor.
2648 2354 2735 2403 xv,
2760 2339 2873 2411 58).
2907 2341 2973 2395 Et
3002 2343 3232 2398 iterum:
3269 2344 3371 2410 Qui
3408 2356 3545 2407 stat,

1986 2423 2181 2488 videat,
2228 2442 2290 2477 ne
2339 2426 2493 2479 cadat
2541 2426 2593 2497 (1
2635 2426 2757 2482 Cor.
2801 2446 2862 2492 x,
2896 2432 3003 2501 12).
3056 2431 3245 2488 Stabat
3290 2433 3546 2499 Joannes.

1985 2515 2197 2582 quando
2221 2514 2491 2570 Christum
2527 2518 2799 2574 cernebat.
2826 2520 2967 2586 Ideo,
2997 2520 3194 2578 fratres
3220 2525 3543 2590 cbarissimi,

1986 2602 2190 2672 vigilate
2211 2613 2257 2657 et
2284 2613 2414 2658 state
2437 2607 2493 2659 iu
2518 2606 2641 2674 ﬁde,
2674 2608 2893 2662 viriliter
2914 2612 3048 2680 agite
3070 2610 3123 2681 (ι
3146 2610 3265 2666 Cor.
3295 2630 3402 2677 xvi,
3438 2615 3544 2683 l5),

1984 2699 2040 2745 et
2066 2692 2395 2747 confortetur
2422 2709 2517 2749 cor
2553 2705 2791 2750 vestrum
2826 2698 2879 2751 in
2905 2699 3052 2752 omni
3098 2714 3259 2769 opere
3290 2702 3449 2757 bono.
3484 2704 3547 2758 Et

1984 2781 2263 2837 Psalmista
2287 2798 2303 2837 :
2339 2776 2594 2856 Exspecta
2621 2786 2920 2852 Dominum,
2952 2790 3169 2844 viriliter
3196 2807 3307 2861 age,
3336 2793 3544 2860 confor-

1984 2881 2119 2926 tetur
2141 2889 2233 2925 cor
2258 2883 2426 2938 tuum,
2451 2884 2500 2927 et
2525 2877 2720 2928 sustine
2746 2876 3024 2930 Dominum
3049 2877 3223 2947 (Prol.
3252 2893 3401 2944 xm,
3435 2881 3542 2951 ιι).

1989 2959 2140 3031 ιιι
2165 2959 2300 3027 Quid
2325 2970 2409 3015 est
2440 2973 2673 3033 eaqrects
2702 2963 3003 3033 Dominum,
3027 2967 3133 3021 nisi
3157 2968 3335 3023 stabili
3364 2978 3546 3025 ruente

1983 3056 2252 3117 exspecta,
2276 3050 2444 3105 donec
2468 3052 2563 3106 tibi
2598 3053 2775 3107 veniat
2800 3053 2916 3108 dies
2942 3057 3419 3111 remunerationis?
3439 3058 3547 3115 Fac

1982 3136 2163 3207 omnia
2207 3152 2369 3206 opera
2418 3138 2665 3204 viriliter,
2706 3136 2760 3195 et
2803 3140 3129 3198 confortetur
3175 3158 3269 3199 eor
3299 3153 3447 3200 tuum
3492 3146 3545 3202 in

1974 3226 2343 3295 permanendo
2388 3230 2530 3297 quod
2581 3231 2820 3300 cepisti,
2870 3241 2925 3285 ct
2975 3233 3181 3289 sustine
3234 3235 3543 3300 Dominum,

1985 3316 2242 3387 quidquid
2281 3316 2335 3372 in
2376 3326 2431 3373 te
2482 3319 2840 3376 tribulationis
2882 3321 2965 3377 vel
3017 3323 3215 3380 laboris
3252 3328 3543 3396 permittit,

1986 3409 2187 3462 sustine
2215 3408 2460 3463 viriliter.
2492 3410 2673 3465 llultre
2705 3422 2826 3467 sunt
2862 3413 3220 3468 tribulationes
3244 3415 3540 3484 iustorum,

1985 3506 2034 3548 et
2069 3495 2133 3549 de
2162 3496 2243 3551 Iris
2273 3497 2509 3553 liberabit
2541 3516 2627 3554 eos
2662 3499 2912 3556 Dominus
2967 3502 3138 3572 (Psal.
3186 3519 3389 3569 sum,
3426 3505 3539 3574 30).

1986 3585 2169 3641 Nullus
2197 3588 2345 3642 la-i-or
2384 3590 2583 3643 amanti
2613 3589 2779 3645 Deum
2806 3591 2971 3648 durus
3010 3592 3269 3658 videatur,
3292 3595 3419 3664 quia
3457 3595 3544 3650 ille

1984 3686 2067 3732 est
2110 3687 2477 3733 remunerator
2516 3678 2706 3746 ﬁdelis,
2731 3681 2821 3749 qui
2858 3691 2941 3735 est
2986 3682 3273 3737 auxiliator
3300 3681 3543 3745 idoneus,

1984 3765 2074 3835 qui
2118 3780 2385 3834 nunquam
2438 3767 2637 3821 deserit
2678 3777 2955 3839 sperantes
2996 3769 3053 3823 in
3083 3784 3159 3824 se.
3210 3770 3544 3840 Respondeat

1983 3851 2141 3906 homo
2170 3853 2611 3923 .suggestionibus
2654 3854 2847 3911 diaboli
2883 3871 2898 3909 :
2949 3856 3205 3933 Dominus
3253 3859 3538 3915 auxiliator

1984 3937 2245 4001 milii-2'81,
2268 3955 2371 3996 non
2399 3941 2585 3993 timebo
2627 3942 2752 4009 quid
2793 3942 2945 4010 faciet
2968 3943 3121 4007 homo
3164 3942 3333 4012 (Psal.
3372 3959 3540 4009 δίνη,

1982 4026 2058 4095 ϐ),
2084 4028 2136 4083 id
2160 4036 2262 4092 est,
2291 4029 2520 4084 carnalis
2547 4029 2845 4087 delectatio.
2894 4032 3023 4090 Item
3050 4047 3063 4084 :
3091 4032 3357 4089 Declinate
3386 4052 3419 4088 α
3459 4042 3543 4091 mc

1982 4117 2213 4189 maligni,
2236 4129 2283 4173 et
2324 4121 2593 4175 scrutabor
2614 4122 2862 4177 mandata
2898 4122 2994 4178 Dei
3014 4125 3113 4179 mei
3139 4124 3308 4195 (Paul.
3351 4141 3537 4190 cxvm,

1986 4209 2125 4279 H5).
2146 4210 2215 4269 ει
2240 4211 2431 4265 iterum
2459 4228 2472 4265 :
2503 4210 2768 4268 Auxilium
2796 4229 2964 4268 meum
2986 4230 3021 4270 o
3046 4214 3288 4280 Domino,
3313 4218 3400 4287 qui
3418 4216 3539 4286 fecit

1982 4295 2163 4350 calum
2190 4305 2236 4350 et
2263 4306 2474 4350 terram.
2502 4297 2756 4353 Dominus
2772 4298 3040 4353 custodiat
3066 4301 3337 4377 introitum
3359 4313 3405 4355 et
3430 4306 3539 4357 exi-

1982 4391 2089 4435 tum
2114 4398 2374 4437 servorum
2408 4400 2619 4438 suorum
2645 4402 2707 4441 ea;
2732 4388 2829 4450 hac
2872 4405 3005 4447 nunc
3032 4396 3079 4443 et
3107 4405 3267 4465 usque
3294 4392 3348 4444 in
3376 4407 3539 4455 secu-

1980 4472 2087 4525 lam
2133 4472 2303 4542 (Psal.
2326 4488 2450 4537 cxx,
2476 4474 2530 4541 2,
2562 4476 2638 4547 8).
2670 4475 2813 4542 Haec,
2844 4479 3384 4548 charissimixl'ratres,
3421 4481 3537 4538 feli-

1980 4562 2113 4617 citer
2138 4562 2315 4632 legite,
2338 4572 2391 4618 et
2420 4563 2645 4621 fideliter
2670 4565 2901 4636 implete,
2920 4577 2978 4622 ct
3000 4567 3257 4626 Dominus
3282 4572 3422 4630 Deus
3443 4587 3533 4629 vos

1985 4652 2199 4722 adjuvet
2221 4662 2274 4707 et
2295 4652 2555 4721 prolicere
2582 4653 2741 4711 iaciat
2765 4656 2818 4711 in
2843 4658 2988 4715 omni
3017 4659 3184 4725 bono;
3212 4668 3266 4713 et
3285 4662 3538 4721 exaudiat

1982 4742 2251 4796 orationes
2294 4748 2501 4796 vestras
2520 4756 2622 4811 pro
2650 4739 2918 4808 omnibus,
2943 4754 2999 4801 et
3025 4761 3122 4816 pro
3152 4763 3235 4802 me
3267 4747 3406 4805 Βᾶεῆ
3446 4727 3537 4808 vo-

1984 4822 2095 4887 stro
2139 4832 2409 4901 adjutore,
2450 4842 2506 4887 et
2550 4834 2814 4899 Dominus,
2850 4835 2990 4891 Deus
3026 4839 3288 4894 custodiat
3338 4854 3431 4895 vos
3479 4841 3535 4897 ia

1984 4933 2178 4981 :eterna
2208 4938 2336 4990 pace
2359 4931 2412 4977 ot
2440 4923 2700 4980 charitate
2732 4923 2984 4995 perfecta,
3014 4927 3113 4981 viri
3141 4927 3332 4984 fratres
3359 4941 3423 4985 et
3440 4931 3536 4987 illii

1986 5012 2301 5068 charissimi.
2608 5084 2611 5087 ἰ

2477 5100 2504 5138 ὶν
2542 5098 2867 5155 EPISTOLA
2901 5100 3035 5156 CXI.

2358 5218 2361 5220 ·
2440 5205 2499 5242 υ)
2539 5205 2773 5244 τυτιεε
2810 5207 2860 5246 IN
2898 5208 3110 5247 GOTlllA.

2542 5278 2717 5348 (Anno
2746 5280 2993 5357 incerto.)

1991 5365 2243 5447 Hortatur
2270 5368 2337 5419 ad
2368 5369 2731 5447 premite-titiam,
2762 5371 2829 5447 ad
2852 5371 3357 5447 observantiamoitir
3382 5393 3533 5447 regu-

2081 5436 2229 5513 laris,
2258 5447 2304 5489 et
2328 5437 2396 5489 ad
2426 5436 2779 5505 fortitudinem
2801 5439 2855 5490 in
2876 5449 3050 5491 exorta
3078 5443 3426 5496 tribulatione.

2055 5546 2416 5603 Sanctissimis
2438 5548 2495 5600 in
2517 5546 2714 5603 Christi
2739 5549 3000 5604 cbaritate
3022 5549 3295 5615 fratribus,
3318 5554 3531 5622 Deoque

1988 5643 2039 5695 in
2063 5642 2286 5695 diversis
2309 5638 2515 5709 Gothis:
2546 5643 2785 5713 partibus
2810 5641 3037 5711 fideliter
3062 5641 3413 5711 servientibus
3436 5649 3531 5703 hu-

1988 5730 2127 5787 milis
2149 5726 2309 5787 levita
2330 5726 2585 5789 Alcuinus
2605 5728 2851 5788 salutem.

2057 5892 2081 5928 ιι
2119 5867 2529 5952 admouerat.
2560 5882 2626 5942 99
2657 5904 2721 5943 ex
2746 5905 2844 5943 ms.
2875 5890 3046 5962 (Apud
3073 5891 3303 5945 Froben.
3333 5892 3441 5959 95).
