4400 6446
795 538 902 591 335
959 518 965 524 ’

1633 539 1686 592 Β.
1732 541 1788 592 Γ.
1832 541 2048 594 ALBlNl
2091 542 2218 596 Sl-JU
2261 539 2530 594 ALCUlNl
2566 539 2842 594 OPERUM
2879 538 3055 594 PARS
3092 539 3130 592 ι.

3907 547 4012 600 356

862 650 1106 722 Legimus
1136 651 1414 704 Dominum
1447 651 1720 719 discipulis
1744 654 2058 721 praecepisse
2085 661 2143 705 ut
2171 651 2351 706 turbas
2381 656 2425 708 Α
2522 652 2632 722 Ego
2678 668 2804 706 vero
2853 650 3030 707 sseculi
3089 653 3490 723 tempestatibus
3547 657 3811 723 turbatus,
3855 672 4011 716 casso

794 757 888 811 per
913 741 1260 796 contubernia
1310 741 1642 797 discumbere
1663 742 1927 804 fecissent,
1954 745 2352 825 quinquagenos

793 839 847 885 et
858 831 1286 901 quinquagenos;
1309 844 1442 899 quos
1455 846 1641 886 omnes
1655 833 1810 887 unius
1821 833 1975 902 panis
1991 833 2257 889 soliditate
2272 847 2352 888 re-

796 919 879 975 fici
899 920 1111 974 volebat
1135 919 1284 991 (Luc.
1312 936 1384 984 ix,
1417 921 1523 991 14).
1555 921 2050 992 Quinquageuarius
2077 925 2348 985 numerus",

795 1009 846 1063 in
863 1025 969 1079 quo
985 1010 1071 1064 lex
1087 1011 1208 1063 data
1227 1017 1328 1071 est,
1350 1011 1460 1079 ipse
1489 1009 1722 1079 Spiritus
1743 1011 2037 1065 Paraclitus
2052 1026 2081 1064 a
2111 1011 2268 1066 Patre
2299 1021 2351 1065 et

795 1103 928 1158 Filio
954 1089 1168 1167 missus,
1197 1104 1286 1172 qui
1302 1103 1354 1156 in
1375 1111 1586 1157 centum
1609 1103 1794 1171 viginti
1815 1103 2031 1157 nomina
2056 1103 2348 1166 descendit,

793 1192 1160 1246 remissionem
1189 1200 1528 1261 peccatorum
1557 1191 1858 1260 significat:
1895 1207 2056 1260 quam
2079 1207 2265 1266 omnes
2286 1191 2349 1244 fi-

792 1281 940 1336 deles
978 1284 1031 1335 in
1055 1282 1220 1351 ipsius
1237 1282 1407 1336 sancti
1430 1281 1660 1351 Spiritus
1683 1282 1851 1351 gratia
1874 1281 2156 1350 accipiunt,
2179 1282 2352 1351 primo

795 1369 847 1422 in
879 1376 1214 1429 sacramento
1251 1367 1618 1438 baptismatis;
1671 1369 1904 1423 secundo
1945 1369 1998 1422 in
2026 1370 2376 1438 pmnitentiaa'

796 1457 1065 1525 lacrymis,
1090 1458 1280 1525 quibus
1305 1457 1481 1515 anima
1505 1456 1774 1524 peccatrix
1801 1455 1977 1509 abluta
2006 1457 2071 1511 ad
2097 1458 2351 1511 visionem

795 1547 887 1600 Dei
910 1546 1200 1601 Salvatoris
1227 1547 1507 1615 pervenire
1536 1547 1858 1612 merebitur;
1885 1547 2093 1602 dicente
2122 1537 2234 1618 ipsa
2253 1550 2354 1603 Ve-

795 1639 953 1692 ritate
982 1654 996 1690 :
1028 1636 1177 1690 Beati
1203 1638 1395 1689 mundo
1423 1637 1595 1700 corde,
1623 1638 1867 1706 quoniam
1896 1637 1993 1707 ipsi
2017 1637 2182 1691 Deum
2218 1639 2356 1691 eide-

796 1731 918 1782 bunt
943 1727 1153 1805 (ﬂuuit.
1185 1743 1238 1791 v,
1266 1728 1340 1796 8).
1370 1726 1501 1780 Ecce
1525 1745 1658 1780 nunc
1679 1737 1876 1797 tempus
1897 1728 2224 1805 acceptable,
2243 1746 2356 1782 ecce

796 1800 1055 1873 nmdies
1079 1817 1260 1871 salutis
1276 1817 1362 1888 (11
1375 1817 1493 1871 Cor.
1512 1833 1586 1881 Vt,
1602 1817 1676 1888 2).
1696 1800 2002 1872 laudemus
2018 1835 2109 1872 nos
2132 1819 2194 1871 ab
2218 1820 2356 1872 omni

795 1912 1180 1979 inquinamento
1222 1910 1393 1962 carnis
1419 1919 1467 1963 et
1505 1911 1735 1977 spiritus,
1771 1910 2089 1978 perﬁcientes
2133 1907 2357 1962 salutem

797 2006 1096 2057 animarum
1124 1999 1525 2070 nostrarumUI
1551 1999 1668 2053 Cor.
1686 1999 2008 2068 vn,l).ll$c
2035 2014 2162 2054 vero
2183 2001 2352 2054 scien-

799 2103 878 2145 tes
920 2099 974 2144 et
1007 2089 1212 2159 optime
1259 2082 1630 2156 intelligentes,
1675 2083 1974 2145 eliarissitni
2022 2088 2236 2152 fratres,
2279 2090 2351 2142 nil

798 2176 1067 2230 sordidum
1093 2176 1145 2229 in
1177 2183 1354 2228 vestra
1388 2174 1542 2246 142
1559 2182 1844 2242 'remaneat
1871 2177 2214 2239 conscientia,
2244 2178 2352 2230 sive

799 2266 865 2317 de
887 2265 1067 2318 carnis
1091 2263 1375 2334 fragilitate
1422 2271 1775 2327 contractum,
1804 2265 1918 2318 sive
1942 2266 2007 2320 de
2033 2267 2250 2335 spiritus
2276 2268 2352 2320 in-

799 2351 1107 2420 quietudine
1147 2351 1421 2415 infectum,
1451 2361 1511 2405 ut
1553 2353 1766 2423 dignam
1803 2354 1855 2406 in
1881 2353 2131 2408 cordibus
2159 2356 2354 2409 vestris

799 2441 1029 2512 Spiritus
1056 2429 1272 2496 sanctus
1311 2441 1410 2495 sibi
1439 2441 1676 2495 inveniat
1702 2442 2103 2497 habitationem.
2149 2441 2352 2496 Nullam

799 2531 1059 2601 malignus
1082 2530 1248 2584 hostis
1274 2531 1324 2584 in
1350 2540 1524 2589 vestra
1548 2531 1682 2603 bona
1699 2534 2102 2586 conversatione
2120 2533 2355 2587 inveniat

797 2631 907 2670 sua:
934 2617 1148 2671 malitiae
1171 2627 1395 2687 partem,
1428 2633 1525 2672 nec
1550 2618 1752 2672 aditum
1779 2635 1937 2688 quem
1963 2622 2173 2690 quaerit,
2197 2633 2350 2691 repe-

801 2706 901 2759 riat
947 2705 1138 2760 vestris
1178 2707 1232 2759 in
1258 2706 1539 2770 cordibus;
1572 2707 1665 2762 sed
1693 2709 1834 2761 omni
1877 2711 2112 2763 custodia
2151 2712 2355 2765 animas

799 2792 1337 2848 vestras‘coniirmate
1370 2795 1424 2847 in
1451 2796 1730 2849 charitatis
1757 2798 2066 2861 munimine,
2106 2800 2158 2852 in
2188 2801 2356 2854 tutela

798 2882 1132 2946 obedientize,
1167 2883 1223 2937 in
1250 2898 1405 2938 muro
1429 2885 1765 2964 humilitatis,
1807 2888 1862 2941 in
1889 2891 2149 2945 castitatis
2174 2882 2356 2946 obser-

800 2973 1032 3036 vatione,
1063 2975 1113 3026 in
1145 2983 1344 3028 sanctae
1367 2976 1519 3043 pacis
1554 2977 1946 3046 conjunctione.
1979 2980 2218 3035 Virilitér
2260 2992 2355 3051 pti-

801 3073 959 3133 gnate
985 3073 1168 3119 contra
1193 3067 1467 3136 antiquum
1497 3068 1723 3133 hostem,
1755 3078 1807 3124 et
1849 3073 2218 3127 communibus
2241 3087 2354 3128 ma—

801 3159 955 3212 nibus
987 3160 1262 3213 ~dc'iellate
1309 3175 1452 3226 eum,
1501 3160 1613 3228 qui’
1638 3163 1844 3232 rugiens
1889 3165 2092 3228 circuit,
2123 3156 2356 3234 quarens

799 3262 948 3315 quem
967 3248 1170 3301 deuoret
1189 3247 1240 3318 (1
1260 3247 1398 3300 Petr.
1425 3264 1478 3311 v,
1497 3250 1570 3319 8).
1587 3249 1802 3305 Portate
1829 3251 1880 3306 in
1907 3250 2170 3308 frontibus
2193 3254 2356 3308 vexil-

803 3337 908 3389 lum
938 3339 1132 3400 crucis,
1165 3346 1217 3392 et
1242 3340 1294 3392 in
1322 3340 1571 3394 cordibus
1597 3341 1874 3396 charitatis
1915 3344 2270 3411 munimenta,
2302 3356 2357 3400 et

802 3425 1076 3480 catholicae
1100 3421 1226 3482 fidei
1256 3427 1666 3484 firmamentum.
1696 3431 1800 3500 Spe
1831 3431 1984 3487 ﬁrma
2007 3436 2358 3506 vosmetipsos

801 3514 990 3581 erigite
1031 3515 1095 3588 ad
1125 3513 1310 3578 Deum,
1341 3524 1397 3570 et
1423 3517 1553 3569 nihil
1580 3525 1766 3572 contra
1789 3531 2022 3573 vestram
2058 3521 2201 3575 valet
2227 3537 2355 3575 una-

807 3603 1099 3656 nimitatem
1146 3605 1290 3659 illius
1335 3607 1583 3662 insidiésa
1634 3609 1914 3666 calliditas.
1966 3611 2131 3683 Magis
2176 3613 2356 3668 humili

808 3701 984 3744 mente
1013 3693 1312 3747 senioribus
1337 3697 1528 3750 vestris
1565 3697 1782 3752 obedire
1805 3701 1997 3768 parati,
2024 3714 2181 3770 quam
2207 3719 2355 3757 mur-

807 3783 1118 3836 murationis
1147 3785 1274 3838 vitio
1302 3784 1608 3855 diiudicare,
1642 3789 1896 3858 quidquid
1921 3793 2072 3847 vobis
2114 3795 2354 3865 injunga.

811 3883 898 3925 tur
932 3876 1127 3944 eperis.
1535 3871 1538 3875 ’
1947 3941 1949 3944 ,
2008 3866 2014 3868 I
2291 3872 2318 3876 .-

879 3964 1108 4019 V'ovistis
1154 3981 1246 4020 vos
1285 3967 1390 4021 Deo
1417 3968 1638 4032 servire,
1666 3972 2005 4040 paternisque
2032 3955 2143 4042 regi
2187 3979 2358 4028 consi-

810 4055 909 4109 liis.
945 4054 1115 4110 Nolite
1153 4057 1499 4127 vosmctipsos
1534 4045 1699 4127 super
1729 4070 1964 4114 rectores
1993 4062 2227 4118 exaltare
2269 4081 2356 4118 ve-

806 4157 964 4211 stros,
996 4161 1092 4202 nec
1112 4163 1293 4203 eorum
1315 4148 1553 4216 judicare
1583 4161 1695 4205 acta
1723 4152 1803 4205 vel
1830 4154 2072 4219 consilia;
2115 4155 2205 4209 sed
2235 4169 2359 4209 con-

810 4240 953 4291 tenti.
995 4239 1356 4294 tantummodo
1409 4249 1576 4295 estote
1621 4255 1805 4295 eorum
1840 4241 2060 4310 judicio,
2103 4245 2356 4314 quidquid

809 4326 997 4394 agatis,
1020 4325 1382 4396 regular-isque
1402 4329 1520 4382 vitae
1538 4331 1831 4400 praeceptis,
1849 4329 1900 4383 in
1924 4332 2114 4399 quibus
2130 4334 2358 4386 maxime

811 4414 1083 4468 humilitas
1109 4415 1385 4469 obediendi
1413 4430 1532 4468 cum
1564 4417 1829 4486 citaritate
1855 4420 2178 4487 prmoipitur.
2204 4418 2357 4474 Hora:

811 4514 938 4555 vero
962 4509 1148 4555 vestrae
1178 4516 1359 4556 omnes
1385 4505 1660 4557 animabus
1684 4506 1874 4558 vestris
1905 4509 2059 4560 utiles
2092 4497 2364 4562 invenian?

812 4603 918 4657 tur,
943 4593 1026 4645 vel
1072 4594 1122 4646 in
1153 4608 1310 4662 opere
1356 4609 1604 4647 manuum
1627 4636 1639 4657 ,
1679 4596 1763 4647 vel
1795 4596 1844 4647 iu
1886 4597 2126 4650 lectionis
2160 4599 2352 4662 studio,

815 4682 895 4736 vel
921 4685 970 4735 in
995 4683 1250 4736 orationis
1277 4685 1467 4752 gratia.
1492 4683 1622 4738 Oret
1656 4688 1929 4752 operarius
1958 4689 2134 4750 corde,
2158 4696 2215 4742 ut
2255 4688 2355 4742 du-

815 4769 936 4838 plici
968 4771 1211 4823 mercede
1260 4772 1448 4839 dignus
1498 4774 1778 4825 habeatur.
1835 4774 2089 4829 Similiter
2129 4776 2181 4827 in
2231 4776 2359 4829 refe-

815 4857 989 4913 ctione
1014 4860 1248 4927 corporis
1272 4861 1443 4911 anima
1472 4858 1739 4913 reddatur
1764 4862 1815 4913 in
1842 4863 2138 4930 gratiarum
2156 4866 2363 4942 actione

817 4950 952 5011 Deo;
981 4948 1059 5002 vel
1103 4949 1144 5001 si
1176 4963 1365 5016 corpus
1411 4948 1587 5001 labore
1617 4947 1892 5015 afﬁciatur,
1937 4967 2084 5005 mens
2112 4967 2361 5021 compun-

816 5042 989 5093 ctione
1037 5039 1394 5092 confirmetur.
1450 5040 1536 5092 Sic
1571 5054 1695 5092 vero
1737 5051 1999 5094 armatum
2047 5045 2358 5096 monachum

819 5129 1007 5196 duplici
1055 5128 1322 5193 suifragio,
1357 5126 1428 5178 nll
1475 5130 1711 5196 antiquus
1742 5131 1898 5181 hostis
1938 5147 2127 5185 nocere
2169 5135 2361 5200 poterit

821 5221 996 5287 (Apoc.
1045 5234 1139 5280 xu,
1185 5221 1260 5284 9),
1294 5220 1381 5286 qui
1426 5219 1613 5285 quaerit
1651 5235 1741 5287 per
1792 5225 2120 5287 vagatioucm
2173 5228 2363 5280 mentis

823 5307 1117 5363 mercedem
1147 5313 1381 5364 minuere
1413 5311 1715 5364 laborantis.

892 5474 915 5499 ι
960 5460 1153 5513 Nuntio
1178 5462 1537 5512 tribulationis.
1577 5463 1826 5522 Quanam
1855 5462 2011 5511 fuerit
2057 5462 2169 5513 113:0
2195 5462 2361 5513 tribu—

824 5530 967 5594 latio,
1020 5546 1112 5597 nos
1152 5530 1296 5597 fugit.
1345 5529 1677 5597 Lg‘tubardus
1733 5533 1786 5580 in
1837 5530 2127 5580 Annalibus
2179 5530 2242 5582 ad
2273 5548 2362 5585 au-

827 5613 946 5652 num
967 5597 1069 5667 [93
1093 5595 1406 5653 Saracenos
1439 5605 1616 5649 narrat
1649 5595 2063 5663 Septimanniam
2092 5600 2364 5667 ingressos

825 5685 940 5720 cum
976 5665 1196 5721 Francis
1239 5679 1519 5734 pugnasse,
1561 5668 1893 5732 victoresque
1951 5665 2205 5722 rediisse:
2244 5670 2362 5721 inde

829 5752 948 5784 κυεην
978 5738 1245 5790 mnacbis
1274 5736 1477 5789 Gothiae
1528 5750 1616 5788 seu
1677 5736 2362 5803 Septimanniagpericulum

827 5806 1117 5866 imminere,
1157 5821 1219 5859 ac
1253 5807 1521 5857 tribulatio
1550 5808 1759 5857 evenire
1805 5808 1990 5870 potuit.
2043 5801 2206 5871 Igitur
2231 5807 2367 5858 hanc

825 5876 1099 5942 epistulam
1129 5876 1226 5927 hoc
1259 5888 1393 5924 anno
1436 5877 1686 5940 scriptam
1730 5892 1860 5932 esse,
1897 5890 2018 5928 vero
2064 5873 2232 5926 simile
2256 5879 2374 5931 cui;

2453 739 2633 793 multis
2658 740 2709 794 in
2740 740 2870 795 locis
2892 741 3074 795 labore
3100 741 3386 807 desudavi;
3414 741 3686 801 sedmodo
3706 745 3858 813 quasi
3879 761 4010 800 nan-

2452 828 2652 900 fragus,
2680 830 2790 885 Deo
2813 830 3121 896 miserante,
3152 832 3218 886 ad
3259 841 3471 902 portum
3497 832 3736 908 deiectus
3767 835 3964 906 quietis
3993 856 4005 889 :

2452 915 2506 969 in
2525 931 2632 985 quo
2659 932 2742 970 me
2771 917 2965 976 fessum
2989 926 3043 971 et
3066 917 3404 973 vulneratum
3423 919 3708 989 iacentem,
3730 923 4005 992 deprecor.

2451 1014 2755 1060 sanctantm
2779 1007 3090 1062 assiduitate
3118 1009 3421 1064 oratibnum
3446 1017 3675 1066 vestram
3696 1011 4009 1068 unanimita-

2451 1101 2559 1148 tem
2612 1095 2878 1160 auxiliari,
2928 1103 2985 1149 ut
3031 1097 3347 1167 quandoque
3376 1101 3442 1154 ad
3471 1099 3710 1156 florentia
3752 1103 4005 1158 virtutum

2451 1199 2576 1237 rura
2603 1186 2882 1254 pervenire
2913 1177 3140 1251 merear,
3191 1196 3247 1242 et
3278 1189 3418 1243 bona
3457 1192 3743 1246 securitate
3793 1192 3866 1253 illi
3909 1193 4006 1247 soli

2449 1273 2674 1338 servire,
2710 1273 2774 1328 iu'
2791 1287 2899 1343 quo
2925 1273 3037 1329 solo
3064 1285 3147 1330 est
3174 1277 3338 1331 totius
3363 1292 3485 1348 spes
3510 1279 3695 1335 salutis
3712 1322 3726 1344 ,
3753 1282 3874 1336 sine
3903 1297 4008 1354 quo

2451 1377 2550 1418 nec
2595 1364 2794 1418 cadens
2831 1379 3138 1436 resurgere,
3166 1354 3276 1421 nec
3299 1367 3438 1424 bene
3459 1379 3608 1425 stans
3649 1371 3804 1426 firmo
3839 1373 4004 1444 gradu

2452 1460 2596 1506 stare
2623 1453 2835 1521 poterit.

2523 1540 2637 1596 Misi
2670 1543 2978 1596 munuscula
3015 1559 3178 1614 parva
3219 1545 3490 1602 dilectioni
3519 1559 3726 1616 vestra,
3767 1553 3858 1608 sed
3899 1552 4008 1610 Deo

2455 1638 2604 1694 teste,
2643 1643 2746 1686 non
2776 1647 2937 1700 parva
2965 1635 3246 1700 ebaritate,
3281 1648 3535 1706 quantum
3571 1641 3623 1695 in
3651 1650 3862 1712 pectore
3885 1658 4007 1712 pec-

2453 1721 2650 1773 catoris
2671 1722 2784 1790 ejus
2805 1721 3066 1791 igniculus
3085 1725 3372 1780 scintillare
3401 1719 3556 1782 valet.
3584 1729 3780 1784 Tamen
3802 1731 3847 1784 si
3864 1729 4008 1785 Deus

2454 1811 2874 1876 uﬁiiiwbiscum
2903 1812 2954 1866 in
2981 1815 3262 1870 sanctitate
3285 1809 3404 1871 vitae
3431 1826 3576 1874 stare
3594 1821 3818 1874 necdum
3840 1821 4009 1875 dedis-

2455 1907 2557 1963 set,
2605 1909 2780 1954 tamen
2823 1902 3060 1969 piissima
3087 1904 3228 1959 illius
3270 1905 3437 1976 gratia
3458 1917 3706 1966 -vestram
3749 1911 4010 1967 veraciter

2387 1978 2427 2036 Β
2453 1988 2613 2040 corde
2646 2003 2766 2042 meo
2796 1987 2989 2045 infudit
3017 1991 3353 2055 charitatem,
3382 1989 3571 2064 epians
3599 2004 3760 2066 atque
3788 1997 4007 2053 humili-

2455 2085 2535 2130 ter
2575 2077 2885 2146 deprecans,
2932 2090 3197 2149 quatenus
3247 2098 3344 2152 per
3392 2093 3597 2140 vestras
3640 2087 4009 2144 sanctissimas

2452 2168 2721 2220 orationes
2770 2183 2963 2223 munus
3009 2170 3295 2227 voluntatis
3347 2188 3480 2229 mea:
3521 2174 3627 2230 Deo
3675 2178 4010 2247 acccptabile

2452 2271 2588 2320 csse,
2621 2257 2837 2325 ejusque
2864 2259 3060 2313 donum
3101 2260 3155 2314 in
3185 2261 3359 2316 anima
3389 2279 3503 2317 mea
3531 2266 3780 2336 recipere
3819 2265 4007 2335 digne-

2455 2355 2560 2408 tur,
2593 2349 2680 2415 qui
2709 2350 2935 2418 graliam
2968 2367 3065 2420 pro
3094 2353 3264 2423 gratia
3292 2355 3416 2409 dare
3444 2354 3607 2420 solet;
3638 2356 3702 2410 de
3725 2356 3876 2426 cujus
3894 2357 4008 2428 ple.

2455 2433 2691 2487 nitudinc
2719 2439 3037 2506 accepimus,
3065 2440 3317 2509 quidquid
3360 2443 3480 2497 boni
3515 2445 3708 2500 habere
3739 2447 4006 2502 videmur.

2453 2520 2596 2576 illius
2638 2525 2707 2576 sit
2749 2540 2956 2593 semper
2985 2529 3218 2584 citaritas
3244 2531 3294 2583 in
3326 2533 3506 2597 corde,
3550 2532 3666 2587 laus
3704 2534 3756 2588 in
3790 2551 3906 2599 ore,
3949 2547 4007 2591 et

2453 2625 2611 2678 opere
2635 2611 2781 2666 bono‘
2798 2615 3004 2684 signum
3033 2617 3280 2686 perfecta:
3309 2619 3621 2677 dilectionis.

2524 2699 2752 2754 Plurima
2807 2713 2996 2758 vestrae
3042 2708 3354 2762 beatitudini
3406 2711 3638 2766 scribere
3685 2712 4004 2780 desideravi,

2454 2787 2592 2840 sed!l
2629 2791 2815 2844 nuntio
2862 2792 3215 2849 tribulatidnis
3256 2805 3644 2863 consternatus,
3685 2799 3799 2855 haec
3834 2818 4004 2871 pauca

2455 2876 2667 2930 dictavi.
2705 2878 2759 2932 ln
2789 2894 2892 2948 qua
2921 2895 3048 2936 vero
3077 2884 3425 2948 tribulatione,
3461 2903 3552 2943 vos
3596 2889 3820 2944 viriliter
3845 2908 4009 2964 agerc

2453 2973 2508 3018 ct
2531 2966 2794 3022 constanti
2822 2983 2940 3024 esse
2967 2973 3144 3027 animo
3173 2975 3416 3040 obsecro,
3451 2979 3678 3033 scientes
3698 2980 3838 3050 quod
3864 2983 4005 3038 Deus

2456 3069 2722 3142 nunquam
2759 3058 2956 3112 deserit
3003 3074 3261 3131 sperantes
3302 3067 3356 3118 in
3408 3084 3461 3120 se
3514 3066 3680 3137 (Psal.
3728 3086 3862 3133 xvii,
3894 3073 4006 3142 3i).

2455 3140 2519 3193 Et
2564 3143 2606 3195 si
2642 3143 2878 3212 qualibet
2921 3149 3273 3206 tribulatione
3310 3165 3549 3224 cogente.
3597 3156 3768 3212 locum
3797 3140 4008 3216 mutare

2455 3245 2670 3286 necesse
2695 3235 2781 3296 sit,
2814 3251 3083 3306 nunquam
3129 3242 3387 3311 regularis
3411 3246 3532 3318 vitm
3557 3246 3859 3305 observatio
3886 3267 4008 3305 niu-

2383 3309 2426 3370 C
2460 3330 2625 3386 tetur;
2663 3339 2761 3378 nec
2787 3327 3057 3384 tribulatio
3085 3309 3326 3401 corporis
3357 3309 3516 3398 animi
3548 3335 3729 3410 fatiget
3756 3329 4008 3396 constan¥

2460 3410 2605 3463 tiam.
2641 3411 2751 3466 Nox
2789 3422 2839 3466 et
2870 3415 2981 3470 dies
3024 3419 3168 3473 vices
3196 3436 3319 3476 suas
3361 3437 3636 3495 peragunt.
3681 3426 3840 3483 Maris
3879 3438 4011 3485 tem-

2456 3514 2637 3572 pestas
2670 3507 2980 3564 serenitatis
3019 3513 3401 3582 tranquillitate
3425 3518 3718 3588 mitigatur.
3748 3519 3857 3575 Nec
3884 3538 4010 3592 per.

2457 3604 2611 3661 petua
2645 3601 2972 3666 prosperitas
3017 3602 3071 3654 in
3116 3603 3216 3657 hoc
3255 3607 3503 3672 praesenti
3547 3607 3739 3664 saeculo
3779 3611 4010 3668 inveniri

2458 3679 2616 3747 val'et,
2653 3687 2777 3753 quia
2817 3689 2869 3740 in
2910 3691 3097 3746 exsilio
3142 3709 3344 3760 sumus,
3393 3707 3446 3750 et
3475 3699 3543 3750 ad
3587 3699 3808 3754 laborem
3839 3707 4014 3758 nasci-

2455 3789 2572 3825 mur
2599 3774 2737 3841 (Job.
2769 3791 2820 3839 v,
2846 3778 2921 3847 7).
2955 3779 3019 3832 Et
3043 3781 3178 3835 sicut
3202 3781 3403 3854 flagella
3429 3785 3656 3844 infantes
3675 3791 4013 3849 erudiunt-ad

2457 3859 2762 3916 discendum
2788 3866 3059 3948 sapientia:
3081 3869 3257 3932 decus,
3283 3873 3367 3926 vel
3395 3874 3547 3929 bonis
3567 3891 3875 3934 assuescere
3895 3897 4014 3936 mo-

2458 3949 2622 4004 ribus.
2671 3951 2743 4004 ita
2767 3962 2821 4006 et
2843 3968 2939 4008 nos
2965 3955 3236 4012 laboribus
3272 3970 3325 4014 et
3367 3961 3636 4019 doloribus
3660 3966 4014 4022 admonemur

2457 4040 2522 4090 ad
2567 4048 2830 4106 perpetuae
2876 4043 3219 4100 beatitudinis
3263 4063 3552 4119 preperare
3597 4053 3846 4121 quietem,
3890 4068 4015 4124 quin

2456 4126 2596 4178 nullo
2640 4126 2820 4182 dolore
2847 4130 2928 4184 vel
2969 4131 3148 4188 labore
3175 4133 3427 4201 fuscatur,
3458 4139 3602 4193 nullo
3630 4139 3734 4195 fine
3755 4146 4013 4198 termina-

2458 4223 2560 4276 tur,
2604 4217 2694 4269 sed
2733 4228 2986 4286 perpetua
3022 4222 3452 4290 jucunditate'et
3502 4226 3755 4284 felicitate
3801 4233 4013 4302 stabilis

2456 4315 2728 4374 permanet
2757 4308 2807 4358 in
2837 4317 3108 4367 mternum.
3142 4313 3220 4368 Ad
3248 4315 3386 4371 hanc
3415 4317 3805 4387 adipiscendam
3832 4322 4013 4377 nullus

2457 4405 2687 4448 veStram
2714 4406 2955 4452 sanctam
2983 4401 3329 4458 intentionem
3355 4406 3624 4462 deterreat
3655 4406 3808 4464 labor
3851 4407 4008 4484 ιω

2458 4484 2615 4538 nulla:
2651 4487 2807 4552 hujus
2839 4489 3016 4542 saeculi
3071 4491 3335 4549 blanditiae
3382 4497 3688 4564 retraham;
3748 4501 3837 4554 sed
3883 4493 4008 4555 foiti

2458 4572 2652 4634 animo,
2682 4572 2871 4629 fratres
2898 4577 3221 4645 cbarissimi,
3249 4590 3439 4648 estote,
3468 4587 3522 4638 in
3549 4589 3692 4641 muni
3711 4590 4010 4656 operebm

2459 4659 2678 4720 stabiies,
2704 4663 2936 4728 scientes,
2960 4666 3097 4735 quod
3110 4667 3258 4722 labor
3277 4681 3435 4725 vester
3454 4689 3556 4725 non
3583 4683 3656 4726 est
3677 4677 3847 4727 inanis
3867 4679 4009 4745 apud

2460 4749 2623 4803 Deum
2653 4749 2702 4818 (I
2736 4751 2854 4806 Cor.
2880 4770 2969 4819 xv,
2999 4751 3107 4826 58),
3134 4769 3188 4812 et
3217 4762 3306 4827 qui
3331 4761 3452 4828 plus
3477 4763 3694 4825 laborat,
3725 4765 3842 4834 plus
3868 4783 4012 4819 mer.

2459 4839 2604 4892 cedis
2628 4841 2867 4908 accipiet.
2897 4843 3150 4899 Dominus
3173 4846 3328 4911 Deus,
3366 4851 3454 4917 qui
3483 4866 3574 4904 vos
3600 4853 3653 4908 in
3680 4853 3834 4907 unius
3853 4854 4010 4908 ovilis

2461 4930 2718 4984 cbaritate
2763 4936 3134 5003 congregavit,
3184 4947 3382 4994 interna
3445 4941 3810 4997 benedictione
3867 4945 4004 4998 intra

2462 5023 2654 5074 muenia
2685 5024 2955 5079 catholica)
2990 5022 3128 5092 ﬁdei,
3165 5039 3217 5088 et
3250 5037 3445 5084 sancta:
3483 5030 3760 5085 cbaritatis
3797 5033 4005 5087 divitias

2464 5110 2514 5161 in
2552 5111 2704 5165 bouis
2731 5116 2980 5182 cperibus
3006 5117 3280 5184 adjuvare,
3315 5119 3795 5188 petpetuaiiterque
3831 5128 4004 5176 custo-

2463 5203 2576 5256 dire
2604 5205 2862 5271 dignetur,
2898 5207 3108 5260 Domini
3131 5217 3328 5274 patres,
3360 5207 3553 5264 fratres
3585 5221 3639 5265 et
3663 5210 3755 5264 filii
3802 5211 4005 5267 deside-

2469 5295 2783 5358 rantissimi,‘
2801 5307 2958 5364 atque
2985 5297 3087 5350 mei
3113 5299 3274 5350 animi
3297 5301 3554 5354 cbaritate
3575 5297 3885 5355 dulcissimi.

2465 5462 2624 5543 quam
2648 5468 2825 5543 videri
3070 5472 3138 5524 At
3162 5475 3302 5526 enim
3323 5488 3385 5543 eo
3420 5487 3556 5527 anno
3575 5492 3681 5527 non
3707 5476 3773 5528 ad
3799 5486 4003 5543 portum

2465 5534 2657 5601 quietis
2681 5535 2934 5606 Alcuinus
2961 5539 3216 5606 deiectus,
3259 5541 3350 5598 sed
3379 5543 3446 5595 ad
3469 5559 3636 5599 novos
3683 5534 3888 5606 labores
3919 5559 4001 5596 voc

2467 5612 2615 5672 catus
2635 5615 2755 5672 gest.
2811 5605 2976 5672 Quam
3030 5609 3098 5663 ob
3123 5623 3340 5662 causam
3372 5612 3660 5666 consultius
3690 5605 3861 5667 visunt
3889 5611 3999 5672 fuit.

2468 5668 2738 5750 “Pisidam
2774 5668 3084 5750 prmsentem
3115 5676 3258 5750 nullo
3279 5689 3425 5734 certo
3450 5687 3587 5734 anno
3613 5679 3842 5750 all‘tgcrc,
3865 5668 3996 5748 price

2470 5743 2614 5820 ribus
2650 5753 2826 5795 tamen
2869 5743 3010 5820 illam
3061 5743 3725 5820 conjungerecousultuui
3767 5743 3912 5812 duxi,
3939 5751 3998 5801 ad

2466 5811 2677 5864 eosdem
2694 5811 2950 5867 exemtis.
