4400 6462
200 446 306 519 837

700 602 724 630 ι
752 586 1084 643 EPISTULA
1112 587 1266 641 CXII.

450 697 515 733 AD
543 695 782 734 ιιιλτιεε
803 696 851 733 ιδ
892 692 1173 733 νιιονικειι
1218 693 1523 733 ςοῐηοιιυκ.

757 767 933 838 (Anno
969 766 1219 834 incerto.)

199 855 453 915 Errorem
502 859 695 926 refutat
732 872 907 926 eorum
933 856 1021 925 qui
1059 853 1239 926 nolunt
1270 855 1624 926 sacerdotibus
1654 873 1771 923 pec-

234 939 354 983 cata
380 925 653 996 conﬁteri:
690 936 738 980 et
779 925 1117 993 confessionis
1145 925 1492 978 necessitatem
1526 928 1733 978 astruit.

232 1029 239 1032 ’
272 1039 646 1096 Dilectissimis
670 1037 799 1092 viris
820 1036 1080 1091 fratribus
1108 1042 1169 1090 et
1195 1037 1436 1105 patribus
1465 1036 1518 1090 in
1551 1039 1771 1107 provin-

198 1132 283 1185 cia
318 1131 345 1170 δ
374 1129 697 1192 Gothorum,
738 1128 956 1182 humilis
985 1128 1237 1182 Ecclesiae
1282 1128 1478 1182 Christi
1508 1144 1767 1187 vernacu-

198 1222 283 1276 lus
312 1220 539 1276 Albinus
560 1220 818 1274 diaconus
846 1218 1096 1273 salutem.

266 1312 510 1367 Plurima
553 1302 749 1366 vestra:
794 1312 1103 1377 sagacitatis
1138 1321 1194 1368 et
1218 1312 1488 1382 religionis
1540 1313 1654 1367 laus
1676 1327 1769 1366 no—

195 1402 327 1457 stris
352 1403 548 1471 saepius
594 1401 831 1457 insonuit
874 1402 1114 1466 auribus,
1141 1416 1232 1455 seu
1274 1412 1492 1471 propter
1514 1403 1768 1457 sacratis-

193 1494 389 1548 simam
419 1481 802 1549 monachorum
854 1493 1042 1555 vitam,
1070 1507 1164 1546 seu
1204 1500 1424 1561 propter
1464 1492 1767 1561 religiosam

194 1584 458 1641 laicorum
481 1585 941 1641 conversationem
968 1602 981 1636 :
1015 1584 1143 1637 dum
1171 1583 1246 1638 illi
1278 1584 1345 1637 ab
1365 1583 1510 1637 omni
1540 1584 1765 1654 strepitu

192 1674 473 1731 saecularis
518 1672 900 1743 inquietudinis
935 1672 1034 1727 soli
1086 1673 1195 1728 Deo
1218 1688 1409 1728 vacare
1440 1674 1765 1739 desiderant,

192 1774 249 1822 et
270 1767 362 1823 isti
396 1766 540 1840 inter
563 1764 861 1819 mundanas
887 1764 1268 1834 occupationes
1312 1764 1668 1819 castissimam
1692 1766 1768 1818 vi-

193 1866 305 1911 tam
369 1855 672 1911 rationabili
727 1855 1158 1911 consideratione
1232 1856 1427 1925 degere
1494 1857 1763 1909 dicuntur.

193 1946 359 2018 [Quid
396 1946 499 2001 hac
554 1945 808 2000 fraterna:
855 1945 1135 2000 charitatis
1182 1946 1548 2001 vicissitudine
1576 1945 1767 2013 jucun-
1797 1930 1843 1990 Β

160 2104 165 2108 ι
191 2036 356 2091 dius?
379 2035 401 2109 ]
433 2036 513 2090 illi
554 2036 881 2106 quoti’dianis
905 2050 1033 2089 suos
1056 2036 1386 2101 contribules
1433 2036 1767 2089 orationibus

190 2126 447 2195 adjuvare
472 2143 579 2181 non
608 2120 907 2181 desistunt:
939 2126 1026 2181 isti
1059 2127 1447 2183 intercessores
1478 2141 1603 2181 suos
1630 2143 1767 2195 prte-

188 2219 363 2273 sentis
387 2218 510 2273 vitae
556 2217 761 2272 solatiis
790 2224 1093 2272 sustentare
1138 2218 1375 2287 gestiunt
1405 2235 1418 2269 :
1452 2218 1593 2286 quod
1620 2219 1765 2286 quis-

187 2325 295 2379 que
318 2310 548 2381 gratiam
592 2308 979 2364 benedictionis
1002 2308 1104 2386 sibi
1128 2322 1160 2360 a
1189 2308 1301 2363 Deo
1328 2308 1507 2362 datam
1536 2308 1587 2361 in
1606 2309 1766 2363 alter-

189 2400 375 2452 utrum
413 2398 682 2453 refundat.
737 2397 887 2453 Unde
909 2407 963 2451 et
991 2412 1087 2453 nos
1132 2405 1322 2452 vestra:
1347 2398 1561 2466 pietatis
1583 2412 1764 2451 exem-

148 2492 297 2561 'plis
335 2490 528 2555 edocti,
569 2491 739 2544 nostri
790 2489 985 2560 navigii
1043 2505 1259 2544 cursum
1305 2490 1637 2544 orationibus
1669 2504 1761 2543 ve-

188 2592 316 2637 strae
356 2581 658 2636 sanctitatis
693 2580 761 2634 ad
808 2590 1022 2651 portum
1055 2588 1326 2649 perpetua:
1376 2580 1571 2649 quietis
1605 2580 1762 2649 dirigi

187 2686 493 2741 precamur.

261 2759 367 2815 Nos
393 2775 607 2830 quoque
647 2750 833 2813 mutuo
878 2746 1160 2814 charitatis
1186 2759 1363 2814 ofIicio
1412 2769 1603 2814 vestra:
1638 2775 1760 2813 san-

182 2850 361 2906 ctitati
389 2848 745 2920 aliquantulas
780 2848 883 2919 pize
925 2848 1305 2902 admonitionis
1338 2847 1603 2901 litterulas
1629 2847 1761 2900 diri-

183 2924 316 3013 gere
349 2942 678 3006 curavimus,
736 2949 956 3011 propter
1016 2939 1275 3008 quasdam
1324 2937 1754 2999 consuetudines,

183 3047 307 3102 qua
353 3032 553 3091 vestris
590 3031 847 3087 inoluisse
892 3030 1137 3084 feruntur
1189 3029 1515 3100 regionibus.
1556 3027 1759 3083 Dicitur

183 3138 317 3178 vero
341 3123 612 3179 neminem
638 3137 705 3177 ex
749 3122 899 3176 laicis
951 3137 1103 3175 suam
1151 3120 1287 3175 velle
1318 3131 1339 3158 ε
1370 3118 1759 3175 confessionem

183 3212 558 3269 sacerdotibus
590 3211 745 3275 dare,
792 3225 926 3279 quos
953 3225 983 3262 a
1028 3210 1136 3263 Deo
1164 3210 1380 3263 Christo
1405 3225 1526 3263 cum
1558 3212 1757 3265 sanctis

182 3303 443 3373 apostolis
490 3301 686 3372 ligandi
722 3300 1067 3369 solvendique
1122 3308 1444 3368 potestatem
1487 3302 1758 3369 accepisse

180 3392 455 3449 credimus
518 3390 733 3463 (Matth.
765 3406 878 3454 XVI,
913 3390 994 3453 19,
1032 3399 1081 3444 et
1106 3404 1259 3453 mu,
1294 3387 1399 3459 18).
1438 3387 1575 3454 Quid
1605 3389 1759 3443 solvit

181 3482 537 3540 sacerdotalis
602 3489 881 3551 potestas,
928 3482 973 3536 si
1030 3480 1238 3535 vincula
1292 3496 1397 3535 non
1456 3482 1760 3536 considerat

182 3572 376 3643 ligati?
411 3572 711 3626 Cessabunt
752 3585 914 3639 opera
941 3570 1152 3633 medici,
1185 3570 1237 3623 si
1264 3570 1484 3625 vulnera
1539 3586 1643 3624 non
1674 3586 1759 3626 os-

183 3668 414 3722 tendunt
440 3665 595 3739 [ϐοά.
625 3664 767 3729 Sal.,
803 3664 1182 3737 ostenduntur]
1212 3666 1424 3737 aegroti.
1457 3666 1511 3720 Si
1536 3667 1756 3721 vulnera

177 3758 431 3830 corporis
452 3756 684 3813 carnalis
724 3757 915 3813 medici
946 3773 1136 3812 manus
1168 3766 1499 3827 exspectant,
1557 3768 1757 3827 quanto

178 3849 354 3920 magis
380 3846 600 3902 vulnera
629 3846 821 3900 animae
855 3845 1109 3916 spiritalis
1146 3845 1337 3898 medici
1373 3845 1560 3898 solatia
1591 3847 1755 3915 depo-

177 3939 384 3995 scunt?
415 3938 523 3992 Deo
548 3937 713 4001 vis,.o
742 3936 924 3999 homo,
955 3935 1222 3999 confiteri,
1253 3948 1413 4005 quem
1451 3935 1639 3989 nolens
1668 3951 1755 3990 vo-

172 4032 297 4085 lens
346 4029 515 4082 latere
566 4043 672 4083 non
724 4027 973 4095 poteris:
1006 4026 1261 4080 Ecclesia:
1315 4025 1537 4091 Christi,
1568 4027 1619 4079 in
1649 4042 1753 4096 qua

177 4120 441 4190 peccasti,
470 4116 785 4173 satisfacere
817 4116 1063 4187 negligis.
1094 4116 1204 4172 Cur
1246 4117 1359 4187 ipse
1402 4118 1650 4175 Christus
1680 4120 1754 4174 lc-

174 4226 427 4284 prosum,
448 4192 606 4279 quem
653 4207 949 4272 mundavit,
1005 4208 1375 4262 sacerdotibus
1401 4224 1458 4263 se
1478 4208 1641 4277 jussit
1667 4226 1753 4264 os-

178 4301 403 4359 tendere
439 4297 653 4371 (Mattlt.
685 4314 801 4362 vin,
827 4295 934 4367 4)?
981 4295 1092 4353 Cur
1132 4296 1394 4353 Lazarum
1445 4300 1753 4368 quatridua-

175 4410 306 4449 Imm
338 4390 712 4447 resuscitatum
736 4387 870 4443 alios
898 4386 1282 4456 solverejussit
1306 4390 1487 4461 (Joau.
1521 4409 1595 4456 χι,
1620 4392 1707 4461 44)
1730 4393 1753 4445 ?

174 4483 428 4552 Nunquid
455 4496 562 4535 non
596 4479 944 4534 fa'sciamenta
996 4478 1193 4533 mortui
1242 4481 1428 4534 eodem
1460 4482 1621 4536 verbo
1648 4481 1751 4535 sol-

1618 464 1994 522 Ei‘lSTOL.£.

1804 592 1848 646 Α
1878 585 2077 638 homini
2114 583 2355 640 confiteri
2388 585 2661 641 voluisses.
2700 588 2974 657 Superbia:
3004 592 3102 644 hoc
3134 610 3299 661 genus
3324 614 3443 651 esse

3339 482 3444 536 338

1878 674 2090 729 videtur
2112 676 2441 730 sacerdotem
2462 674 2696 742 judicem
2731 678 3017 745 despicere.

1879 784 2035 858 1“
2064 785 2120 841 Si
2154 785 2304 845 dicis
2335 806 2345 838 :
2385 786 2585 840 Bonum
2631 799 2704 841 est
2757 789 2989 856 conﬁteri
3020 790 3241 845 Domino
3273 795 3444 849 ll‘snf.

1875 891 1975 937 xm,
2017 876 2072 945 2)
2106 891 2119 929 :
2152 878 2246 931 sed
2276 876 2472 931 bonum
2518 887 2599 932 cst
2630 878 2787 946 hujus
2827 880 3175 936 confessionis
3202 894 3252 937 te
3284 886 3447 940 habe-

1876 983 1931 1020 re
1957 975 2171 1023 testem.
2230 969 2379 1023 Licet
2407 969 2433 1008 ἀ
2476 986 2579 1023 non
2620 985 2833 1040 semper
2879 972 3145 1028 confesdo
3181 978 3445 1044 poeniten-

1873 1061 2000 1113 tiam
2028 1044 2314 1129 significet,
2338 1060 2751 1130 scd'smpissime
2802 1061 3035 1125 laudem,
3090 1074 3149 1117 ut
3191 1068 3243 1120 in
3274 1063 3447 1123 Evan-

1872 1150 2008 1220 gelio
2036 1152 2146 1219 ipsa
2176 1151 2385 1205 Veritas
2415 1153 2547 1205 dixit
2575 1171 2587 1206 :
2618 1141 2880 1220 Conﬁteor
2906 1156 3017 1217 tibi,
3050 1155 3209 1209 Pater
3245 1160 3355 1211 creti
3398 1172 3445 1213 et

1870 1244 2259 1313 terrwtdfattlt.
2288 1260 2361 1305 XI,
2387 1244 2499 1312 25),
2535 1246 2588 1300 id
2630 1255 2735 1311 est,
2766 1246 2925 1301 laudo
2956 1258 3024 1311 te,
3055 1248 3214 1305 Pater
3246 1254 3363 1307 cmli
3392 1267 3444 1308 et

1873 1346 2048 1391 terrae.
2100 1337 2167 1391 Et
2203 1338 2256 1391 in
2282 1338 2533 1409 Symboio
2580 1337 2818 1395 dicitur:
2856 1341 3119 1411 Conﬁteor
3156 1364 3315 1401 unum
3359 1350 3444 1401 bo-

1868 1431 2057 1496 ptisma
2093 1440 2149 1484 et
2193 1441 2407 1494 caetera,
2456 1447 2576 1501 qiue
2624 1443 2918 1502 sequuntur
2964 1436 3029 1489 ad
3081 1437 3219 1492 idem
3278 1443 3445 1510 rcSpi-

1870 1520 2065 1574 cientia
2104 1522 2323 1575 verbum
2352 1538 2368 1575 :
2396 1524 2539 1591 quod
2568 1525 2809 1587 verbum,
2860 1526 2910 1579 id
2949 1535 3048 1591 est,
3091 1524 3360 1597 conﬁteor,
3389 1530 3443 1585 in

1870 1606 1970 1661 hoc
1993 1606 2109 1662 loco
2153 1608 2547 1664 confessionem
2601 1611 2743 1676 ﬁdei,
2773 1629 2877 1667 non
2922 1621 3261 1684 peccatorum
3306 1618 3445 1674 desi-

1870 1701 2017 1759 gnat.
2054 1692 2344 1747 Erubescis
2374 1693 2576 1748 homini
2610 1696 2661 1747 in
2693 1696 2920 1752 salutem
2954 1708 3099 1754 tuam
3142 1706 3443 1769 ostendere,

1868 1781 2008 1849 quod
2030 1797 2135 1836 non
2156 1784 2434 1838 erubescis
2456 1798 2577 1839 cum
2601 1785 2816 1840 homine
2838 1788 2891 1841 in
2917 1792 3271 1857 perditionem
3297 1802 3441 1848 tuam

1870 1873 2221 1940 perpetrare?
2249 1873 2510 1929 Ancillam
2540 1883 2685 1929 tuam
2719 1878 3016 1946 iniquitatis
3043 1888 3147 1935 tute
3169 1885 3437 1939 consciam

1872 1963 1949 2015 vis
2000 1964 2229 2028 habere,
2270 1973 2325 2019 et
2370 1966 2701 2021 sacerdotem
2746 1966 2946 2022 Christi
2997 1972 3445 2029 reconciliationis

1869 2061 1973 2107 tua!
2009 2070 2113 2107 non
2158 2055 2241 2109 vis
2269 2056 2468 2110 habere
2509 2057 2851 2125 adjutorcm?
2878 2059 2980 2115 Per
3022 2060 3294 2117 inimicum
3326 2079 3444 2119 cors

1867 2144 2042 2207 rnisti,
2070 2153 2255 2199 etnon
2314 2148 2395 2201 vis
2443 2161 2541 2216 per
2584 2149 2814 2203 amicum
2860 2152 3181 2223 resurgere?
3216 2152 3437 2209 Multum

1863 2229 2129 2286 offendisti
2160 2234 2444 2288 Dominum
2489 2243 2663 2299 tuum,
2706 2246 2759 2291 et
2781 2238 2942 2292 alium
2994 2255 3097 2294 non
3140 2242 3219 2295 vis
3247 2242 3443 2297 habere

1865 2324 2346 2387 reconciliatorem,
2376 2326 2478 2379 nisi
2504 2335 2554 2379 te
2601 2328 2820 2396 ipsum?
2848 2328 3088 2386 Confidis
3122 2347 3217 2401 per
3245 2333 3441 2387 oratio-

1864 2426 1960 2465 nes
1998 2422 2118 2467 tuas
2156 2411 2393 2469 salvari?
2446 2415 2665 2485 Spernis
2714 2419 3063 2488 apostolicum
3113 2432 3435 2491 praeceptum

1864 2501 2091 2557 dicentis
2116 2519 2128 2557 :
2156 2502 2316 2559 Orate
2334 2522 2430 2577 pro
2454 2508 2688 2571 invicem,
2721 2518 2773 2561 ut
2793 2509 3061 2563 salvemini
3078 2528 3093 2573 ;
3125 2521 3179 2566 et
3204 2513 3397 2567 iterum
3425 2536 3431 2565 :

1864 2602 1891 2629 θ
1934 2590 1995 2646 Si
2026 2593 2141 2662 quis
2188 2604 2426 2662 peccator
2452 2603 2548 2658 est,
2587 2606 2694 2649 oret
2738 2612 2831 2665 pro
2860 2613 2920 2651 eo
2956 2598 3221 2663 sacerdos,
3254 2610 3308 2653 ut
3336 2603 3441 2654 saf-

1866 2691 2027 2734 retur.
2077 2681 2213 2753 Quid
2241 2684 2309 2737 ad
2346 2684 2459 2739 hrcc
2508 2684 2715 2750 dicitis,
2747 2702 2867 2757 quae
2892 2688 2945 2741 in
2995 2690 3183 2744 eadem
3214 2690 3436 2759 epistola

1867 2771 2152 2849 leguntur:
2195 2772 2528 2841 Conﬁtemini
2554 2775 2858 2831 alterutrum
2879 2788 3091 2849 peccata
3121 2790 3288 2833 vestra
3317 2779 3433 2849 (Ja-

1861 2862 1975 2914 cob.
2006 2879 2057 2925 v,
2089 2862 2170 2926 li,
2198 2862 2282 2928 i5,
2306 2863 2417 2933 t6),
2456 2872 2515 2923 ut
2535 2865 2813 2923 deleantur
2834 2867 3027 2922 delicta
3052 2877 3231 2923 vestra
3254 2870 3277 2922 ?
3298 2868 3435 2938 Quid

1861 2959 1960 3015 est,
2017 2951 2158 3025 quod
2212 2952 2389 3005 dixit:
2433 2952 2788 3008 alterutrum?
2841 2956 2943 3009 nisi
2994 2957 3155 3013 homo
3207 2958 3431 3021 homini,

1864 3056 1991 3101 reus
2012 3040 2200 3111 judici,
2230 3050 2464 3112 :egrotus
2493 3043 2745 3098 medico?
2774 3044 2887 3115 Ipsa
2921 3060 3135 3114 quoque
3160 3046 3433 3118 Sapientia

1859 3148 1957 3203 per
2004 3133 2344 3189 Salomonem
2391 3133 2567 3188 dixit:
2617 3132 2720 3199 Qui
2762 3136 3028 3191 abscondit
3068 3138 3261 3192 scelera
3313 3158 3430 3205 sua,

1786 3267 1829 3328 C
1864 3243 1966 3280 non
1997 3226 2251 3296 dirigetur
2308 3224 2489 3296 (Prov.
2519 3241 2712 3291 xxviii,
2754 3226 2882 3300 i3);
2918 3228 2970 3283 id
3000 3238 3121 3313 est,
3158 3246 3268 3289 non
3303 3231 3434 3316 diri-

1863 3325 2017 3385 getur
2040 3318 2092 3369 in
2122 3318 2263 3371 viam
2291 3318 2502 3403 salutis,
2528 3318 2623 3386 qui
2660 3327 2885 3387 peccata
2909 3310 3003 3374 sua
3034 3320 3213 3403 celare
3234 3306 3430 3399 studet.

1931 3426 2180 3495 Nunquid
2203 3426 2314 3482 Deo
2339 3428 2597 3483 abscondi
2621 3440 2847 3498 possunt
2869 3431 3071 3488 scelera
3104 3441 3314 3498 nostra,
3344 3435 3432 3505 qui

1858 3517 2040 3572 omnia
2085 3516 2250 3580 videt,
2306 3518 2458 3575 novit
2480 3526 2533 3599 et
2574 3519 2888 3580 considerat
2908 3520 2932 3574 Υ
2954 3520 3036 3599 ab
3062 3520 3285 3599 homine
3312 3538 3431 3594 pos-

1858 3622 2045 3662 sumus
2078 3607 2421 3665 abscondere
2446 3596 2577 3675 quae,
2590 3609 2819 3679 agimus,
2868 3620 2927 3671 st
2946 3596 3053 3665 non
3244 3609 3431 3679 Nonne

1858 3697 2025 3750 David
2051 3705 2319 3764 prasente
2359 3694 2904 3773 Nubat-propheta,
2945 3699 3038 3774 qui
3081 3714 3139 3756 se
3165 3688 3432 3770 "arguebat

1856 3798 1953 3850 pro
1978 3791 2198 3851 peccato
2219 3798 2317 3836 suo
2340 3783 2475 3837 dixit
2500 3802 2513 3837 :
2540 3776 2761 3857 Peccavi
2790 3785 3012 3843 Domino
3033 3784 3123 3857 (Il
3172 3777 3298 3861 Reg.
3324 3805 3424 3855 su.

1858 3872 1989 3941 13)?
2018 3872 2155 3931 Ecce
2184 3881 2364 3927 tantus
2391 3874 2475 3927 vir
2501 3881 2690 3929 testem
2726 3873 3083 3931 confessionis
3124 3891 3236 3933 suae
3261 3878 3430 3934 voluit

1857 3963 2054 4017 habere
2102 3964 2440 4032 prophetam.
2509 3963 2576 4019 Et
2600 3963 2726 4033 quia
2786 3979 2894 4019 non
2930 3967 3145 4021 erubuit
3186 3967 3427 4023 confiteri

1856 4053 1998 4122 quod
2030 4053 2194 4122 impie
2242 4056 2428 4123 gessit,
2476 4054 2658 4109 statim
2710 4054 3124 4129 audivitzEcce
3171 4056 3427 4113 Dominus

1854 4142 2119 4195 transtulit
2154 4153 2423 4212 peccatum
2466 4152 2634 4197 tuum.
2674 4138 3213 4221 Hominipatefecit
3237 4148 3430 4213 vulnus

1855 4245 2029 4295 suum,
2061 4242 2118 4287 et
2152 4248 2184 4286 a
2212 4232 2321 4287 Deo
2349 4234 2471 4286 mox
2501 4232 2794 4290 remedium
2839 4236 3085 4307 acccpit._
3121 4234 3255 4305 Nam
3284 4245 3338 4291 et
3373 4240 3425 4291 in

1854 4322 2095 4378 Levitico
2152 4324 2468 4394 saepissime,
2524 4316 2749 4378 Domino
2782 4314 3105 4392 mandante,
3175 4337 3428 4397 peccato:-

1852 4416 1921 4469 ad
1954 4414 2288 4469 sacerdotem
2314 4416 2548 4471 mittitur
2571 4430 2691 4470 cum
2726 4416 2962 4482 victima,
3008 4414 3169 4487 quam
3194 4414 3423 4473 oﬂ'crens

1853 4503 1962 4557 Deo
1988 4514 2105 4558 oret
2126 4518 2225 4572 pro
2246 4519 2330 4569 eo,
2363 4512 2416 4559 et
2461 4504 2764 4560 dimittatur
2796 4505 2845 4559 ei
2893 4504 3035 4577 (Leo.
3060 4520 3113 4570 v,
3146 4503 3253 4576 12).
3295 4504 3422 4575 Qua:

175 4590 303 4630 vere
330 4580 561 4644 poterat,
586 4586 694 4640 quo
714 4578 993 4654 mortuum
1019 4570 1142 4624 vice
1169 4570 1433 4625 redditum
1468 4571 1533 4627 de
1574 4574 1750 4641 sepul-
1778 4611 1825 4669 ο
1851 4608 1911 4646 su

1686 4574 1750 4625 ¹¹’
1778 4611 1825 4669 ο
1851 4603 1976 4646 sunt
2012 4570 2209 4647 nostra:
2237 4594 2468 4647 victima:
2492 4609 2590 4663 pro
2616 4595 2872 4661 peccatis,
2902 4570 2949 4647 ‘a
2983 4596 3140 4649 nobis
3176 4570 3424 4650 commis-

171 4683 269 4722 cro
297 4662 510 4733 prodire
567 4659 773 4729 jussit?
819 4658 929 4713 Cur
982 4644 1333 4727 interrogavit
1383 4679 1553 4717 (προς
1586 4666 1654 4718 ad
1690 4679 1747 4717 se

170 4758 491 4820 clamantes,
524 4752 651 4825 quid
679 4752 954 4806 voluissent
982 4751 1195 4817 (Matth.
1229 4768 1318 4814 xx,
1341 4753 1431 4823 32)
1454 4754 1475 4806 ?
1503 4752 1584 4807 An
1608 4755 1749 4825 igno-

172 4864 297 4904 rare
318 4844 498 4902 cordis
535 4859 723 4900 eorum
758 4843 1085 4916 voluntatem
1142 4843 1331 4911 potuit,
1362 4843 1451 4912 qui
1506 4853 1747 4913 optatum

171 4939 355 4993 lumen
384 4936 554 4991 oculis
584 4934 794 4988 illorum
823 4928 1046 4987 reddere
1075 4933 1281 4987 valuit?
1320 4932 1480 4988 Forte
1508 4936 1551 4989 si
1581 4936 1747 4991 Dcum

172 5030 373 5092 latere,
393 5027 533 5081 sicut
556 5026 823 5078 hominem
851 5026 1134 5103 patuisses,
1178 5041 1275 5079 nec
1306 5024 1412 5079 Deo
1443 5027 1561 5095 plus
1584 5043 1745 5096 quam

244 5196 271 5225 ι
308 5180 450 5238 Edit.
498 5177 747 5245 Quercet.
798 5175 899 5247 τι)
937 5174 1132 5247 Canis.
1176 5174 1246 5227 26
1292 5175 1565 5247 (Froben.
1594 5177 1740 5247 9(1);

174 5253 459 5309 emendata
487 5244 554 5305 es
578 5248 698 5304 eod.
731 5260 831 5299 ms.
862 5244 1056 5299 Salisb.
1076 5283 1090 5308 ,
1116 5244 1168 5311 ip
1208 5258 1314 5312 quo
1353 5245 1496 5298 hunc
1532 5244 1742 5300 titulum

175 5321 377 5386 habet;
410 5317 604 5374 Contra
642 5333 729 5372 eos
757 5315 845 5385 qui
884 5313 1065 5369 nolunt
1092 5313 1444 5367 sacerdotibus
1472 5314 1598 5370 dare
1624 5333 1744 5370 con-

198 5406 474 5446 esssonem.
746 5443 762 5455 ,

174 5392 612 5519 “famam.
642 5443 890 5512 Can'isius
924 5455 1063 5520 hanc
1103 5470 1288 5510 vocem
1326 5454 1377 5507 in
1415 5470 1525 5509 ms.
1559 5471 1743 5510 corru—

172 5538 322 5606 ptam
349 5525 694 5606 existimans,
723 5525 824 5606 legi
848 5524 962 5579 vult
990 5524 1306 5606 Scotorum.“
1476 5527 1617 5580 nulla
1647 5537 1745 5606 cst

176 5594 315 5654 ratio
354 5612 457 5651 ms.
499 5594 830 5665 corrigendi,
876 5610 997 5649 cum
1038 5603 1248 5649 constet
1277 5594 1562 5649 Aleuinum
1609 5597 1741 5653 alias

173 5671 338 5748 etiam
362 5665 618 5748 epistolas
642 5664 709 5720 ad
738 5666 1029 5719 monaclms
1053 5664 1259 5720 Cotliize
1300 5679 1390 5717 Seu
1434 5664 1739 5733 Septimano

173 5740 277 5796 nim
301 5736 600 5807 scripsisse.

245 5822 266 5849 ε
307 5804 712 5875 Confessionem.
757 5804 1035 5873 Egregium
1080 5815 1161 5859 est
1204 5808 1302 5860 hoc
1348 5806 1551 5875 ,κιαιιίῃί
1592 5810 1739 5860 testi-
1768 5830 1783 5853 τ

176 5880 415 5935 Inonium
440 5892 537 5947 pro
577 5874 909 5931 confessione
950 5876 1234 5930 auriculari
1268 5884 1451 5929 contra
1494 5874 1731 5931 model‘ni

1850 4681 1959 4743 sis,
1982 4682 2083 4734 nisi
2143 4680 2410 4735 confessio
2470 4689 2812 4750 peccatorum
2857 4685 3211 4738 nostrorum?
3248 4684 3419 4752 Quam

1850 4785 1981 4839 pure
2012 4770 2120 4825 Deo
2146 4785 2241 4840 per
2288 4771 2619 4827 sacerdotem
2671 4772 2864 4827 offerre
2910 4773 3203 4839 debemus;
3236 4788 3421 4847 quate-

1850 4875 1950 4914 nus
1987 4861 2319 4916 oratioaibus
2378 4860 2537 4924 illius,
2584 4870 2779 4916 nostnc
2826 4861 3176 4921 confessionis
3220 4868 3420 4923 oblati"

1851 4949 1959 5005 Deo
1982 4951 2323 5021 acceptabilis
2357 4951 2467 5016 fiat,
2500 4959 2553 5006 et
2585 4953 2952 5007 remissionem
2992 4954 3059 5009 ab
3096 4971 3160 5009 co
3189 4958 3417 5025 accipia-

1849 5057 1989 5105 mus,
2015 5042 2099 5094 cui
2120 5050 2193 5093 est
2218 5040 2536 5107 sacri/icium
2576 5041 2790 5109 spiritus
2836 5040 3231 5102 contribulatns,
3260 5053 3307 5095 et
3327 5059 3417 5097 car

1846 5192 2007 5275 etiam
2035 5191 2296 5275 temporis
2322 5191 2625 5275 hereticos.
2655 5194 2745 5275 qui
2775 5196 2873 5248 soli
2903 5196 3286 5275 Deoopeccata.

1846 5260 1985 5314 ﬁteri
2013 5259 2258 5315 sufficere
2285 5270 2550 5316 asserunt.
2588 5259 2791 5319 De'hac
2811 5280 2870 5319 re
2889 5259 3145 5318 Aleuinus
3162 5264 3288 5318 alibi
3313 5282 3411 5331 sge-

1845 5330 1991 5453 pius,
2021 5339 2078 5384 ut
2110 5331 2161 5385 in
2190 5331 2429 5402 epistolis
2460 5332 2554 5393 15,
2586 5333 2656 5387 59
2683 5336 2856 5403 (nunc.
2878 5332 2970 5395 14,
2997 5332 3121 5403 44),
3148 5343 3251 5389 etc.
3285 5335 3405 5389 Vni.

1875 5400 2043 5453 lalnll.
2073 5401 2229 5453 Praef.
2264 5402 2327 5453 ad
2357 5409 2487 5453 nart.
2524 5418 2540 5453 ι
2571 5402 2705 5453 Suec.
2741 5401 3047 5453 m.Bened..
3074 5419 3195 5453 nae.
3224 5405 3275 5453 9.

1875 5400 2043 5485 la.bil_l’.
2073 5400 2235 5456 Praef;
2264 5402 2327 5455 ad
2356 5409 2487 5485 part.
2524 5400 2705 5483 ιβωοζ
2741 5401 3051 5485 i.l_t,iiened.,
3070 5400 3195 5485 pag.
3224 5405 3275 5458 9.

1913 5471 1935 5510 δ
1985 5472 2101 5526 Non
2128 5486 2327 5539 semper
2349 5470 2603 5540 confessio
2631 5472 2980 5540 panitcntiam
3007 5470 3288 5595 signiﬁcat.
3336 5473 3407 5529 De

1913 5559 1943 5594 c
1988 5540 2260 5605 eleganter
2306 5539 2389 5594 8.-
2417 5540 2551 5605 Aug.
2602 5553 2763 5595 serm.
2818 5541 2882 5605 8,
2930 5542 2996 5596 de
3088 5544 3204 5596 erb.
3250 5542 3404 5598 Dom.

3041 5203 3255 5263 peccata
3286 5211 3413 5249 con-

1844 5542 1943 5595 boc
1988 5540 2260 5611 eleganter
2306 5539 2389 5594 8.-
2417 5539 2551 5611 Aug.
2602 5539 2763 5595 serui.

1841 5613 2105 5668 (iuratus.
3192 5668 3195 5669 ,

1916 5692 1937 5719 ε
1978 5679 2036 5733 Si
2060 5680 2174 5747 quis
2199 5692 2437 5747 peccator
2461 5692 2533 5734 est
2560 5691 2797 5734 restrum.
2831 5681 2958 5735 Illud
2986 5682 3043 5735 S.
3070 5681 3253 5738 Jacobi
3277 5704 3289 5736 :
3322 5685 3409 5738 1n-

1838 5750 2080 5815 ﬁrnmtnr
2110 5750 2226 5820 quis
2258 5751 2317 5820 in
2346 5751 2511 5812 vobis,
2547 5760 2649 5820 cto.
2674 5793 2686 5809 ,
2722 5749 2786 5802 ad
2825 5750 3061 5805 animum
3105 5766 3405 5820 peccaturis

1840 5818 2303 5873 acconimodatitio
2335 5834 2489 5873 sensu
2522 5819 2680 5873 refert
2713 5821 3000 5890 eleganter.
3032 5818 3211 5877 (issit.
3270 5852 3275 5855 -
