  <div class='ocr_page' id='page_1' title='image "/cluster/home/n/w/nwhite01/storage/ocr_20150623/99-100/uc1.31175006946845/817.png"; bbox 0 0 4400 6434; ppageno 0'>
   <div class='ocr_carea' id='block_1_1' title="bbox 789 418 892 477">
    <p class='ocr_par' dir='ltr' id='par_1_1' title="bbox 789 418 892 477">
     <span class='ocr_line' id='line_1_1' title="bbox 789 418 892 477; baseline 0 0"><span class='ocrx_word' id='word_1_1' title='bbox 789 418 892 477; x_wconf 78' lang='lat'><strong>359</strong></span> 
     </span>
    </p>
   </div>
   <div class='ocr_carea' id='block_1_2' title="bbox 1617 414 3134 480">
    <p class='ocr_par' dir='ltr' id='par_1_2' title="bbox 1617 414 3134 480">
     <span class='ocr_line' id='line_1_2' title="bbox 1617 414 3134 480; baseline 0 -8"><span class='ocrx_word' id='word_1_2' title='bbox 1617 418 1677 473; x_wconf 77' lang='grc' dir='ltr'><strong>Β.</strong></span> <span class='ocrx_word' id='word_1_3' title='bbox 1717 417 1777 474; x_wconf 77' lang='lat'><strong>1&quot;.</strong></span> <span class='ocrx_word' id='word_1_4' title='bbox 1817 418 2039 475; x_wconf 70' lang='lat' dir='ltr'><strong>ALBINI</strong></span> <span class='ocrx_word' id='word_1_5' title='bbox 2087 420 2217 476; x_wconf 84' lang='lat' dir='ltr'><strong>SEU</strong></span> <span class='ocrx_word' id='word_1_6' title='bbox 2255 415 2526 480; x_wconf 63' lang='lat' dir='ltr'><strong>ALCUlNl</strong></span> <span class='ocrx_word' id='word_1_7' title='bbox 2562 414 2842 474; x_wconf 76' lang='lat' dir='ltr'><strong>OPERUM</strong></span> <span class='ocrx_word' id='word_1_8' title='bbox 2880 416 3055 474; x_wconf 76' lang='lat' dir='ltr'><strong>PARS</strong></span> <span class='ocrx_word' id='word_1_9' title='bbox 3092 415 3134 473; x_wconf 88' lang='lat' dir='ltr'><strong>l.</strong></span> 
     </span>
    </p>
   </div>
   <div class='ocr_carea' id='block_1_3' title="bbox 3909 421 4018 478">
    <p class='ocr_par' dir='ltr' id='par_1_3' title="bbox 3909 421 4018 478">
     <span class='ocr_line' id='line_1_3' title="bbox 3909 421 4018 478; baseline 0 0"><span class='ocrx_word' id='word_1_10' title='bbox 3909 421 4018 478; x_wconf 64' lang='lat'><strong>360</strong></span> 
     </span>
    </p>
   </div>
   <div class='ocr_carea' id='block_1_4' title="bbox 789 499 4016 605">
    <p class='ocr_par' dir='ltr' id='par_1_4' title="bbox 789 499 4016 605">
     <span class='ocr_line' id='line_1_4' title="bbox 789 499 4016 605; baseline 0.003 -23"><span class='ocrx_word' id='word_1_11' title='bbox 789 533 1067 592; x_wconf 63' lang='lat' dir='ltr'><strong>contritum</strong></span> <span class='ocrx_word' id='word_1_12' title='bbox 1105 539 1152 583; x_wconf 83' lang='lat' dir='ltr'><strong>et</strong></span> <span class='ocrx_word' id='word_1_13' title='bbox 1187 529 1518 585; x_wconf 69' lang='lat' dir='ltr'><strong>humiliorem</strong></span> <span class='ocrx_word' id='word_1_14' title='bbox 1564 549 1669 586; x_wconf 73' lang='lat' dir='ltr'><strong>non</strong></span> <span class='ocrx_word' id='word_1_15' title='bbox 1709 536 1904 603; x_wconf 72' lang='lat' dir='ltr'><strong>spernit</strong></span> <span class='ocrx_word' id='word_1_16' title='bbox 1953 534 2124 605; x_wconf 78' lang='lat' dir='ltr'><strong>(Psal.</strong></span> <span class='ocrx_word' id='word_1_17' title='bbox 2157 551 2207 594; x_wconf 83' lang='grc' dir='ltr'><strong>ι..</strong></span> <span class='ocrx_word' id='word_1_18' title='bbox 2239 533 2346 604; x_wconf 83' lang='lat' dir='ltr'><strong>l9).</strong></span> <span class='ocrx_word' id='word_1_19' title='bbox 2377 535 2424 592; x_wconf 77' lang='grc' dir='ltr'><strong>Δ</strong></span> <span class='ocrx_word' id='word_1_20' title='bbox 2453 539 2502 583; x_wconf 82' lang='lat' dir='ltr'><strong>ct</strong></span> <span class='ocrx_word' id='word_1_21' title='bbox 2530 547 2703 584; x_wconf 80' lang='lat' dir='ltr'><strong>coram</strong></span> <span class='ocrx_word' id='word_1_22' title='bbox 2734 541 2781 586; x_wconf 83' lang='lat' dir='ltr'><strong>te</strong></span> <span class='ocrx_word' id='word_1_23' title='bbox 2807 531 2827 603; x_wconf 93' lang='lat'><strong>(</strong></span> <span class='ocrx_word' id='word_1_24' title='bbox 2853 532 2975 586; x_wconf 83' lang='lat' dir='ltr'><strong>Luc.</strong></span> <span class='ocrx_word' id='word_1_25' title='bbox 3005 547 3101 596; x_wconf 81' lang='lat' dir='ltr'><strong>xv,</strong></span> <span class='ocrx_word' id='word_1_26' title='bbox 3133 530 3198 587; x_wconf 72' lang='grc'><strong>18</strong></span> <span class='ocrx_word' id='word_1_27' title='bbox 3222 499 3262 603; x_wconf 49' lang='grc'><strong>)’.</strong></span> <span class='ocrx_word' id='word_1_28' title='bbox 3308 532 3419 594; x_wconf 81' lang='lat' dir='ltr'><strong>Sed</strong></span> <span class='ocrx_word' id='word_1_29' title='bbox 3455 534 3616 590; x_wconf 84' lang='lat' dir='ltr'><strong>semel</strong></span> <span class='ocrx_word' id='word_1_30' title='bbox 3657 535 3920 592; x_wconf 91' lang='lat' dir='ltr'><strong>sacerdoti</strong></span> <span class='ocrx_word' id='word_1_31' title='bbox 3960 539 4016 592; x_wconf 91' lang='lat' dir='ltr'><strong>in</strong></span> 
     </span>
    </p>
   </div>
   <div class='ocr_carea' id='block_1_5' title="bbox 733 621 2352 695">
    <p class='ocr_par' dir='ltr' id='par_1_5' title="bbox 733 621 2352 695">
     <span class='ocr_line' id='line_1_5' title="bbox 733 621 2352 695; baseline 0.001 -19"><span class='ocrx_word' id='word_1_32' title='bbox 733 652 746 663; x_wconf 87' lang='lat'><strong>-</strong></span> <span class='ocrx_word' id='word_1_33' title='bbox 857 621 1104 676; x_wconf 79' lang='lat' dir='ltr'><strong>Christus</strong></span> <span class='ocrx_word' id='word_1_34' title='bbox 1146 636 1245 690; x_wconf 87' lang='lat' dir='ltr'><strong>pro</strong></span> <span class='ocrx_word' id='word_1_35' title='bbox 1276 622 1478 676; x_wconf 85' lang='lat' dir='ltr'><strong>nostris</strong></span> <span class='ocrx_word' id='word_1_36' title='bbox 1520 621 1810 680; x_wconf 77' lang='lat' dir='ltr'><strong>sceleribus</strong></span> <span class='ocrx_word' id='word_1_37' title='bbox 1854 626 1923 679; x_wconf 88' lang='lat' dir='ltr'><strong>ab</strong></span> <span class='ocrx_word' id='word_1_38' title='bbox 1954 624 2187 686; x_wconf 76' lang='lat' dir='ltr'><strong>inimicis</strong></span> <span class='ocrx_word' id='word_1_39' title='bbox 2209 624 2352 695; x_wconf 76' lang='lat' dir='ltr'><strong>judi-</strong></span> 
     </span>
    </p>
   </div>
   <div class='ocr_carea' id='block_1_6' title="bbox 787 711 2351 776">
    <p class='ocr_par' dir='ltr' id='par_1_6' title="bbox 787 711 2351 776">
     <span class='ocr_line' id='line_1_6' title="bbox 787 711 2351 776; baseline 0.002 -8"><span class='ocrx_word' id='word_1_40' title='bbox 787 713 900 768; x_wconf 87' lang='lat' dir='ltr'><strong>cari</strong></span> <span class='ocrx_word' id='word_1_41' title='bbox 926 712 978 765; x_wconf 94' lang='lat' dir='ltr'><strong>in</strong></span> <span class='ocrx_word' id='word_1_42' title='bbox 1005 713 1144 766; x_wconf 90' lang='lat' dir='ltr'><strong>hunc</strong></span> <span class='ocrx_word' id='word_1_43' title='bbox 1169 711 1425 766; x_wconf 85' lang='lat' dir='ltr'><strong>mundum</strong></span> <span class='ocrx_word' id='word_1_44' title='bbox 1451 712 1616 776; x_wconf 83' lang='lat' dir='ltr'><strong>venit,</strong></span> <span class='ocrx_word' id='word_1_45' title='bbox 1645 721 1706 769; x_wconf 92' lang='lat' dir='ltr'><strong>ut</strong></span> <span class='ocrx_word' id='word_1_46' title='bbox 1749 728 1847 769; x_wconf 90' lang='lat' dir='ltr'><strong>nos</strong></span> <span class='ocrx_word' id='word_1_47' title='bbox 1872 715 2165 773; x_wconf 82' lang='lat' dir='ltr'><strong>redimeret</strong></span> <span class='ocrx_word' id='word_1_48' title='bbox 2183 715 2351 771; x_wconf 75' lang='lat' dir='ltr'><strong>adia-</strong></span> 
     </span>
    </p>
   </div>
   <div class='ocr_carea' id='block_1_7' title="bbox 787 803 2350 872">
    <p class='ocr_par' dir='ltr' id='par_1_7' title="bbox 787 803 2350 872">
     <span class='ocr_line' id='line_1_7' title="bbox 787 803 2350 872; baseline 0.001 -16"><span class='ocrx_word' id='word_1_49' title='bbox 787 803 893 856; x_wconf 82' lang='lat' dir='ltr'><strong>boti</strong></span> <span class='ocrx_word' id='word_1_50' title='bbox 923 803 1182 858; x_wconf 87' lang='lat' dir='ltr'><strong>servitute</strong></span> <span class='ocrx_word' id='word_1_51' title='bbox 1213 820 1227 856; x_wconf 93' lang='lat'><strong>:</strong></span> <span class='ocrx_word' id='word_1_52' title='bbox 1262 811 1317 857; x_wconf 88' lang='lat' dir='ltr'><strong>et</strong></span> <span class='ocrx_word' id='word_1_53' title='bbox 1338 818 1436 858; x_wconf 92' lang='lat' dir='ltr'><strong>nos</strong></span> <span class='ocrx_word' id='word_1_54' title='bbox 1464 803 1814 872; x_wconf 78' lang='lat' dir='ltr'><strong>dedignamur</strong></span> <span class='ocrx_word' id='word_1_55' title='bbox 1842 819 1879 871; x_wconf 59' lang='grc' dir='ltr'><strong>ει,</strong></span> <span class='ocrx_word' id='word_1_56' title='bbox 1908 805 2109 859; x_wconf 84' lang='lat' dir='ltr'><strong>sanctis</strong></span> <span class='ocrx_word' id='word_1_57' title='bbox 2144 804 2239 863; x_wconf 79' lang='lat' dir='ltr'><strong>Dei</strong></span> <span class='ocrx_word' id='word_1_58' title='bbox 2265 819 2350 860; x_wconf 90' lang='lat' dir='ltr'><strong>sa-</strong></span> 
     </span>
    </p>
   </div>
   <div class='ocr_carea' id='block_1_8' title="bbox 662 885 2352 960">
    <p class='ocr_par' dir='ltr' id='par_1_8' title="bbox 662 885 2352 960">
     <span class='ocr_line' id='line_1_8' title="bbox 662 885 2352 960; baseline 0.004 -20"><span class='ocrx_word' id='word_1_59' title='bbox 662 904 672 910; x_wconf 87' lang='grc'>·</span> <span class='ocrx_word' id='word_1_60' title='bbox 787 890 1093 947; x_wconf 75' lang='lat' dir='ltr'><strong>rerdotihus</strong></span> <span class='ocrx_word' id='word_1_61' title='bbox 1109 889 1362 957; x_wconf 81' lang='lat' dir='ltr'><strong>judicari,</strong></span> <span class='ocrx_word' id='word_1_62' title='bbox 1392 899 1452 946; x_wconf 92' lang='lat' dir='ltr'><strong>ut</strong></span> <span class='ocrx_word' id='word_1_63' title='bbox 1491 890 1778 950; x_wconf 82' lang='lat' dir='ltr'><strong>liberemur</strong></span> <span class='ocrx_word' id='word_1_64' title='bbox 1804 907 1837 960; x_wconf 58' lang='grc' dir='ltr'><strong><em>λ</em></strong></span> <span class='ocrx_word' id='word_1_65' title='bbox 1857 892 2087 950; x_wconf 85' lang='lat' dir='ltr'><strong>vinculis</strong></span> <span class='ocrx_word' id='word_1_66' title='bbox 2105 885 2352 959; x_wconf 85' lang='lat' dir='ltr'><strong>peccato-</strong></span> 
     </span>
    </p>
   </div>
   <div class='ocr_carea' id='block_1_9' title="bbox 789 972 2351 1053">
    <p class='ocr_par' dir='ltr' id='par_1_9' title="bbox 789 972 2351 1053">
     <span class='ocr_line' id='line_1_9' title="bbox 789 972 2351 1053; baseline -0.007 -8"><span class='ocrx_word' id='word_1_67' title='bbox 789 998 906 1036; x_wconf 82' lang='lat' dir='ltr'><strong>rum</strong></span> <span class='ocrx_word' id='word_1_68' title='bbox 945 972 1295 1037; x_wconf 64' lang='lat' dir='ltr'><strong>nostrorum?</strong></span> <span class='ocrx_word' id='word_1_69' title='bbox 1344 982 1436 1041; x_wconf 86' lang='lat' dir='ltr'><strong>llle</strong></span> <span class='ocrx_word' id='word_1_70' title='bbox 1487 984 1690 1052; x_wconf 85' lang='lat' dir='ltr'><strong>absque</strong></span> <span class='ocrx_word' id='word_1_71' title='bbox 1733 983 1879 1038; x_wconf 86' lang='lat' dir='ltr'><strong>omni</strong></span> <span class='ocrx_word' id='word_1_72' title='bbox 1911 992 2148 1053; x_wconf 79' lang='lat' dir='ltr'><strong>peccato,</strong></span> <span class='ocrx_word' id='word_1_73' title='bbox 2181 977 2351 1038; x_wconf 56' lang='lat' dir='ltr'><strong>hami;</strong></span> 
     </span>
    </p>
   </div>
   <div class='ocr_carea' id='block_1_10' title="bbox 787 1058 2343 1147">
    <p class='ocr_par' dir='ltr' id='par_1_10' title="bbox 787 1058 2343 1147">
     <span class='ocr_line' id='line_1_10' title="bbox 787 1058 2343 1147; baseline 0.002 -23"><span class='ocrx_word' id='word_1_74' title='bbox 787 1085 917 1125; x_wconf 83' lang='lat' dir='ltr'><strong>num</strong></span> <span class='ocrx_word' id='word_1_75' title='bbox 939 1070 1208 1134; x_wconf 80' lang='lat' dir='ltr'><strong>assistere,</strong></span> <span class='ocrx_word' id='word_1_76' title='bbox 1232 1059 1422 1130; x_wconf 78' lang='lat' dir='ltr'><strong>ethoc</strong></span> <span class='ocrx_word' id='word_1_77' title='bbox 1455 1072 1761 1140; x_wconf 81' lang='lat' dir='ltr'><strong>impiorum.</strong></span> <span class='ocrx_word' id='word_1_78' title='bbox 1775 1066 1978 1140; x_wconf 84' lang='lat' dir='ltr'><strong>judicio</strong></span> <span class='ocrx_word' id='word_1_79' title='bbox 2007 1058 2114 1128; x_wconf 85' lang='lat' dir='ltr'><strong>non</strong></span> <span class='ocrx_word' id='word_1_80' title='bbox 2137 1072 2343 1147; x_wconf 79' lang='lat' dir='ltr'><strong>renuit;</strong></span> 
     </span>
    </p>
   </div>
   <div class='ocr_carea' id='block_1_11' title="bbox 791 1161 2350 1232">
    <p class='ocr_par' dir='ltr' id='par_1_11' title="bbox 791 1161 2350 1232">
     <span class='ocr_line' id='line_1_11' title="bbox 791 1161 2350 1232; baseline 0.002 -19"><span class='ocrx_word' id='word_1_81' title='bbox 791 1168 847 1214; x_wconf 91' lang='lat' dir='ltr'><strong>et</strong></span> <span class='ocrx_word' id='word_1_82' title='bbox 882 1175 982 1214; x_wconf 88' lang='lat' dir='ltr'><strong>nos</strong></span> <span class='ocrx_word' id='word_1_83' title='bbox 1013 1175 1134 1215; x_wconf 90' lang='lat' dir='ltr'><strong>cum</strong></span> <span class='ocrx_word' id='word_1_84' title='bbox 1166 1161 1350 1215; x_wconf 87' lang='lat' dir='ltr'><strong>multis</strong></span> <span class='ocrx_word' id='word_1_85' title='bbox 1375 1162 1610 1232; x_wconf 84' lang='lat' dir='ltr'><strong>peccatis</strong></span> <span class='ocrx_word' id='word_1_86' title='bbox 1639 1161 1911 1218; x_wconf 84' lang='lat' dir='ltr'><strong>hominum</strong></span> <span class='ocrx_word' id='word_1_87' title='bbox 1933 1161 2152 1232; x_wconf 84' lang='lat' dir='ltr'><strong>judicia,</strong></span> <span class='ocrx_word' id='word_1_88' title='bbox 2175 1169 2231 1216; x_wconf 91' lang='lat' dir='ltr'><strong>et</strong></span> <span class='ocrx_word' id='word_1_89' title='bbox 2248 1163 2350 1216; x_wconf 88' lang='lat' dir='ltr'><strong>hoc</strong></span> 
     </span>
    </p>
   </div>
   <div class='ocr_carea' id='block_1_12' title="bbox 789 1249 2351 1314">
    <p class='ocr_par' dir='ltr' id='par_1_12' title="bbox 789 1249 2351 1314">
     <span class='ocr_line' id='line_1_12' title="bbox 789 1249 2351 1314; baseline 0.003 -14"><span class='ocrx_word' id='word_1_90' title='bbox 789 1255 1118 1314; x_wconf 86' lang='lat' dir='ltr'><strong>sanctorum,</strong></span> <span class='ocrx_word' id='word_1_91' title='bbox 1158 1249 1340 1303; x_wconf 90' lang='lat' dir='ltr'><strong>subire</strong></span> <span class='ocrx_word' id='word_1_92' title='bbox 1384 1249 1816 1305; x_wconf 81' lang='lat' dir='ltr'><strong>contemnimus?</strong></span> <span class='ocrx_word' id='word_1_93' title='bbox 1862 1250 2142 1308; x_wconf 86' lang='lat' dir='ltr'><strong>Nonne&#39;in</strong></span> <span class='ocrx_word' id='word_1_94' title='bbox 2197 1265 2351 1304; x_wconf 85' lang='lat' dir='ltr'><strong>sacro</strong></span> 
     </span>
    </p>
   </div>
   <div class='ocr_carea' id='block_1_13' title="bbox 787 1334 2353 1407">
    <p class='ocr_par' dir='ltr' id='par_1_13' title="bbox 787 1334 2353 1407">
     <span class='ocr_line' id='line_1_13' title="bbox 787 1334 2353 1407; baseline 0.001 -16"><span class='ocrx_word' id='word_1_95' title='bbox 787 1339 1110 1407; x_wconf 81' lang='lat' dir='ltr'><strong>baptismate</strong></span> <span class='ocrx_word' id='word_1_96' title='bbox 1139 1339 1506 1394; x_wconf 84' lang='lat' dir='ltr'><strong>sacerdotibus</strong></span> <span class='ocrx_word' id='word_1_97' title='bbox 1529 1338 1730 1394; x_wconf 91' lang='lat' dir='ltr'><strong>Christi</strong></span> <span class='ocrx_word' id='word_1_98' title='bbox 1756 1334 1955 1395; x_wconf 77' lang='lat' dir='ltr'><strong>nostra:</strong></span> <span class='ocrx_word' id='word_1_99' title='bbox 1993 1339 2116 1395; x_wconf 79' lang='lat' dir='ltr'><strong>ﬁdei</strong></span> <span class='ocrx_word' id='word_1_100' title='bbox 2143 1338 2353 1395; x_wconf 86' lang='lat' dir='ltr'><strong>confes-</strong></span> 
     </span>
    </p>
   </div>
   <div class='ocr_carea' id='block_1_14' title="bbox 788 1429 2345 1493">
    <p class='ocr_par' dir='ltr' id='par_1_14' title="bbox 788 1429 2345 1493">
     <span class='ocr_line' id='line_1_14' title="bbox 788 1429 2345 1493; baseline 0.001 -9"><span class='ocrx_word' id='word_1_101' title='bbox 788 1430 991 1485; x_wconf 80' lang='lat' dir='ltr'><strong>sionem</strong></span> <span class='ocrx_word' id='word_1_102' title='bbox 1021 1438 1076 1485; x_wconf 91' lang='lat' dir='ltr'><strong>et</strong></span> <span class='ocrx_word' id='word_1_103' title='bbox 1099 1431 1616 1490; x_wconf 73' lang='lat' dir='ltr'><strong>abrenuntiationcm</strong></span> <span class='ocrx_word' id='word_1_104' title='bbox 1655 1429 1869 1488; x_wconf 77' lang='lat' dir='ltr'><strong>Satante</strong></span> <span class='ocrx_word' id='word_1_105' title='bbox 1915 1431 2043 1486; x_wconf 88' lang='lat' dir='ltr'><strong>dare</strong></span> <span class='ocrx_word' id='word_1_106' title='bbox 2073 1431 2345 1493; x_wconf 82' lang='lat' dir='ltr'><strong>debemus,</strong></span> 
     </span>
    </p>
   </div>
   <div class='ocr_carea' id='block_1_15' title="bbox 787 1518 2348 1589">
    <p class='ocr_par' dir='ltr' id='par_1_15' title="bbox 787 1518 2348 1589">
     <span class='ocr_line' id='line_1_15' title="bbox 787 1518 2348 1589; baseline 0.001 -17"><span class='ocrx_word' id='word_1_107' title='bbox 787 1526 844 1573; x_wconf 89' lang='lat' dir='ltr'><strong>et</strong></span> <span class='ocrx_word' id='word_1_108' title='bbox 867 1519 1285 1574; x_wconf 80' lang='lat' dir='ltr'><strong>sic&#39;saccrdotali</strong></span> <span class='ocrx_word' id='word_1_109' title='bbox 1311 1519 1628 1582; x_wconf 82' lang='lat' dir='ltr'><strong>ministerio,</strong></span> <span class='ocrx_word' id='word_1_110' title='bbox 1659 1518 1837 1574; x_wconf 82' lang='lat' dir='ltr'><strong>divina</strong></span> <span class='ocrx_word' id='word_1_111' title='bbox 1877 1527 2129 1589; x_wconf 84' lang='lat' dir='ltr'><strong>operante</strong></span> <span class='ocrx_word' id='word_1_112' title='bbox 2152 1519 2348 1589; x_wconf 88' lang='lat' dir='ltr'><strong>gratia,</strong></span> 
     </span>
    </p>
   </div>
   <div class='ocr_carea' id='block_1_16' title="bbox 787 1607 2351 1687">
    <p class='ocr_par' dir='ltr' id='par_1_16' title="bbox 787 1607 2351 1687">
     <span class='ocr_line' id='line_1_16' title="bbox 787 1607 2351 1687; baseline -0.004 -17"><span class='ocrx_word' id='word_1_113' title='bbox 787 1609 858 1670; x_wconf 80' lang='lat' dir='ltr'><strong>ab</strong></span> <span class='ocrx_word' id='word_1_114' title='bbox 883 1610 1132 1669; x_wconf 87' lang='lat' dir='ltr'><strong>omnibus</strong></span> <span class='ocrx_word' id='word_1_115' title='bbox 1163 1607 1302 1664; x_wconf 83' lang='lat' dir='ltr'><strong>ablui</strong></span> <span class='ocrx_word' id='word_1_116' title='bbox 1340 1611 1619 1680; x_wconf 86' lang='lat' dir='ltr'><strong>peccatis?</strong></span> <span class='ocrx_word' id='word_1_117' title='bbox 1646 1609 1757 1666; x_wconf 88' lang='lat' dir='ltr'><strong>Cur</strong></span> <span class='ocrx_word' id='word_1_118' title='bbox 1777 1611 1938 1666; x_wconf 90' lang='lat' dir='ltr'><strong>etiam</strong></span> <span class='ocrx_word' id='word_1_119' title='bbox 1961 1610 2087 1665; x_wconf 92' lang='lat' dir='ltr'><strong>etin</strong></span> <span class='ocrx_word' id='word_1_120' title='bbox 2115 1609 2351 1687; x_wconf 82' lang='lat' dir='ltr'><strong>secundo</strong></span> 
     </span>
    </p>
   </div>
   <div class='ocr_carea' id='block_1_17' title="bbox 788 1701 2349 1773">
    <p class='ocr_par' dir='ltr' id='par_1_17' title="bbox 788 1701 2349 1773">
     <span class='ocr_line' id='line_1_17' title="bbox 788 1701 2349 1773; baseline -0.002 -16"><span class='ocrx_word' id='word_1_121' title='bbox 788 1701 1125 1771; x_wconf 64' lang='lat' dir='ltr'><strong>ptanitentias</strong></span> <span class='ocrx_word' id='word_1_122' title='bbox 1145 1702 1490 1771; x_wconf 72' lang='lat' dir='ltr'><strong>baptismate,</strong></span> <span class='ocrx_word' id='word_1_123' title='bbox 1523 1717 1620 1773; x_wconf 83' lang='lat' dir='ltr'><strong>per</strong></span> <span class='ocrx_word' id='word_1_124' title='bbox 1662 1701 2050 1763; x_wconf 81' lang='lat' dir='ltr'><strong>confessionem</strong></span> <span class='ocrx_word' id='word_1_125' title='bbox 2078 1702 2349 1758; x_wconf 88' lang='lat' dir='ltr'><strong>humilita-</strong></span> 
     </span>
    </p>
   </div>
   <div class='ocr_carea' id='block_1_18' title="bbox 791 1789 2349 1864">
    <p class='ocr_par' dir='ltr' id='par_1_18' title="bbox 791 1789 2349 1864">
     <span class='ocr_line' id='line_1_18' title="bbox 791 1789 2349 1864; baseline 0.004 -23"><span class='ocrx_word' id='word_1_126' title='bbox 791 1789 861 1846; x_wconf 88' lang='lat' dir='ltr'><strong>tis</strong></span> <span class='ocrx_word' id='word_1_127' title='bbox 885 1800 1099 1852; x_wconf 67' lang='lat' dir='ltr'><strong>nostrae.</strong></span> <span class='ocrx_word' id='word_1_128' title='bbox 1126 1791 1192 1844; x_wconf 89' lang='lat' dir='ltr'><strong>ab</strong></span> <span class='ocrx_word' id='word_1_129' title='bbox 1231 1789 1478 1847; x_wconf 89' lang='lat' dir='ltr'><strong>omnibus</strong></span> <span class='ocrx_word' id='word_1_130' title='bbox 1520 1800 1640 1864; x_wconf 87' lang='lat' dir='ltr'><strong>post</strong></span> <span class='ocrx_word' id='word_1_131' title='bbox 1659 1793 1890 1861; x_wconf 82' lang='lat' dir='ltr'><strong>primum</strong></span> <span class='ocrx_word' id='word_1_132' title='bbox 1938 1791 2198 1862; x_wconf 82' lang='lat' dir='ltr'><strong>baptisma</strong></span> <span class='ocrx_word' id='word_1_133' title='bbox 2225 1806 2349 1864; x_wconf 87' lang='lat' dir='ltr'><strong>per-</strong></span> 
     </span>
    </p>
   </div>
   <div class='ocr_carea' id='block_1_19' title="bbox 2452 620 4012 690">
    <p class='ocr_par' dir='ltr' id='par_1_19' title="bbox 2452 620 4012 690">
     <span class='ocr_line' id='line_1_19' title="bbox 2452 620 4012 690; baseline 0.006 -20"><span class='ocrx_word' id='word_1_134' title='bbox 2452 620 2735 686; x_wconf 66' lang='lat' dir='ltr'><strong>praisentia</strong></span> <span class='ocrx_word' id='word_1_135' title='bbox 2763 620 2954 678; x_wconf 76' lang='lat' dir='ltr'><strong>divina:</strong></span> <span class='ocrx_word' id='word_1_136' title='bbox 2982 620 3197 690; x_wconf 84' lang='lat' dir='ltr'><strong>pietatis</strong></span> <span class='ocrx_word' id='word_1_137' title='bbox 3227 621 3494 677; x_wconf 84' lang='lat' dir='ltr'><strong>confessio</strong></span> <span class='ocrx_word' id='word_1_138' title='bbox 3522 621 3762 678; x_wconf 86' lang='lat' dir='ltr'><strong>facienda</strong></span> <span class='ocrx_word' id='word_1_139' title='bbox 3793 624 4012 680; x_wconf 73' lang='lat' dir='ltr'><strong>sufﬁcit.</strong></span> 
     </span>
    </p>
   </div>
   <div class='ocr_carea' id='block_1_20' title="bbox 2452 705 4015 782">
    <p class='ocr_par' dir='ltr' id='par_1_20' title="bbox 2452 705 4015 782">
     <span class='ocr_line' id='line_1_20' title="bbox 2452 705 4015 782; baseline 0.005 -22"><span class='ocrx_word' id='word_1_140' title='bbox 2452 705 2678 775; x_wconf 85' lang='lat' dir='ltr'><strong>Semper</strong></span> <span class='ocrx_word' id='word_1_141' title='bbox 2711 716 2887 763; x_wconf 90' lang='lat' dir='ltr'><strong>autem</strong></span> <span class='ocrx_word' id='word_1_142' title='bbox 2913 708 3140 764; x_wconf 87' lang='lat' dir='ltr'><strong>Domino</strong></span> <span class='ocrx_word' id='word_1_143' title='bbox 3169 725 3292 766; x_wconf 88' lang='lat' dir='ltr'><strong>cum</strong></span> <span class='ocrx_word' id='word_1_144' title='bbox 3321 710 3576 782; x_wconf 79' lang='lat' dir='ltr'><strong>lacrymis</strong></span> <span class='ocrx_word' id='word_1_145' title='bbox 3600 718 3653 766; x_wconf 88' lang='lat' dir='ltr'><strong>et</strong></span> <span class='ocrx_word' id='word_1_146' title='bbox 3675 712 3858 766; x_wconf 75' lang='lat' dir='ltr'><strong>&#39;cordis</strong></span> <span class='ocrx_word' id='word_1_147' title='bbox 3888 729 4015 768; x_wconf 64' lang='lat' dir='ltr'><strong>cono</strong></span> 
     </span>
    </p>
   </div>
   <div class='ocr_carea' id='block_1_21' title="bbox 2453 788 4013 871">
    <p class='ocr_par' dir='ltr' id='par_1_21' title="bbox 2453 788 4013 871">
     <span class='ocr_line' id='line_1_21' title="bbox 2453 788 4013 871; baseline 0.003 -21"><span class='ocrx_word' id='word_1_148' title='bbox 2453 788 2669 854; x_wconf 83' lang='lat' dir='ltr'><strong>tritione</strong></span> <span class='ocrx_word' id='word_1_149' title='bbox 2697 796 3000 856; x_wconf 81' lang='lat' dir='ltr'><strong>faciendam</strong></span> <span class='ocrx_word' id='word_1_150' title='bbox 3025 811 3144 853; x_wconf 87' lang='lat' dir='ltr'><strong>esse</strong></span> <span class='ocrx_word' id='word_1_151' title='bbox 3169 800 3517 854; x_wconf 88' lang='lat' dir='ltr'><strong>arbitramur.</strong></span> <span class='ocrx_word' id='word_1_152' title='bbox 3551 799 3731 856; x_wconf 85' lang='lat' dir='ltr'><strong>Omnis</strong></span> <span class='ocrx_word' id='word_1_153' title='bbox 3760 802 3898 856; x_wconf 80' lang='lat' dir='ltr'><strong>enim</strong></span> <span class='ocrx_word' id='word_1_154' title='bbox 3925 801 4013 871; x_wconf 77' lang='lat' dir='ltr'><strong>qui</strong></span> 
     </span>
    </p>
   </div>
   <div class='ocr_carea' id='block_1_22' title="bbox 2449 880 4012 960">
    <p class='ocr_par' dir='ltr' id='par_1_22' title="bbox 2449 880 4012 960">
     <span class='ocr_line' id='line_1_22' title="bbox 2449 880 4012 960; baseline 0.004 -19"><span class='ocrx_word' id='word_1_155' title='bbox 2449 885 2585 944; x_wconf 79' lang='lat' dir='ltr'><strong>male</strong></span> <span class='ocrx_word' id='word_1_156' title='bbox 2613 888 2718 956; x_wconf 85' lang='lat' dir='ltr'><strong>agit</strong></span> <span class='ocrx_word' id='word_1_157' title='bbox 2735 925 2751 952; x_wconf 92' lang='lat'><strong>,</strong></span> <span class='ocrx_word' id='word_1_158' title='bbox 2777 888 2884 941; x_wconf 85' lang='lat' dir='ltr'><strong>oait</strong></span> <span class='ocrx_word' id='word_1_159' title='bbox 2910 887 3115 952; x_wconf 75' lang='lat' dir='ltr'><strong>luem,</strong></span> <span class='ocrx_word' id='word_1_160' title='bbox 3136 897 3185 942; x_wconf 88' lang='lat' dir='ltr'><strong>et</strong></span> <span class='ocrx_word' id='word_1_161' title='bbox 3211 905 3316 950; x_wconf 80' lang='lat' dir='ltr'><strong>non</strong></span> <span class='ocrx_word' id='word_1_162' title='bbox 3340 890 3475 945; x_wconf 72' lang='lat' dir='ltr'><strong>uertit</strong></span> <span class='ocrx_word' id='word_1_163' title='bbox 3503 880 3793 960; x_wconf 51' lang='lat' dir='ltr'><strong>adiuvem,</strong></span> <span class='ocrx_word' id='word_1_164' title='bbox 3823 901 3880 945; x_wconf 74' lang='lat' dir='ltr'><strong>at</strong></span> <span class='ocrx_word' id='word_1_165' title='bbox 3909 910 4012 947; x_wconf 79' lang='lat' dir='ltr'><strong>non</strong></span> 
     </span>
    </p>
   </div>
   <div class='ocr_carea' id='block_1_23' title="bbox 2448 967 4011 1050">
    <p class='ocr_par' dir='ltr' id='par_1_23' title="bbox 2448 967 4011 1050">
     <span class='ocr_line' id='line_1_23' title="bbox 2448 967 4011 1050; baseline 0.004 -20"><span class='ocrx_word' id='word_1_166' title='bbox 2448 987 2916 1050; x_wconf 77' lang='lat' dir='ltr'><strong>arguanturopera</strong></span> <span class='ocrx_word' id='word_1_167' title='bbox 2941 979 3056 1049; x_wconf 80' lang='lat' dir='ltr'><strong>ejus</strong></span> <span class='ocrx_word' id='word_1_168' title='bbox 3077 996 3097 1034; x_wconf 90' lang='lat'><strong>:</strong></span> <span class='ocrx_word' id='word_1_169' title='bbox 3121 980 3210 1048; x_wconf 84' lang='lat' dir='ltr'><strong>qui</strong></span> <span class='ocrx_word' id='word_1_170' title='bbox 3233 989 3407 1034; x_wconf 79' lang='lat' dir='ltr'><strong>autem</strong></span> <span class='ocrx_word' id='word_1_171' title='bbox 3447 980 3574 1050; x_wconf 71' lang='lat' dir='ltr'><strong>facit</strong></span> <span class='ocrx_word' id='word_1_172' title='bbox 3599 967 3859 1041; x_wconf 71' lang='lat' dir='ltr'><strong>veritatem</strong></span> <span class='ocrx_word' id='word_1_173' title='bbox 3881 1024 3896 1046; x_wconf 90' lang='lat'><strong>,</strong></span> <span class='ocrx_word' id='word_1_174' title='bbox 3930 1000 4011 1037; x_wconf 80' lang='lat' dir='ltr'><strong>re-</strong></span> 
     </span>
    </p>
   </div>
   <div class='ocr_carea' id='block_1_24' title="bbox 2450 1052 4010 1143">
    <p class='ocr_par' dir='ltr' id='par_1_24' title="bbox 2450 1052 4010 1143">
     <span class='ocr_line' id='line_1_24' title="bbox 2450 1052 4010 1143; baseline 0.006 -26"><span class='ocrx_word' id='word_1_175' title='bbox 2450 1067 2524 1120; x_wconf 82' lang='lat' dir='ltr'><strong>uit</strong></span> <span class='ocrx_word' id='word_1_176' title='bbox 2552 1066 2621 1119; x_wconf 83' lang='lat' dir='ltr'><strong>ad</strong></span> <span class='ocrx_word' id='word_1_177' title='bbox 2648 1067 2812 1129; x_wconf 80' lang='lat' dir='ltr'><strong>lucem</strong></span> <span class='ocrx_word' id='word_1_178' title='bbox 2831 1107 2846 1132; x_wconf 96' lang='lat'><strong>,</strong></span> <span class='ocrx_word' id='word_1_179' title='bbox 2888 1077 2941 1122; x_wconf 83' lang='lat' dir='ltr'><strong>ut</strong></span> <span class='ocrx_word' id='word_1_180' title='bbox 2971 1059 3367 1140; x_wconf 70' lang='lat' dir='ltr'><strong>manifestentur</strong></span> <span class='ocrx_word' id='word_1_181' title='bbox 3407 1069 3533 1143; x_wconf 81' lang='lat' dir='ltr'><strong>ejus.</strong></span> <span class='ocrx_word' id='word_1_182' title='bbox 3565 1056 3752 1141; x_wconf 28' lang='lat' dir='ltr'><strong>operai,</strong></span> <span class='ocrx_word' id='word_1_183' title='bbox 3793 1071 3916 1142; x_wconf 72' lang='lat' dir='ltr'><strong>quia</strong></span> <span class='ocrx_word' id='word_1_184' title='bbox 3937 1052 4010 1127; x_wconf 66' lang='lat' dir='ltr'><strong>in</strong></span> 
     </span>
    </p>
   </div>
   <div class='ocr_carea' id='block_1_25' title="bbox 2449 1149 3884 1237">
    <p class='ocr_par' dir='ltr' id='par_1_25' title="bbox 2449 1149 3884 1237">
     <span class='ocr_line' id='line_1_25' title="bbox 2449 1149 3884 1237; baseline 0.004 -28"><span class='ocrx_word' id='word_1_185' title='bbox 2449 1155 2556 1210; x_wconf 83' lang='lat' dir='ltr'><strong>Deo</strong></span> <span class='ocrx_word' id='word_1_186' title='bbox 2582 1149 2701 1210; x_wconf 66' lang='lat' dir='ltr'><strong>sunt</strong></span> <span class='ocrx_word' id='word_1_187' title='bbox 2731 1157 2871 1226; x_wconf 78' lang='lat' dir='ltr'><strong>facta</strong></span> <span class='ocrx_word' id='word_1_188' title='bbox 2903 1158 3100 1231; x_wconf 83' lang='lat' dir='ltr'><strong>(Joan.</strong></span> <span class='ocrx_word' id='word_1_189' title='bbox 3128 1175 3191 1213; x_wconf 85' lang='grc' dir='ltr'><strong>ιιι</strong></span> <span class='ocrx_word' id='word_1_190' title='bbox 3214 1199 3228 1223; x_wconf 86' lang='grc'><em>,</em></span> <span class='ocrx_word' id='word_1_191' title='bbox 3255 1158 3358 1224; x_wconf 77' lang='grc'><strong>20,</strong></span> <span class='ocrx_word' id='word_1_192' title='bbox 3384 1159 3445 1214; x_wconf 64' lang='lat' dir='ltr'><strong>Si</strong></span> <span class='ocrx_word' id='word_1_193' title='bbox 3708 1157 3710 1160; x_wconf 61' lang='grc'><em>’</em></span> <span class='ocrx_word' id='word_1_194' title='bbox 3879 1234 3884 1237; x_wconf 13' lang='grc' dir='ltr'><strong>μ</strong></span> 
     </span>
    </p>
   </div>
   <div class='ocr_carea' id='block_1_26' title="bbox 2519 1246 4011 1327">
    <p class='ocr_par' dir='ltr' id='par_1_26' title="bbox 2519 1246 4011 1327">
     <span class='ocr_line' id='line_1_26' title="bbox 2519 1246 4011 1327; baseline 0.005 -27"><span class='ocrx_word' id='word_1_195' title='bbox 2519 1246 2627 1300; x_wconf 74' lang='lat' dir='ltr'><strong>Vos</strong></span> <span class='ocrx_word' id='word_1_196' title='bbox 2655 1246 2837 1314; x_wconf 80' lang='lat' dir='ltr'><strong>igitur,</strong></span> <span class='ocrx_word' id='word_1_197' title='bbox 2856 1249 2972 1302; x_wconf 91' lang='lat' dir='ltr'><strong>.viri</strong></span> <span class='ocrx_word' id='word_1_198' title='bbox 3001 1248 3234 1315; x_wconf 78' lang='lat' dir='ltr'><strong>fratres,</strong></span> <span class='ocrx_word' id='word_1_199' title='bbox 3261 1249 3356 1305; x_wconf 85' lang='lat' dir='ltr'><strong>filii</strong></span> <span class='ocrx_word' id='word_1_200' title='bbox 3385 1250 3528 1306; x_wconf 65' lang='lat' dir='ltr'><strong>lucis,</strong></span> <span class='ocrx_word' id='word_1_201' title='bbox 3545 1251 3678 1307; x_wconf 85' lang='lat' dir='ltr'><strong>estis</strong></span> <span class='ocrx_word' id='word_1_202' title='bbox 3702 1261 3757 1327; x_wconf 86' lang='lat' dir='ltr'><strong>et</strong></span> <span class='ocrx_word' id='word_1_203' title='bbox 3785 1267 3891 1315; x_wconf 87' lang='lat' dir='ltr'><strong>non</strong></span> <span class='ocrx_word' id='word_1_204' title='bbox 3933 1261 4011 1308; x_wconf 82' lang='lat' dir='ltr'><strong>te.-</strong></span> 
     </span>
    </p>
   </div>
   <div class='ocr_carea' id='block_1_27' title="bbox 2448 1327 4006 1411">
    <p class='ocr_par' dir='ltr' id='par_1_27' title="bbox 2448 1327 4006 1411">
     <span class='ocr_line' id='line_1_27' title="bbox 2448 1327 4006 1411; baseline 0.003 -21"><span class='ocrx_word' id='word_1_205' title='bbox 2448 1334 2734 1390; x_wconf 87' lang='lat' dir='ltr'><strong>nebrarum</strong></span> <span class='ocrx_word' id='word_1_206' title='bbox 2760 1374 2777 1399; x_wconf 91' lang='lat'><strong>,</strong></span> <span class='ocrx_word' id='word_1_207' title='bbox 2805 1336 3027 1406; x_wconf 75' lang='lat' dir='ltr'><strong>populus</strong></span> <span class='ocrx_word' id='word_1_208' title='bbox 3054 1339 3410 1409; x_wconf 73' lang='lat' dir='ltr'><strong>acquisitiOnis</strong></span> <span class='ocrx_word' id='word_1_209' title='bbox 3435 1344 3620 1396; x_wconf 85' lang='lat' dir='ltr'><strong>etnon</strong></span> <span class='ocrx_word' id='word_1_210' title='bbox 3645 1327 3969 1411; x_wconf 77' lang='lat' dir='ltr'><strong>perditionis</strong></span> <span class='ocrx_word' id='word_1_211' title='bbox 3994 1360 4006 1394; x_wconf 90' lang='lat'><strong>:</strong></span> 
     </span>
    </p>
   </div>
   <div class='ocr_carea' id='block_1_28' title="bbox 2447 1418 4008 1502">
    <p class='ocr_par' dir='ltr' id='par_1_28' title="bbox 2447 1418 4008 1502">
     <span class='ocr_line' id='line_1_28' title="bbox 2447 1418 4008 1502; baseline 0.004 -23"><span class='ocrx_word' id='word_1_212' title='bbox 2447 1443 2570 1496; x_wconf 81' lang='lat' dir='ltr'><strong>gens</strong></span> <span class='ocrx_word' id='word_1_213' title='bbox 2597 1436 2780 1480; x_wconf 82' lang='lat' dir='ltr'><strong>sancta</strong></span> <span class='ocrx_word' id='word_1_214' title='bbox 2811 1424 2881 1499; x_wconf 90' lang='lat' dir='ltr'><strong>(I</strong></span> <span class='ocrx_word' id='word_1_215' title='bbox 2906 1426 3051 1482; x_wconf 73' lang='lat' dir='ltr'><strong>Patr.</strong></span> <span class='ocrx_word' id='word_1_216' title='bbox 3080 1444 3141 1495; x_wconf 88' lang='grc' dir='ltr'><strong>ιι,</strong></span> <span class='ocrx_word' id='word_1_217' title='bbox 3170 1429 3205 1484; x_wconf 86' lang='lat'><strong>9</strong></span> <span class='ocrx_word' id='word_1_218' title='bbox 3226 1418 3288 1499; x_wconf 67' lang='lat'><strong>);</strong></span> <span class='ocrx_word' id='word_1_219' title='bbox 3316 1427 3516 1486; x_wconf 89' lang='lat' dir='ltr'><strong>Christi</strong></span> <span class='ocrx_word' id='word_1_220' title='bbox 3544 1431 3801 1500; x_wconf 82' lang='lat' dir='ltr'><strong>sanguine</strong></span> <span class='ocrx_word' id='word_1_221' title='bbox 3826 1433 4008 1502; x_wconf 81' lang='lat' dir='ltr'><strong>acqui-</strong></span> 
     </span>
    </p>
   </div>
   <div class='ocr_carea' id='block_1_29' title="bbox 2447 1505 4006 1593">
    <p class='ocr_par' dir='ltr' id='par_1_29' title="bbox 2447 1505 4006 1593">
     <span class='ocr_line' id='line_1_29' title="bbox 2447 1505 4006 1593; baseline 0.004 -24"><span class='ocrx_word' id='word_1_222' title='bbox 2447 1516 2570 1569; x_wconf 87' lang='lat' dir='ltr'><strong>sita.</strong></span> <span class='ocrx_word' id='word_1_223' title='bbox 2603 1514 2877 1572; x_wconf 77' lang='lat' dir='ltr'><strong>Ambulate</strong></span> <span class='ocrx_word' id='word_1_224' title='bbox 2902 1526 2958 1586; x_wconf 75' lang='lat' dir='ltr'><strong>ut</strong></span> <span class='ocrx_word' id='word_1_225' title='bbox 2988 1505 3327 1587; x_wconf 54' lang='lat' dir='ltr'><strong>ﬁliilstcis&#39;in</strong></span> <span class='ocrx_word' id='word_1_226' title='bbox 3345 1519 3496 1572; x_wconf 77' lang='lat' dir='ltr'><strong>omni</strong></span> <span class='ocrx_word' id='word_1_227' title='bbox 3515 1509 3750 1575; x_wconf 52' lang='lat' dir='ltr'><strong>bonitate</strong></span> <span class='ocrx_word' id='word_1_228' title='bbox 3776 1505 4006 1593; x_wconf 69' lang='lat' dir='ltr'><strong>Ephes.</strong></span> 
     </span>
    </p>
   </div>
   <div class='ocr_carea' id='block_1_30' title="bbox 2447 1597 4009 1692">
    <p class='ocr_par' dir='ltr' id='par_1_30' title="bbox 2447 1597 4009 1692">
     <span class='ocr_line' id='line_1_30' title="bbox 2447 1597 4009 1692; baseline 0.004 -34"><span class='ocrx_word' id='word_1_229' title='bbox 2447 1621 2499 1670; x_wconf 81' lang='lat' dir='ltr'><strong>v,</strong></span> <span class='ocrx_word' id='word_1_230' title='bbox 2525 1605 2579 1671; x_wconf 88' lang='lat'><strong>8,</strong></span> <span class='ocrx_word' id='word_1_231' title='bbox 2603 1605 2695 1676; x_wconf 85' lang='lat'><strong>9),</strong></span> <span class='ocrx_word' id='word_1_232' title='bbox 2731 1614 2785 1661; x_wconf 88' lang='lat' dir='ltr'><strong>et</strong></span> <span class='ocrx_word' id='word_1_233' title='bbox 2820 1598 3050 1688; x_wconf 78' lang='lat' dir='ltr'><strong>pietate,</strong></span> <span class='ocrx_word' id='word_1_234' title='bbox 3084 1615 3140 1664; x_wconf 84' lang='lat' dir='ltr'><strong>et</strong></span> <span class='ocrx_word' id='word_1_235' title='bbox 3176 1607 3447 1689; x_wconf 77' lang='lat' dir='ltr'><strong>castitate,</strong></span> <span class='ocrx_word' id='word_1_236' title='bbox 3483 1597 3742 1692; x_wconf 60' lang='lat' dir='ltr'><strong>canentes</strong></span> <span class='ocrx_word' id='word_1_237' title='bbox 3776 1618 4009 1666; x_wconf 72' lang='lat' dir='ltr'><strong>vett-teni</strong></span> 
     </span>
    </p>
   </div>
   <div class='ocr_carea' id='block_1_31' title="bbox 2447 1695 4006 1769">
    <p class='ocr_par' dir='ltr' id='par_1_31' title="bbox 2447 1695 4006 1769">
     <span class='ocr_line' id='line_1_31' title="bbox 2447 1695 4006 1769; baseline 0.004 -21"><span class='ocrx_word' id='word_1_238' title='bbox 2447 1695 2715 1750; x_wconf 88' lang='lat' dir='ltr'><strong>hominem</strong></span> <span class='ocrx_word' id='word_1_239' title='bbox 2754 1711 2876 1752; x_wconf 90' lang='lat' dir='ltr'><strong>cum</strong></span> <span class='ocrx_word' id='word_1_240' title='bbox 2920 1695 3155 1766; x_wconf 83' lang='lat' dir='ltr'><strong>peccatis</strong></span> <span class='ocrx_word' id='word_1_241' title='bbox 3181 1697 3338 1766; x_wconf 84' lang='lat' dir='ltr'><strong>suis,</strong></span> <span class='ocrx_word' id='word_1_242' title='bbox 3374 1704 3430 1751; x_wconf 90' lang='lat' dir='ltr'><strong>et</strong></span> <span class='ocrx_word' id='word_1_243' title='bbox 3469 1696 3750 1764; x_wconf 79' lang='lat' dir='ltr'><strong>induentes</strong></span> <span class='ocrx_word' id='word_1_244' title='bbox 3780 1701 4006 1769; x_wconf 80' lang='lat' dir='ltr'><strong>novum,</strong></span> 
     </span>
    </p>
   </div>
   <div class='ocr_carea' id='block_1_32' title="bbox 2447 1775 4008 1859">
    <p class='ocr_par' dir='ltr' id='par_1_32' title="bbox 2447 1775 4008 1859">
     <span class='ocr_line' id='line_1_32' title="bbox 2447 1775 4008 1859; baseline 0.003 -21"><span class='ocrx_word' id='word_1_245' title='bbox 2447 1784 2537 1854; x_wconf 85' lang='lat' dir='ltr'><strong>qui</strong></span> <span class='ocrx_word' id='word_1_246' title='bbox 2565 1785 2856 1843; x_wconf 88' lang='lat' dir='ltr'><strong>secundum</strong></span> <span class='ocrx_word' id='word_1_247' title='bbox 2880 1781 3048 1850; x_wconf 53' lang='lat' dir='ltr'><strong>mium</strong></span> <span class='ocrx_word' id='word_1_248' title='bbox 3073 1775 3289 1844; x_wconf 78' lang='lat' dir='ltr'><strong>creatus</strong></span> <span class='ocrx_word' id='word_1_249' title='bbox 3314 1793 3397 1848; x_wconf 84' lang='lat' dir='ltr'><strong>est</strong></span> <span class='ocrx_word' id='word_1_250' title='bbox 3421 1784 3652 1858; x_wconf 84' lang='lat' dir='ltr'><strong>(Coloss.</strong></span> <span class='ocrx_word' id='word_1_251' title='bbox 3675 1803 3769 1853; x_wconf 89' lang='grc' dir='ltr'>ιιι,</span> <span class='ocrx_word' id='word_1_252' title='bbox 3792 1789 3826 1844; x_wconf 88' lang='grc'><strong>9</strong></span> <span class='ocrx_word' id='word_1_253' title='bbox 3846 1787 3861 1854; x_wconf 77' lang='lat'><strong>,</strong></span> <span class='ocrx_word' id='word_1_254' title='bbox 3888 1788 4008 1859; x_wconf 76' lang='grc' dir='ltr'><strong>ω).</strong></span> 
     </span>
    </p>
   </div>
   <div class='ocr_carea' id='block_1_33' title="bbox 791 1857 4011 1950">
    <p class='ocr_par' dir='ltr' id='par_1_33' title="bbox 791 1857 4011 1950">
     <span class='ocr_line' id='line_1_33' title="bbox 791 1857 4011 1950; baseline 0 -18"><span class='ocrx_word' id='word_1_255' title='bbox 791 1879 947 1947; x_wconf 81' lang='lat' dir='ltr'><strong>actis,</strong></span> <span class='ocrx_word' id='word_1_256' title='bbox 1001 1879 1188 1935; x_wconf 86' lang='lat' dir='ltr'><strong>eadem</strong></span> <span class='ocrx_word' id='word_1_257' title='bbox 1236 1879 1422 1936; x_wconf 87' lang='lat' dir='ltr'><strong>divina</strong></span> <span class='ocrx_word' id='word_1_258' title='bbox 1463 1857 1752 1935; x_wconf 78' lang='lat' dir='ltr'><strong>miserante</strong></span> <span class='ocrx_word' id='word_1_259' title='bbox 1797 1880 1989 1950; x_wconf 87' lang='lat' dir='ltr'><strong>gratia,</strong></span> <span class='ocrx_word' id='word_1_260' title='bbox 2008 1857 2345 1935; x_wconf 64' lang='lat' dir='ltr'><strong>sacerdotali</strong></span> <span class='ocrx_word' id='word_1_261' title='bbox 2373 1857 2420 1918; x_wconf 72' lang='grc' dir='ltr'>Β</span> <span class='ocrx_word' id='word_1_262' title='bbox 2450 1874 2534 1928; x_wconf 85' lang='lat' dir='ltr'><strong>Sit</strong></span> <span class='ocrx_word' id='word_1_263' title='bbox 2560 1876 2896 1933; x_wconf 80' lang='lat' dir='ltr'><strong>conversatio</strong></span> <span class='ocrx_word' id='word_1_264' title='bbox 2923 1883 3100 1936; x_wconf 83' lang='lat' dir='ltr'><strong>vestra</strong></span> <span class='ocrx_word' id='word_1_265' title='bbox 3128 1869 3364 1937; x_wconf 70' lang='lat' dir='ltr'><strong>cmlestis</strong></span> <span class='ocrx_word' id='word_1_266' title='bbox 3395 1857 3450 1930; x_wconf 92' lang='lat' dir='ltr'><strong>et</strong></span> <span class='ocrx_word' id='word_1_267' title='bbox 3497 1891 3600 1930; x_wconf 90' lang='lat' dir='ltr'><strong>non</strong></span> <span class='ocrx_word' id='word_1_268' title='bbox 3631 1869 3862 1932; x_wconf 60' lang='lat' dir='ltr'><strong>terrena.</strong></span> <span class='ocrx_word' id='word_1_269' title='bbox 3919 1857 4011 1933; x_wconf 81' lang='lat' dir='ltr'><strong>Di-</strong></span> 
     </span>
    </p>
   </div>
   <div class='ocr_carea' id='block_1_34' title="bbox 791 1968 2195 2040">
    <p class='ocr_par' dir='ltr' id='par_1_34' title="bbox 791 1968 2195 2040">
     <span class='ocr_line' id='line_1_34' title="bbox 791 1968 2195 2040; baseline 0.001 -18"><span class='ocrx_word' id='word_1_270' title='bbox 791 1968 1040 2028; x_wconf 84' lang='lat' dir='ltr'><strong>similiter</strong></span> <span class='ocrx_word' id='word_1_271' title='bbox 1065 1969 1262 2024; x_wconf 80' lang='lat' dir='ltr'><strong>auxilio</strong></span> <span class='ocrx_word' id='word_1_272' title='bbox 1292 1986 1396 2025; x_wconf 87' lang='lat' dir='ltr'><strong>non</strong></span> <span class='ocrx_word' id='word_1_273' title='bbox 1421 1973 1674 2026; x_wconf 89' lang='lat' dir='ltr'><strong>debemus</strong></span> <span class='ocrx_word' id='word_1_274' title='bbox 1698 1969 1900 2028; x_wconf 81' lang='lat' dir='ltr'><strong>absolvi</strong></span> <span class='ocrx_word' id='word_1_275' title='bbox 1922 1969 2195 2040; x_wconf 81' lang='lat' dir='ltr'><strong>peccatis?</strong></span> 
     </span>
    </p>
   </div>
   <div class='ocr_carea' id='block_1_35' title="bbox 861 2055 2349 2129">
    <p class='ocr_par' dir='ltr' id='par_1_35' title="bbox 861 2055 2349 2129">
     <span class='ocr_line' id='line_1_35' title="bbox 861 2055 2349 2129; baseline -0.003 -13"><span class='ocrx_word' id='word_1_276' title='bbox 861 2055 918 2116; x_wconf 78' lang='lat' dir='ltr'><strong>Si</strong></span> <span class='ocrx_word' id='word_1_277' title='bbox 942 2066 1161 2126; x_wconf 82' lang='lat' dir='ltr'><strong>peccata</strong></span> <span class='ocrx_word' id='word_1_278' title='bbox 1187 2058 1552 2114; x_wconf 87' lang='lat' dir='ltr'><strong>sacerdotibus</strong></span> <span class='ocrx_word' id='word_1_279' title='bbox 1575 2072 1680 2114; x_wconf 91' lang='lat' dir='ltr'><strong>non</strong></span> <span class='ocrx_word' id='word_1_280' title='bbox 1701 2068 1827 2114; x_wconf 89' lang='lat' dir='ltr'><strong>sunt</strong></span> <span class='ocrx_word' id='word_1_281' title='bbox 1863 2059 2156 2129; x_wconf 89' lang='lat' dir='ltr'><strong>prodenda,</strong></span> <span class='ocrx_word' id='word_1_282' title='bbox 2183 2073 2349 2129; x_wconf 83' lang='lat' dir='ltr'><strong>quare</strong></span> 
     </span>
    </p>
   </div>
   <div class='ocr_carea' id='block_1_36' title="bbox 792 2143 2350 2208">
    <p class='ocr_par' dir='ltr' id='par_1_36' title="bbox 792 2143 2350 2208">
     <span class='ocr_line' id='line_1_36' title="bbox 792 2143 2350 2208; baseline 0.003 -9"><span class='ocrx_word' id='word_1_283' title='bbox 792 2143 848 2200; x_wconf 88' lang='lat' dir='ltr'><strong>in</strong></span> <span class='ocrx_word' id='word_1_284' title='bbox 878 2158 904 2189; x_wconf 77' lang='grc' dir='ltr'><strong>ι</strong></span> <span class='ocrx_word' id='word_1_285' title='bbox 943 2145 1374 2208; x_wconf 87' lang='lat' dir='ltr'><strong>Sacramentario</strong></span> <span class='ocrx_word' id='word_1_286' title='bbox 1416 2152 1866 2206; x_wconf 82' lang='lat' dir='ltr'><strong>reconciliationis</strong></span> <span class='ocrx_word' id='word_1_287' title='bbox 1917 2152 2188 2208; x_wconf 84' lang='lat' dir='ltr'><strong>orationes</strong></span> <span class='ocrx_word' id='word_1_288' title='bbox 2218 2151 2350 2206; x_wconf 89' lang='lat' dir='ltr'><strong>scri-</strong></span> 
     </span>
    </p>
   </div>
   <div class='ocr_carea' id='block_1_37' title="bbox 793 2238 2350 2311">
    <p class='ocr_par' dir='ltr' id='par_1_37' title="bbox 793 2238 2350 2311">
     <span class='ocr_line' id='line_1_37' title="bbox 793 2238 2350 2311; baseline 0.001 -17"><span class='ocrx_word' id='word_1_289' title='bbox 793 2244 898 2304; x_wconf 65' lang='lat' dir='ltr'><strong>ptae</strong></span> <span class='ocrx_word' id='word_1_290' title='bbox 914 2239 1080 2295; x_wconf 81' lang='lat' dir='ltr'><strong>sunt?</strong></span> <span class='ocrx_word' id='word_1_291' title='bbox 1112 2238 1386 2307; x_wconf 83' lang='lat' dir='ltr'><strong>Quomodo</strong></span> <span class='ocrx_word' id='word_1_292' title='bbox 1414 2243 1664 2296; x_wconf 84' lang='lat' dir='ltr'><strong>sacerdos</strong></span> <span class='ocrx_word' id='word_1_293' title='bbox 1695 2242 2017 2305; x_wconf 81' lang='lat' dir='ltr'><strong>reconciliat,</strong></span> <span class='ocrx_word' id='word_1_294' title='bbox 2046 2256 2203 2311; x_wconf 87' lang='lat' dir='ltr'><strong>quem</strong></span> <span class='ocrx_word' id='word_1_295' title='bbox 2225 2256 2350 2311; x_wconf 89' lang='lat' dir='ltr'><strong>pec-</strong></span> 
     </span>
    </p>
   </div>
   <div class='ocr_carea' id='block_1_38' title="bbox 795 2327 2349 2398">
    <p class='ocr_par' dir='ltr' id='par_1_38' title="bbox 795 2327 2349 2398">
     <span class='ocr_line' id='line_1_38' title="bbox 795 2327 2349 2398; baseline 0.003 -20"><span class='ocrx_word' id='word_1_296' title='bbox 795 2340 919 2383; x_wconf 86' lang='lat' dir='ltr'><strong>care</strong></span> <span class='ocrx_word' id='word_1_297' title='bbox 957 2341 1063 2380; x_wconf 90' lang='lat' dir='ltr'><strong>non</strong></span> <span class='ocrx_word' id='word_1_298' title='bbox 1089 2328 1279 2381; x_wconf 82' lang='lat' dir='ltr'><strong>novit?</strong></span> <span class='ocrx_word' id='word_1_299' title='bbox 1312 2327 1368 2382; x_wconf 90' lang='lat' dir='ltr'><strong>Si</strong></span> <span class='ocrx_word' id='word_1_300' title='bbox 1393 2329 1647 2392; x_wconf 84' lang='lat' dir='ltr'><strong>consiliis,</strong></span> <span class='ocrx_word' id='word_1_301' title='bbox 1667 2328 1824 2398; x_wconf 78' lang='lat' dir='ltr'><strong>juxta</strong></span> <span class='ocrx_word' id='word_1_302' title='bbox 1849 2330 2206 2392; x_wconf 81' lang='lat' dir='ltr'><strong>Salomoncm,</strong></span> <span class='ocrx_word' id='word_1_303' title='bbox 2240 2340 2349 2382; x_wconf 85' lang='lat' dir='ltr'><strong>tra-</strong></span> 
     </span>
    </p>
   </div>
   <div class='ocr_carea' id='block_1_39' title="bbox 793 2415 2349 2498">
    <p class='ocr_par' dir='ltr' id='par_1_39' title="bbox 793 2415 2349 2498">
     <span class='ocr_line' id='line_1_39' title="bbox 793 2415 2349 2498; baseline 0.005 -31"><span class='ocrx_word' id='word_1_304' title='bbox 793 2415 985 2470; x_wconf 88' lang='lat' dir='ltr'><strong>ctanda</strong></span> <span class='ocrx_word' id='word_1_305' title='bbox 1014 2425 1139 2486; x_wconf 77' lang='lat' dir='ltr'><strong>sunt</strong></span> <span class='ocrx_word' id='word_1_306' title='bbox 1165 2418 1301 2475; x_wconf 85' lang='lat' dir='ltr'><strong>bella</strong></span> <span class='ocrx_word' id='word_1_307' title='bbox 1331 2419 1512 2489; x_wconf 79' lang='lat' dir='ltr'><strong>(Prov.</strong></span> <span class='ocrx_word' id='word_1_308' title='bbox 1543 2435 1633 2483; x_wconf 80' lang='lat' dir='ltr'><strong>xx,</strong></span> <span class='ocrx_word' id='word_1_309' title='bbox 1659 2419 1768 2498; x_wconf 57' lang='lat'><strong>18),</strong></span> <span class='ocrx_word' id='word_1_310' title='bbox 1796 2419 1936 2489; x_wconf 84' lang='lat' dir='ltr'><strong>quali</strong></span> <span class='ocrx_word' id='word_1_311' title='bbox 1986 2420 2207 2474; x_wconf 90' lang='lat' dir='ltr'><strong>audacia</strong></span> <span class='ocrx_word' id='word_1_312' title='bbox 2235 2419 2349 2475; x_wconf 90' lang='lat' dir='ltr'><strong>sine</strong></span> 
     </span>
    </p>
   </div>
   <div class='ocr_carea' id='block_1_40' title="bbox 739 2499 2349 2578">
    <p class='ocr_par' dir='ltr' id='par_1_40' title="bbox 739 2499 2349 2578">
     <span class='ocr_line' id='line_1_40' title="bbox 739 2499 2349 2578; baseline 0 -16"><span class='ocrx_word' id='word_1_313' title='bbox 739 2553 744 2562; x_wconf 49' lang='grc' dir='ltr'>λ</span> <span class='ocrx_word' id='word_1_314' title='bbox 795 2505 1016 2558; x_wconf 91' lang='lat' dir='ltr'><strong>consilio</strong></span> <span class='ocrx_word' id='word_1_315' title='bbox 1039 2507 1522 2574; x_wconf 82' lang='lat' dir='ltr'><strong>ecclesiasticorum</strong></span> <span class='ocrx_word' id='word_1_316' title='bbox 1546 2509 1757 2566; x_wconf 26' lang='lat' dir='ltr'><strong>ducum.</strong></span> <span class='ocrx_word' id='word_1_317' title='bbox 1778 2524 2014 2578; x_wconf 73' lang='lat' dir='ltr'><strong>pugnare</strong></span> <span class='ocrx_word' id='word_1_318' title='bbox 2035 2525 2134 2564; x_wconf 91' lang='lat' dir='ltr'><strong>nos</strong></span> <span class='ocrx_word' id='word_1_319' title='bbox 2163 2499 2349 2564; x_wconf 75' lang='lat' dir='ltr'><strong>adver-</strong></span> 
     </span>
    </p>
   </div>
   <div class='ocr_carea' id='block_1_41' title="bbox 795 2593 2351 2670">
    <p class='ocr_par' dir='ltr' id='par_1_41' title="bbox 795 2593 2351 2670">
     <span class='ocr_line' id='line_1_41' title="bbox 795 2593 2351 2670; baseline 0.004 -22"><span class='ocrx_word' id='word_1_320' title='bbox 795 2607 886 2648; x_wconf 87' lang='lat' dir='ltr'><strong>sus</strong></span> <span class='ocrx_word' id='word_1_321' title='bbox 915 2593 1179 2648; x_wconf 89' lang='lat' dir='ltr'><strong>diabolum</strong></span> <span class='ocrx_word' id='word_1_322' title='bbox 1207 2595 1557 2652; x_wconf 76' lang='lat' dir='ltr'><strong>conﬁdimus?</strong></span> <span class='ocrx_word' id='word_1_323' title='bbox 1582 2596 1716 2654; x_wconf 82' lang='lat' dir='ltr'><strong>Item</strong></span> <span class='ocrx_word' id='word_1_324' title='bbox 1749 2598 1935 2653; x_wconf 89' lang='lat' dir='ltr'><strong>eodem</strong></span> <span class='ocrx_word' id='word_1_325' title='bbox 1964 2598 2189 2662; x_wconf 89' lang='lat' dir='ltr'><strong>dicente,</strong></span> <span class='ocrx_word' id='word_1_326' title='bbox 2221 2599 2351 2670; x_wconf 82' lang='lat' dir='ltr'><strong>legi-</strong></span> 
     </span>
    </p>
   </div>
   <div class='ocr_carea' id='block_1_42' title="bbox 796 2681 2350 2758">
    <p class='ocr_par' dir='ltr' id='par_1_42' title="bbox 796 2681 2350 2758">
     <span class='ocr_line' id='line_1_42' title="bbox 796 2681 2350 2758; baseline 0.005 -24"><span class='ocrx_word' id='word_1_327' title='bbox 796 2696 916 2736; x_wconf 87' lang='lat' dir='ltr'><strong>mus</strong></span> <span class='ocrx_word' id='word_1_328' title='bbox 946 2699 959 2734; x_wconf 92' lang='lat'><strong>:</strong></span> <span class='ocrx_word' id='word_1_329' title='bbox 1006 2681 1217 2747; x_wconf 76' lang='lat' dir='ltr'><strong>Frater,</strong></span> <span class='ocrx_word' id='word_1_330' title='bbox 1265 2686 1354 2756; x_wconf 81' lang='lat' dir='ltr'><strong>qui</strong></span> <span class='ocrx_word' id='word_1_331' title='bbox 1381 2685 1662 2754; x_wconf 75' lang='lat' dir='ltr'><strong>adjuvetur</strong></span> <span class='ocrx_word' id='word_1_332' title='bbox 1689 2704 1722 2740; x_wconf 89' lang='lat' dir='ltr'><strong>a</strong></span> <span class='ocrx_word' id='word_1_333' title='bbox 1755 2687 1939 2756; x_wconf 76' lang='lat' dir='ltr'><strong>fratre,</strong></span> <span class='ocrx_word' id='word_1_334' title='bbox 1976 2689 2128 2758; x_wconf 79' lang='lat' dir='ltr'><strong>quasi</strong></span> <span class='ocrx_word' id='word_1_335' title='bbox 2168 2688 2350 2742; x_wconf 80' lang='lat' dir='ltr'><strong>civitas</strong></span> 
     </span>
    </p>
   </div>
   <div class='ocr_carea' id='block_1_43' title="bbox 797 2771 2351 2846">
    <p class='ocr_par' dir='ltr' id='par_1_43' title="bbox 797 2771 2351 2846">
     <span class='ocr_line' id='line_1_43' title="bbox 797 2771 2351 2846; baseline 0.005 -21"><span class='ocrx_word' id='word_1_336' title='bbox 797 2771 953 2839; x_wconf 71' lang='lat' dir='ltr'><strong>ﬁrma</strong></span> <span class='ocrx_word' id='word_1_337' title='bbox 976 2783 1054 2831; x_wconf 85' lang='lat' dir='ltr'><strong>est</strong></span> <span class='ocrx_word' id='word_1_338' title='bbox 1080 2772 1260 2844; x_wconf 77' lang='lat' dir='ltr'><strong>(Prov.</strong></span> <span class='ocrx_word' id='word_1_339' title='bbox 1285 2790 1437 2838; x_wconf 81' lang='lat' dir='ltr'><strong>xvm,</strong></span> <span class='ocrx_word' id='word_1_340' title='bbox 1463 2776 1572 2845; x_wconf 81' lang='lat' dir='ltr'><strong>l9).</strong></span> <span class='ocrx_word' id='word_1_341' title='bbox 1619 2775 1796 2841; x_wconf 69' lang='lat' dir='ltr'><strong>Quem</strong></span> <span class='ocrx_word' id='word_1_342' title='bbox 1837 2777 2054 2846; x_wconf 88' lang='lat' dir='ltr'><strong>adjuvat</strong></span> <span class='ocrx_word' id='word_1_343' title='bbox 2101 2778 2351 2833; x_wconf 86' lang='lat' dir='ltr'><strong>sacerdos</strong></span> 
     </span>
    </p>
   </div>
   <div class='ocr_carea' id='block_1_44' title="bbox 793 2857 2350 2930">
    <p class='ocr_par' dir='ltr' id='par_1_44' title="bbox 793 2857 2350 2930">
     <span class='ocr_line' id='line_1_44' title="bbox 793 2857 2350 2930; baseline 0.006 -17"><span class='ocrx_word' id='word_1_344' title='bbox 793 2857 996 2915; x_wconf 86' lang='lat' dir='ltr'><strong>Christi</strong></span> <span class='ocrx_word' id='word_1_345' title='bbox 1019 2860 1127 2915; x_wconf 83' lang='lat' dir='ltr'><strong>dux</strong></span> <span class='ocrx_word' id='word_1_346' title='bbox 1154 2861 1421 2918; x_wconf 84' lang='lat' dir='ltr'><strong>exercitus</strong></span> <span class='ocrx_word' id='word_1_347' title='bbox 1449 2861 1544 2918; x_wconf 88' lang='lat' dir='ltr'><strong>Dei</strong></span> <span class='ocrx_word' id='word_1_348' title='bbox 1569 2872 1626 2919; x_wconf 91' lang='lat' dir='ltr'><strong>et</strong></span> <span class='ocrx_word' id='word_1_349' title='bbox 1654 2873 1830 2919; x_wconf 86' lang='lat' dir='ltr'><strong>rector</strong></span> <span class='ocrx_word' id='word_1_350' title='bbox 1861 2873 2158 2920; x_wconf 89' lang='lat' dir='ltr'><strong>castrorum</strong></span> <span class='ocrx_word' id='word_1_351' title='bbox 2187 2865 2350 2930; x_wconf 91' lang='lat' dir='ltr'><strong>illius,</strong></span> 
     </span>
    </p>
   </div>
   <div class='ocr_carea' id='block_1_45' title="bbox 793 2947 2352 3026">
    <p class='ocr_par' dir='ltr' id='par_1_45' title="bbox 793 2947 2352 3026">
     <span class='ocr_line' id='line_1_45' title="bbox 793 2947 2352 3026; baseline 0.004 -25"><span class='ocrx_word' id='word_1_352' title='bbox 793 2947 839 3002; x_wconf 88' lang='lat' dir='ltr'><strong>si</strong></span> <span class='ocrx_word' id='word_1_353' title='bbox 867 2947 1044 3004; x_wconf 84' lang='lat' dir='ltr'><strong>nullus</strong></span> <span class='ocrx_word' id='word_1_354' title='bbox 1071 2949 1138 3005; x_wconf 90' lang='lat' dir='ltr'><strong>ab</strong></span> <span class='ocrx_word' id='word_1_355' title='bbox 1163 2966 1230 3026; x_wconf 83' lang='lat' dir='ltr'><strong>eo</strong></span> <span class='ocrx_word' id='word_1_356' title='bbox 1256 2967 1365 3007; x_wconf 82' lang='lat' dir='ltr'><strong>suae</strong></span> <span class='ocrx_word' id='word_1_357' title='bbox 1389 2952 1580 3008; x_wconf 86' lang='lat' dir='ltr'><strong>salutis</strong></span> <span class='ocrx_word' id='word_1_358' title='bbox 1625 2954 1879 3017; x_wconf 78' lang='lat' dir='ltr'><strong>auxilium</strong></span> <span class='ocrx_word' id='word_1_359' title='bbox 1904 2969 2108 3025; x_wconf 51' lang='lat' dir='ltr'><strong>quaret</strong></span> <span class='ocrx_word' id='word_1_360' title='bbox 2173 2956 2352 3025; x_wconf 78' lang='lat' dir='ltr'><strong>digna-</strong></span> 
     </span>
    </p>
   </div>
   <div class='ocr_carea' id='block_1_46' title="bbox 751 3041 2352 3105">
    <p class='ocr_par' dir='ltr' id='par_1_46' title="bbox 751 3041 2352 3105">
     <span class='ocr_line' id='line_1_46' title="bbox 751 3041 2352 3105; baseline 0.008 -16"><span class='ocrx_word' id='word_1_361' title='bbox 751 3086 753 3088; x_wconf 85' lang='lat'><strong>.</strong></span> <span class='ocrx_word' id='word_1_362' title='bbox 793 3047 902 3105; x_wconf 91' lang='lat' dir='ltr'><strong>tur,</strong></span> <span class='ocrx_word' id='word_1_363' title='bbox 946 3041 992 3095; x_wconf 88' lang='lat' dir='ltr'><strong>si</strong></span> <span class='ocrx_word' id='word_1_364' title='bbox 1017 3056 1172 3096; x_wconf 90' lang='lat' dir='ltr'><strong>nemo</strong></span> <span class='ocrx_word' id='word_1_365' title='bbox 1202 3043 1410 3100; x_wconf 88' lang='lat' dir='ltr'><strong>occulta</strong></span> <span class='ocrx_word' id='word_1_366' title='bbox 1441 3044 1712 3100; x_wconf 70' lang='lat' dir='ltr'><strong>diabolica:</strong></span> <span class='ocrx_word' id='word_1_367' title='bbox 1741 3044 1943 3101; x_wconf 78' lang='lat' dir='ltr'><strong>fraudis</strong></span> <span class='ocrx_word' id='word_1_368' title='bbox 1968 3047 2190 3104; x_wconf 78' lang='lat' dir='ltr'><strong>vulnera</strong></span> <span class='ocrx_word' id='word_1_369' title='bbox 2211 3049 2352 3102; x_wconf 86' lang='lat' dir='ltr'><strong>illius</strong></span> 
     </span>
    </p>
   </div>
   <div class='ocr_carea' id='block_1_47' title="bbox 793 3130 2060 3195">
    <p class='ocr_par' dir='ltr' id='par_1_47' title="bbox 793 3130 2060 3195">
     <span class='ocr_line' id='line_1_47' title="bbox 793 3130 2060 3195; baseline 0.006 -12"><span class='ocrx_word' id='word_1_370' title='bbox 793 3130 1095 3186; x_wconf 89' lang='lat' dir='ltr'><strong>medicinali</strong></span> <span class='ocrx_word' id='word_1_371' title='bbox 1121 3133 1354 3188; x_wconf 75' lang='lat' dir='ltr'><strong>dextera:</strong></span> <span class='ocrx_word' id='word_1_372' title='bbox 1381 3135 1656 3189; x_wconf 89' lang='lat' dir='ltr'><strong>tractanda</strong></span> <span class='ocrx_word' id='word_1_373' title='bbox 1687 3137 1964 3195; x_wconf 81' lang='lat' dir='ltr'><strong>ostendit?</strong></span> <span class='ocrx_word' id='word_1_374' title='bbox 2037 3134 2060 3139; x_wconf 37' lang='grc' dir='ltr'><strong>’ί</strong></span> 
     </span>
    </p>
   </div>
   <div class='ocr_carea' id='block_1_48' title="bbox 781 3216 2346 3294">
    <p class='ocr_par' dir='ltr' id='par_1_48' title="bbox 781 3216 2346 3294">
     <span class='ocr_line' id='line_1_48' title="bbox 781 3216 2346 3294; baseline 0.009 -25"><span class='ocrx_word' id='word_1_375' title='bbox 781 3258 798 3269; x_wconf 71' lang='grc'><strong>.</strong></span> <span class='ocrx_word' id='word_1_376' title='bbox 866 3217 1023 3290; x_wconf 64' lang='grc' dir='ltr'><strong>ιω</strong></span> <span class='ocrx_word' id='word_1_377' title='bbox 1055 3216 1289 3277; x_wconf 78' lang='lat' dir='ltr'><strong>[nauiter</strong></span> <span class='ocrx_word' id='word_1_378' title='bbox 1313 3222 1496 3292; x_wconf 87' lang='lat' dir='ltr'><strong>itaque</strong></span> <span class='ocrx_word' id='word_1_379' title='bbox 1520 3225 1691 3294; x_wconf 87' lang='lat' dir='ltr'><strong>posita</strong></span> <span class='ocrx_word' id='word_1_380' title='bbox 1718 3235 1843 3282; x_wconf 89' lang='lat' dir='ltr'><strong>sunt</strong></span> <span class='ocrx_word' id='word_1_381' title='bbox 1885 3226 1940 3280; x_wconf 91' lang='lat' dir='ltr'><strong>in</strong></span> <span class='ocrx_word' id='word_1_382' title='bbox 1976 3224 2230 3282; x_wconf 82' lang='lat' dir='ltr'><strong>Ecclesiis</strong></span> <span class='ocrx_word' id='word_1_383' title='bbox 2260 3244 2346 3284; x_wconf 90' lang='lat' dir='ltr'><strong>re-</strong></span> 
     </span>
    </p>
   </div>
   <div class='ocr_carea' id='block_1_49' title="bbox 793 3307 2346 3381">
    <p class='ocr_par' dir='ltr' id='par_1_49' title="bbox 793 3307 2346 3381">
     <span class='ocr_line' id='line_1_49' title="bbox 793 3307 2346 3381; baseline 0.006 -18"><span class='ocrx_word' id='word_1_384' title='bbox 793 3307 989 3374; x_wconf 86' lang='lat' dir='ltr'><strong>media,</strong></span> <span class='ocrx_word' id='word_1_385' title='bbox 1002 3316 1058 3363; x_wconf 88' lang='lat' dir='ltr'><strong>et</strong></span> <span class='ocrx_word' id='word_1_386' title='bbox 1074 3311 1311 3381; x_wconf 80' lang='lat' dir='ltr'><strong>synodali</strong></span> <span class='ocrx_word' id='word_1_387' title='bbox 1339 3313 1656 3370; x_wconf 85' lang='lat' dir='ltr'><strong>auctoritate</strong></span> <span class='ocrx_word' id='word_1_388' title='bbox 1678 3314 1872 3370; x_wconf 85' lang='lat' dir='ltr'><strong>litteris</strong></span> <span class='ocrx_word' id='word_1_389' title='bbox 1892 3317 2143 3372; x_wconf 84' lang='lat' dir='ltr'><strong>mandata</strong></span> <span class='ocrx_word' id='word_1_390' title='bbox 2161 3326 2346 3373; x_wconf 87' lang='lat' dir='ltr'><strong>contra</strong></span> 
     </span>
    </p>
   </div>
   <div class='ocr_carea' id='block_1_50' title="bbox 791 3400 2348 3478">
    <p class='ocr_par' dir='ltr' id='par_1_50' title="bbox 791 3400 2348 3478">
     <span class='ocr_line' id='line_1_50' title="bbox 791 3400 2348 3478; baseline 0.004 -23"><span class='ocrx_word' id='word_1_391' title='bbox 791 3400 971 3456; x_wconf 86' lang='lat' dir='ltr'><strong>omnia</strong></span> <span class='ocrx_word' id='word_1_392' title='bbox 999 3410 1338 3472; x_wconf 87' lang='lat' dir='ltr'><strong>peccatorum</strong></span> <span class='ocrx_word' id='word_1_393' title='bbox 1360 3411 1664 3460; x_wconf 86' lang='lat' dir='ltr'><strong>nostrorum</strong></span> <span class='ocrx_word' id='word_1_394' title='bbox 1689 3406 1904 3462; x_wconf 76' lang='lat' dir='ltr'><strong>vulnera</strong></span> <span class='ocrx_word' id='word_1_395' title='bbox 1919 3447 1935 3472; x_wconf 95' lang='lat'><strong>,</strong></span> <span class='ocrx_word' id='word_1_396' title='bbox 1958 3423 2077 3478; x_wconf 82' lang='lat' dir='ltr'><strong>qua:</strong></span> <span class='ocrx_word' id='word_1_397' title='bbox 2102 3407 2184 3464; x_wconf 82' lang='lat' dir='ltr'><strong>vel</strong></span> <span class='ocrx_word' id='word_1_398' title='bbox 2209 3410 2348 3464; x_wconf 84' lang='lat' dir='ltr'><strong>anti-</strong></span> 
     </span>
    </p>
   </div>
   <div class='ocr_carea' id='block_1_51' title="bbox 702 3491 2346 3571">
    <p class='ocr_par' dir='ltr' id='par_1_51' title="bbox 702 3491 2346 3571">
     <span class='ocr_line' id='line_1_51' title="bbox 702 3491 2346 3571; baseline 0.005 -26"><span class='ocrx_word' id='word_1_399' title='bbox 702 3520 703 3523; x_wconf 58' lang='grc' dir='ltr'><strong>η</strong></span> <span class='ocrx_word' id='word_1_400' title='bbox 792 3491 885 3563; x_wconf 91' lang='lat' dir='ltr'><strong>qui</strong></span> <span class='ocrx_word' id='word_1_401' title='bbox 911 3493 1081 3548; x_wconf 88' lang='lat' dir='ltr'><strong>hostis</strong></span> <span class='ocrx_word' id='word_1_402' title='bbox 1107 3495 1336 3549; x_wconf 86' lang='lat' dir='ltr'><strong>versutia</strong></span> <span class='ocrx_word' id='word_1_403' title='bbox 1355 3534 1370 3560; x_wconf 93' lang='lat'><strong>,</strong></span> <span class='ocrx_word' id='word_1_404' title='bbox 1401 3495 1487 3550; x_wconf 83' lang='lat' dir='ltr'><strong>vel</strong></span> <span class='ocrx_word' id='word_1_405' title='bbox 1511 3496 1828 3566; x_wconf 73' lang='lat' dir='ltr'><strong>negligentia</strong></span> <span class='ocrx_word' id='word_1_406' title='bbox 1852 3499 2224 3571; x_wconf 82' lang='lat' dir='ltr'><strong>mandatorum</strong></span> <span class='ocrx_word' id='word_1_407' title='bbox 2254 3499 2346 3553; x_wconf 86' lang='lat' dir='ltr'><strong>Dei</strong></span> 
     </span>
    </p>
   </div>
   <div class='ocr_carea' id='block_1_52' title="bbox 792 3579 2348 3656">
    <p class='ocr_par' dir='ltr' id='par_1_52' title="bbox 792 3579 2348 3656">
     <span class='ocr_line' id='line_1_52' title="bbox 792 3579 2348 3656; baseline 0.003 -21"><span class='ocrx_word' id='word_1_408' title='bbox 792 3579 1105 3650; x_wconf 83' lang='lat' dir='ltr'><strong>spiritaliter</strong></span> <span class='ocrx_word' id='word_1_409' title='bbox 1137 3589 1228 3636; x_wconf 85' lang='lat' dir='ltr'><strong>aut</strong></span> <span class='ocrx_word' id='word_1_410' title='bbox 1263 3583 1550 3638; x_wconf 88' lang='lat' dir='ltr'><strong>carnaliter</strong></span> <span class='ocrx_word' id='word_1_411' title='bbox 1583 3585 1738 3640; x_wconf 91' lang='lat' dir='ltr'><strong>nobis</strong></span> <span class='ocrx_word' id='word_1_412' title='bbox 1768 3583 2117 3656; x_wconf 85' lang='lat' dir='ltr'><strong>infliguntur;</strong></span> <span class='ocrx_word' id='word_1_413' title='bbox 2150 3588 2194 3642; x_wconf 89' lang='lat' dir='ltr'><strong>si</strong></span> <span class='ocrx_word' id='word_1_414' title='bbox 2241 3603 2348 3642; x_wconf 90' lang='lat' dir='ltr'><strong>non</strong></span> 
     </span>
    </p>
   </div>
   <div class='ocr_carea' id='block_1_53' title="bbox 795 3668 2348 3738">
    <p class='ocr_par' dir='ltr' id='par_1_53' title="bbox 795 3668 2348 3738">
     <span class='ocr_line' id='line_1_53' title="bbox 795 3668 2348 3738; baseline 0.006 -15"><span class='ocrx_word' id='word_1_415' title='bbox 795 3669 882 3724; x_wconf 86' lang='lat' dir='ltr'><strong>his</strong></span> <span class='ocrx_word' id='word_1_416' title='bbox 917 3668 1010 3738; x_wconf 88' lang='lat' dir='ltr'><strong>qui</strong></span> <span class='ocrx_word' id='word_1_417' title='bbox 1044 3669 1099 3723; x_wconf 92' lang='lat' dir='ltr'><strong>in</strong></span> <span class='ocrx_word' id='word_1_418' title='bbox 1133 3669 1372 3726; x_wconf 84' lang='lat' dir='ltr'><strong>Ecclesia</strong></span> <span class='ocrx_word' id='word_1_419' title='bbox 1403 3671 1603 3727; x_wconf 88' lang='lat' dir='ltr'><strong>Christi</strong></span> <span class='ocrx_word' id='word_1_420' title='bbox 1637 3675 1819 3730; x_wconf 86' lang='lat' dir='ltr'><strong>statuti</strong></span> <span class='ocrx_word' id='word_1_421' title='bbox 1855 3683 1978 3730; x_wconf 78' lang='lat' dir='ltr'><strong>sunt</strong></span> <span class='ocrx_word' id='word_1_422' title='bbox 2009 3677 2077 3732; x_wconf 85' lang='lat' dir='ltr'><strong>ad</strong></span> <span class='ocrx_word' id='word_1_423' title='bbox 2112 3681 2348 3732; x_wconf 74' lang='lat' dir='ltr'><strong>sanando</strong></span> 
     </span>
    </p>
   </div>
   <div class='ocr_carea' id='block_1_54' title="bbox 795 3752 2343 3831">
    <p class='ocr_par' dir='ltr' id='par_1_54' title="bbox 795 3752 2343 3831">
     <span class='ocr_line' id='line_1_54' title="bbox 795 3752 2343 3831; baseline 0.006 -20"><span class='ocrx_word' id='word_1_424' title='bbox 795 3758 1010 3828; x_wconf 83' lang='lat' dir='ltr'><strong>putrida</strong></span> <span class='ocrx_word' id='word_1_425' title='bbox 1067 3759 1328 3815; x_wconf 89' lang='lat' dir='ltr'><strong>scelerum</strong></span> <span class='ocrx_word' id='word_1_426' title='bbox 1366 3752 1686 3818; x_wconf 86' lang='lat' dir='ltr'><strong>nostrorum</strong></span> <span class='ocrx_word' id='word_1_427' title='bbox 1738 3765 1916 3820; x_wconf 88' lang='lat' dir='ltr'><strong>ulcera</strong></span> <span class='ocrx_word' id='word_1_428' title='bbox 1941 3806 1955 3831; x_wconf 95' lang='lat'><strong>,</strong></span> <span class='ocrx_word' id='word_1_429' title='bbox 2020 3766 2343 3822; x_wconf 84' lang='lat' dir='ltr'><strong>revelantur.</strong></span> 
     </span>
    </p>
   </div>
   <div class='ocr_carea' id='block_1_55' title="bbox 758 3842 2342 3927">
    <p class='ocr_par' dir='ltr' id='par_1_55' title="bbox 758 3842 2342 3927">
     <span class='ocr_line' id='line_1_55' title="bbox 758 3842 2342 3927; baseline 0.011 -29"><span class='ocrx_word' id='word_1_430' title='bbox 758 3842 760 3845; x_wconf 82' lang='grc'><em>’</em></span> <span class='ocrx_word' id='word_1_431' title='bbox 794 3844 962 3900; x_wconf 83' lang='lat' dir='ltr'><strong>Corde</strong></span> <span class='ocrx_word' id='word_1_432' title='bbox 986 3849 1123 3901; x_wconf 78' lang='lat' dir='ltr'><strong>enim</strong></span> <span class='ocrx_word' id='word_1_433' title='bbox 1150 3850 1405 3915; x_wconf 81' lang='lat' dir='ltr'><strong>creditur,</strong></span> <span class='ocrx_word' id='word_1_434' title='bbox 1442 3851 1572 3908; x_wconf 90' lang='lat' dir='ltr'><strong>dicit</strong></span> <span class='ocrx_word' id='word_1_435' title='bbox 1599 3852 1912 3924; x_wconf 81' lang='lat' dir='ltr'><strong>Apostolus,</strong></span> <span class='ocrx_word' id='word_1_436' title='bbox 1952 3855 2021 3910; x_wconf 74' lang='lat' dir='ltr'><strong>ad</strong></span> <span class='ocrx_word' id='word_1_437' title='bbox 2047 3857 2307 3927; x_wconf 76' lang='lat' dir='ltr'><strong>justitiam</strong></span> <span class='ocrx_word' id='word_1_438' title='bbox 2327 3900 2342 3918; x_wconf 89' lang='lat'><strong>.</strong></span> 
     </span>
    </p>
   </div>
   <div class='ocr_carea' id='block_1_56' title="bbox 794 3937 2344 4014">
    <p class='ocr_par' dir='ltr' id='par_1_56' title="bbox 794 3937 2344 4014">
     <span class='ocr_line' id='line_1_56' title="bbox 794 3937 2344 4014; baseline 0.009 -28"><span class='ocrx_word' id='word_1_439' title='bbox 794 3950 885 3988; x_wconf 87' lang='lat' dir='ltr'><strong>ore</strong></span> <span class='ocrx_word' id='word_1_440' title='bbox 925 3941 1102 3988; x_wconf 70' lang='lat' dir='ltr'><strong>autem</strong></span> <span class='ocrx_word' id='word_1_441' title='bbox 1138 3937 1389 4006; x_wconf 73' lang='lat' dir='ltr'><strong>confessio</strong></span> <span class='ocrx_word' id='word_1_442' title='bbox 1431 3939 1490 4008; x_wconf 73' lang='lat' dir='ltr'><strong>ﬁt</strong></span> <span class='ocrx_word' id='word_1_443' title='bbox 1532 3942 1602 3994; x_wconf 81' lang='lat' dir='ltr'><strong>ad</strong></span> <span class='ocrx_word' id='word_1_444' title='bbox 1632 3942 1850 3996; x_wconf 72' lang='lat' dir='ltr'><strong>salutem</strong></span> <span class='ocrx_word' id='word_1_445' title='bbox 1891 3943 2086 4014; x_wconf 80' lang='lat' dir='ltr'><strong>(Rom.</strong></span> <span class='ocrx_word' id='word_1_446' title='bbox 2115 3962 2146 3998; x_wconf 72' lang='grc' dir='ltr'><strong>κ</strong></span> <span class='ocrx_word' id='word_1_447' title='bbox 2170 3985 2186 4009; x_wconf 89' lang='grc'><em>,</em></span> <span class='ocrx_word' id='word_1_448' title='bbox 2216 3946 2344 4014; x_wconf 78' lang='grc'>10).</span> 
     </span>
    </p>
   </div>
   <div class='ocr_carea' id='block_1_57' title="bbox 795 4023 2348 4105">
    <p class='ocr_par' dir='ltr' id='par_1_57' title="bbox 795 4023 2348 4105">
     <span class='ocr_line' id='line_1_57' title="bbox 795 4023 2348 4105; baseline 0.009 -27"><span class='ocrx_word' id='word_1_449' title='bbox 795 4023 912 4080; x_wconf 81' lang='lat' dir='ltr'><strong>Non</strong></span> <span class='ocrx_word' id='word_1_450' title='bbox 939 4025 1108 4081; x_wconf 89' lang='lat' dir='ltr'><strong>solum</strong></span> <span class='ocrx_word' id='word_1_451' title='bbox 1137 4029 1414 4084; x_wconf 68' lang='lat' dir='ltr'><strong>catholica:</strong></span> <span class='ocrx_word' id='word_1_452' title='bbox 1438 4029 1591 4094; x_wconf 83' lang='lat' dir='ltr'><strong>lidei,</strong></span> <span class='ocrx_word' id='word_1_453' title='bbox 1621 4031 1713 4087; x_wconf 91' lang='lat' dir='ltr'><strong>sed</strong></span> <span class='ocrx_word' id='word_1_454' title='bbox 1740 4035 1900 4088; x_wconf 81' lang='lat' dir='ltr'><strong>etiam</strong></span> <span class='ocrx_word' id='word_1_455' title='bbox 1928 4047 2059 4104; x_wconf 82' lang='lat' dir='ltr'><strong>pura</strong></span> <span class='ocrx_word' id='word_1_456' title='bbox 2102 4024 2348 4105; x_wconf 82' lang='lat' dir='ltr'><strong>peccato-</strong></span> 
     </span>
    </p>
   </div>
   <div class='ocr_carea' id='block_1_58' title="bbox 795 4114 2345 4196">
    <p class='ocr_par' dir='ltr' id='par_1_58' title="bbox 795 4114 2345 4196">
     <span class='ocr_line' id='line_1_58' title="bbox 795 4114 2345 4196; baseline 0.009 -28"><span class='ocrx_word' id='word_1_457' title='bbox 795 4129 915 4168; x_wconf 91' lang='lat' dir='ltr'><strong>rum</strong></span> <span class='ocrx_word' id='word_1_458' title='bbox 944 4114 1209 4172; x_wconf 84' lang='lat' dir='ltr'><strong>confessio</strong></span> <span class='ocrx_word' id='word_1_459' title='bbox 1237 4115 1398 4190; x_wconf 78' lang='lat' dir='ltr'><strong>[.eum</strong></span> <span class='ocrx_word' id='word_1_460' title='bbox 1425 4121 1601 4176; x_wconf 86' lang='lat' dir='ltr'><strong>cordis</strong></span> <span class='ocrx_word' id='word_1_461' title='bbox 1627 4125 2072 4196; x_wconf 80' lang='lat' dir='ltr'><strong>compnnetione]</strong></span> <span class='ocrx_word' id='word_1_462' title='bbox 2100 4126 2254 4180; x_wconf 87' lang='lat' dir='ltr'><strong>nobis</strong></span> <span class='ocrx_word' id='word_1_463' title='bbox 2278 4128 2345 4182; x_wconf 82' lang='lat' dir='ltr'><strong>ad</strong></span> 
     </span>
    </p>
   </div>
   <div class='ocr_carea' id='block_1_59' title="bbox 795 4203 2343 4285">
    <p class='ocr_par' dir='ltr' id='par_1_59' title="bbox 795 4203 2343 4285">
     <span class='ocr_line' id='line_1_59' title="bbox 795 4203 2343 4285; baseline 0.009 -28"><span class='ocrx_word' id='word_1_464' title='bbox 795 4203 1019 4258; x_wconf 83' lang='lat' dir='ltr'><strong>salutem</strong></span> <span class='ocrx_word' id='word_1_465' title='bbox 1063 4205 1274 4274; x_wconf 81' lang='lat' dir='ltr'><strong>prolicit</strong></span> <span class='ocrx_word' id='word_1_466' title='bbox 1317 4209 1724 4277; x_wconf 88' lang='lat' dir='ltr'><strong>sempiternam,</strong></span> <span class='ocrx_word' id='word_1_467' title='bbox 1749 4204 1972 4267; x_wconf 82' lang='lat' dir='ltr'><strong>dicente</strong></span> <span class='ocrx_word' id='word_1_468' title='bbox 2021 4214 2343 4285; x_wconf 90' lang='lat' dir='ltr'><strong>Scriptura:</strong></span> 
     </span>
    </p>
   </div>
   <div class='ocr_carea' id='block_1_60' title="bbox 798 4292 2342 4377">
    <p class='ocr_par' dir='ltr' id='par_1_60' title="bbox 798 4292 2342 4377">
     <span class='ocr_line' id='line_1_60' title="bbox 798 4292 2342 4377; baseline 0.011 -33"><span class='ocrx_word' id='word_1_469' title='bbox 798 4292 893 4344; x_wconf 87' lang='lat' dir='ltr'><strong>Dic</strong></span> <span class='ocrx_word' id='word_1_470' title='bbox 920 4295 1066 4362; x_wconf 84' lang='lat' dir='ltr'><strong>prior</strong></span> <span class='ocrx_word' id='word_1_471' title='bbox 1086 4295 1370 4363; x_wconf 69' lang='lat' dir='ltr'><strong>iniustitiae</strong></span> <span class='ocrx_word' id='word_1_472' title='bbox 1392 4307 1541 4364; x_wconf 83' lang='lat' dir='ltr'><strong>tuas,</strong></span> <span class='ocrx_word' id='word_1_473' title='bbox 1567 4309 1625 4352; x_wconf 75' lang='lat' dir='ltr'><strong>ut</strong></span> <span class='ocrx_word' id='word_1_474' title='bbox 1643 4301 1951 4370; x_wconf 75' lang='lat' dir='ltr'><strong>jnsti/iceris</strong></span> <span class='ocrx_word' id='word_1_475' title='bbox 1974 4303 2140 4377; x_wconf 84' lang='lat' dir='ltr'><strong>(Isai.</strong></span> <span class='ocrx_word' id='word_1_476' title='bbox 2171 4320 2302 4362; x_wconf 78' lang='lat' dir='ltr'><strong>xu&quot;</strong></span> <span class='ocrx_word' id='word_1_477' title='bbox 2327 4349 2342 4371; x_wconf 93' lang='lat'><strong>,</strong></span> 
     </span>
    </p>
   </div>
   <div class='ocr_carea' id='block_1_61' title="bbox 793 4379 2346 4461">
    <p class='ocr_par' dir='ltr' id='par_1_61' title="bbox 793 4379 2346 4461">
     <span class='ocr_line' id='line_1_61' title="bbox 793 4379 2346 4461; baseline 0.01 -25"><span class='ocrx_word' id='word_1_478' title='bbox 793 4379 863 4436; x_wconf 70' lang='lat'><strong>26</strong></span> <span class='ocrx_word' id='word_1_479' title='bbox 886 4382 926 4452; x_wconf 87' lang='lat'><strong>).</strong></span> <span class='ocrx_word' id='word_1_480' title='bbox 954 4381 1022 4437; x_wconf 81' lang='lat' dir='ltr'><strong>Et</strong></span> <span class='ocrx_word' id='word_1_481' title='bbox 1038 4383 1240 4439; x_wconf 81' lang='lat' dir='ltr'><strong>iterum</strong></span> <span class='ocrx_word' id='word_1_482' title='bbox 1267 4402 1282 4438; x_wconf 93' lang='lat'><strong>:</strong></span> <span class='ocrx_word' id='word_1_483' title='bbox 1310 4386 1491 4441; x_wconf 67' lang='lat' dir='ltr'><strong>Justus</strong></span> <span class='ocrx_word' id='word_1_484' title='bbox 1513 4389 1570 4442; x_wconf 83' lang='lat' dir='ltr'><strong>in</strong></span> <span class='ocrx_word' id='word_1_485' title='bbox 1591 4392 1847 4461; x_wconf 78' lang='lat' dir='ltr'><strong>principio</strong></span> <span class='ocrx_word' id='word_1_486' title='bbox 1869 4389 2136 4448; x_wconf 77' lang='lat' dir='ltr'><strong>accusator</strong></span> <span class='ocrx_word' id='word_1_487' title='bbox 2161 4407 2234 4451; x_wconf 86' lang='lat' dir='ltr'><strong>est</strong></span> <span class='ocrx_word' id='word_1_488' title='bbox 2262 4401 2346 4453; x_wconf 86' lang='lat' dir='ltr'><strong>sui</strong></span> 
     </span>
    </p>
   </div>
   <div class='ocr_carea' id='block_1_62' title="bbox 2448 1951 4011 2042">
    <p class='ocr_par' dir='ltr' id='par_1_62' title="bbox 2448 1951 4011 2042">
     <span class='ocr_line' id='line_1_62' title="bbox 2448 1951 4011 2042; baseline 0.001 -22"><span class='ocrx_word' id='word_1_489' title='bbox 2448 1958 2596 2036; x_wconf 80' lang='lat' dir='ltr'><strong>ligite</strong></span> <span class='ocrx_word' id='word_1_490' title='bbox 2620 1955 2916 2042; x_wconf 78' lang='lat' dir='ltr'><strong>justitiam,</strong></span> <span class='ocrx_word' id='word_1_491' title='bbox 2947 1975 3007 2023; x_wconf 76' lang='lat' dir='ltr'><strong>et</strong></span> <span class='ocrx_word' id='word_1_492' title='bbox 3025 1965 3150 2022; x_wconf 87' lang='lat' dir='ltr'><strong>odio</strong></span> <span class='ocrx_word' id='word_1_493' title='bbox 3178 1960 3372 2024; x_wconf 85' lang='lat' dir='ltr'><strong>habete</strong></span> <span class='ocrx_word' id='word_1_494' title='bbox 3397 1952 3750 2036; x_wconf 82' lang='lat' dir='ltr'><strong>iniquitatem.</strong></span> <span class='ocrx_word' id='word_1_495' title='bbox 3779 1951 3881 2037; x_wconf 81' lang='lat' dir='ltr'><strong>Qui</strong></span> <span class='ocrx_word' id='word_1_496' title='bbox 3927 1973 4011 2021; x_wconf 60' lang='grc' dir='ltr'><strong>ει</strong></span> 
     </span>
    </p>
   </div>
   <div class='ocr_carea' id='block_1_63' title="bbox 2448 2055 4012 2133">
    <p class='ocr_par' dir='ltr' id='par_1_63' title="bbox 2448 2055 4012 2133">
     <span class='ocr_line' id='line_1_63' title="bbox 2448 2055 4012 2133; baseline 0 -23"><span class='ocrx_word' id='word_1_497' title='bbox 2448 2065 2549 2110; x_wconf 85' lang='lat' dir='ltr'><strong>n&#39;us</strong></span> <span class='ocrx_word' id='word_1_498' title='bbox 2577 2063 2660 2110; x_wconf 90' lang='lat' dir='ltr'><strong>est</strong></span> <span class='ocrx_word' id='word_1_499' title='bbox 2677 2097 2700 2126; x_wconf 37' lang='lat'><strong>,.</strong></span> <span class='ocrx_word' id='word_1_500' title='bbox 2725 2056 2976 2133; x_wconf 85' lang='lat' dir='ltr'><strong>defendat</strong></span> <span class='ocrx_word' id='word_1_501' title='bbox 3011 2071 3082 2129; x_wconf 19' lang='lat' dir='ltr'><strong>se,</strong></span> <span class='ocrx_word' id='word_1_502' title='bbox 3102 2056 3266 2117; x_wconf 80' lang='lat' dir='ltr'><strong>scuto</strong></span> <span class='ocrx_word' id='word_1_503' title='bbox 3284 2055 3440 2119; x_wconf 83' lang='lat' dir='ltr'><strong>fidei,</strong></span> <span class='ocrx_word' id='word_1_504' title='bbox 3470 2071 3538 2111; x_wconf 91' lang='lat' dir='ltr'><strong>ne</strong></span> <span class='ocrx_word' id='word_1_505' title='bbox 3562 2056 3887 2125; x_wconf 79' lang='lat' dir='ltr'><strong>clandestina</strong></span> <span class='ocrx_word' id='word_1_506' title='bbox 3917 2055 4012 2110; x_wconf 78' lang='lat' dir='ltr'><strong>an-</strong></span> 
     </span>
    </p>
   </div>
   <div class='ocr_carea' id='block_1_64' title="bbox 2451 2138 4007 2219">
    <p class='ocr_par' dir='ltr' id='par_1_64' title="bbox 2451 2138 4007 2219">
     <span class='ocr_line' id='line_1_64' title="bbox 2451 2138 4007 2219; baseline 0.001 -20"><span class='ocrx_word' id='word_1_507' title='bbox 2451 2144 2583 2216; x_wconf 84' lang='lat' dir='ltr'><strong>tiqui</strong></span> <span class='ocrx_word' id='word_1_508' title='bbox 2608 2148 2781 2203; x_wconf 89' lang='lat' dir='ltr'><strong>hostis</strong></span> <span class='ocrx_word' id='word_1_509' title='bbox 2807 2148 2996 2217; x_wconf 86' lang='lat' dir='ltr'><strong>sagitta</strong></span> <span class='ocrx_word' id='word_1_510' title='bbox 3022 2148 3146 2203; x_wconf 86' lang='lat' dir='ltr'><strong>eum</strong></span> <span class='ocrx_word' id='word_1_511' title='bbox 3173 2145 3458 2202; x_wconf 81' lang='lat' dir='ltr'><strong>vulnerare</strong></span> <span class='ocrx_word' id='word_1_512' title='bbox 3483 2138 3656 2204; x_wconf 75' lang='lat' dir='ltr'><strong>valeat</strong></span> <span class='ocrx_word' id='word_1_513' title='bbox 3680 2147 3895 2219; x_wconf 81' lang='lat' dir='ltr'><strong>(Ephes.</strong></span> <span class='ocrx_word' id='word_1_514' title='bbox 3921 2163 4007 2207; x_wconf 75' lang='lat' dir='ltr'><strong>vr,</strong></span> 
     </span>
    </p>
   </div>
   <div class='ocr_carea' id='block_1_65' title="bbox 2449 2223 4009 2315">
    <p class='ocr_par' dir='ltr' id='par_1_65' title="bbox 2449 2223 4009 2315">
     <span class='ocr_line' id='line_1_65' title="bbox 2449 2223 4009 2315; baseline 0 -27"><span class='ocrx_word' id='word_1_515' title='bbox 2449 2235 2573 2306; x_wconf 77' lang='grc'>16).</span> <span class='ocrx_word' id='word_1_516' title='bbox 2621 2235 2680 2291; x_wconf 88' lang='lat' dir='ltr'><strong>Si</strong></span> <span class='ocrx_word' id='word_1_517' title='bbox 2718 2238 2840 2309; x_wconf 87' lang='lat' dir='ltr'><strong>quis</strong></span> <span class='ocrx_word' id='word_1_518' title='bbox 2877 2237 3007 2294; x_wconf 77' lang='lat' dir='ltr'><strong>vero,</strong></span> <span class='ocrx_word' id='word_1_519' title='bbox 3045 2223 3276 2315; x_wconf 76' lang='lat' dir='ltr'><strong>propter</strong></span> <span class='ocrx_word' id='word_1_520' title='bbox 3299 2235 3638 2310; x_wconf 80' lang='lat' dir='ltr'><strong>fragilitatem</strong></span> <span class='ocrx_word' id='word_1_521' title='bbox 3677 2238 3885 2302; x_wconf 88' lang='lat' dir='ltr'><strong>carnis,</strong></span> <span class='ocrx_word' id='word_1_522' title='bbox 3924 2237 4009 2290; x_wconf 83' lang='lat' dir='ltr'><strong>vel</strong></span> 
     </span>
    </p>
   </div>
   <div class='ocr_carea' id='block_1_66' title="bbox 2446 2318 4006 2409">
    <p class='ocr_par' dir='ltr' id='par_1_66' title="bbox 2446 2318 4006 2409">
     <span class='ocr_line' id='line_1_66' title="bbox 2446 2318 4006 2409; baseline 0 -29"><span class='ocrx_word' id='word_1_523' title='bbox 2446 2337 2667 2400; x_wconf 87' lang='lat' dir='ltr'><strong>propter</strong></span> <span class='ocrx_word' id='word_1_524' title='bbox 2721 2329 3094 2405; x_wconf 83' lang='lat' dir='ltr'><strong>negligentiam</strong></span> <span class='ocrx_word' id='word_1_525' title='bbox 3142 2318 3635 2409; x_wconf 74' lang='lat' dir='ltr'><strong>circumSpect‘ionis</strong></span> <span class='ocrx_word' id='word_1_526' title='bbox 3670 2325 4006 2388; x_wconf 77' lang='lat' dir='ltr'><strong>&#39;valneratur,</strong></span> 
     </span>
    </p>
   </div>
   <div class='ocr_carea' id='block_1_67' title="bbox 2447 2414 4010 2486">
    <p class='ocr_par' dir='ltr' id='par_1_67' title="bbox 2447 2414 4010 2486">
     <span class='ocr_line' id='line_1_67' title="bbox 2447 2414 4010 2486; baseline 0.001 -16"><span class='ocrx_word' id='word_1_527' title='bbox 2447 2418 2607 2471; x_wconf 88' lang='lat' dir='ltr'><strong>citius</strong></span> <span class='ocrx_word' id='word_1_528' title='bbox 2648 2418 2714 2472; x_wconf 85' lang='lat' dir='ltr'><strong>ad</strong></span> <span class='ocrx_word' id='word_1_529' title='bbox 2755 2414 3110 2473; x_wconf 83' lang='lat' dir='ltr'><strong>confessionis</strong></span> <span class='ocrx_word' id='word_1_530' title='bbox 3148 2417 3467 2476; x_wconf 85' lang='lat' dir='ltr'><strong>medicinam</strong></span> <span class='ocrx_word' id='word_1_531' title='bbox 3508 2416 3777 2484; x_wconf 80' lang='lat' dir='ltr'><strong>recurrat,</strong></span> <span class='ocrx_word' id='word_1_532' title='bbox 3806 2432 3874 2471; x_wconf 88' lang='lat' dir='ltr'><strong>ne</strong></span> <span class='ocrx_word' id='word_1_533' title='bbox 3911 2431 4010 2486; x_wconf 90' lang='lat' dir='ltr'><strong>per</strong></span> 
     </span>
    </p>
   </div>
   <div class='ocr_carea' id='block_1_68' title="bbox 2448 2506 4004 2579">
    <p class='ocr_par' dir='ltr' id='par_1_68' title="bbox 2448 2506 4004 2579">
     <span class='ocr_line' id='line_1_68' title="bbox 2448 2506 4004 2579; baseline 0.001 -18"><span class='ocrx_word' id='word_1_534' title='bbox 2448 2507 2753 2562; x_wconf 87' lang='lat' dir='ltr'><strong>illecebram</strong></span> <span class='ocrx_word' id='word_1_535' title='bbox 2797 2507 2949 2563; x_wconf 66' lang='lat' dir='ltr'><strong>malm</strong></span> <span class='ocrx_word' id='word_1_536' title='bbox 2990 2507 3390 2562; x_wconf 88' lang='lat' dir='ltr'><strong>consuetudinis</strong></span> <span class='ocrx_word' id='word_1_537' title='bbox 3428 2506 3515 2562; x_wconf 85' lang='lat' dir='ltr'><strong>vix</strong></span> <span class='ocrx_word' id='word_1_538' title='bbox 3540 2509 3800 2564; x_wconf 85' lang='lat' dir='ltr'><strong>eradicari</strong></span> <span class='ocrx_word' id='word_1_539' title='bbox 3833 2507 4004 2579; x_wconf 63' lang='lat' dir='ltr'><strong>[Coit</strong></span> 
     </span>
    </p>
   </div>
   <div class='ocr_carea' id='block_1_69' title="bbox 2450 2595 4070 2668">
    <p class='ocr_par' dir='ltr' id='par_1_69' title="bbox 2450 2595 4070 2668">
     <span class='ocr_line' id='line_1_69' title="bbox 2450 2595 4070 2668; baseline -0.001 -16"><span class='ocrx_word' id='word_1_540' title='bbox 2450 2596 2586 2658; x_wconf 86' lang='lat' dir='ltr'><strong>Sal.,</strong></span> <span class='ocrx_word' id='word_1_541' title='bbox 2621 2595 2938 2668; x_wconf 89' lang='lat' dir='ltr'><strong>eradicare]</strong></span> <span class='ocrx_word' id='word_1_542' title='bbox 2976 2597 3154 2650; x_wconf 87' lang='lat' dir='ltr'><strong>valeat</strong></span> <span class='ocrx_word' id='word_1_543' title='bbox 3185 2603 3480 2666; x_wconf 87' lang='lat' dir='ltr'><strong>peccatum.</strong></span> <span class='ocrx_word' id='word_1_544' title='bbox 3519 2595 3654 2652; x_wconf 83' lang='lat' dir='ltr'><strong>Tres</strong></span> <span class='ocrx_word' id='word_1_545' title='bbox 3688 2596 3830 2652; x_wconf 87' lang='lat' dir='ltr'><strong>enim</strong></span> <span class='ocrx_word' id='word_1_546' title='bbox 3862 2611 4007 2652; x_wconf 87' lang='lat' dir='ltr'><strong>mor-</strong></span> <span class='ocrx_word' id='word_1_547' title='bbox 4057 2617 4070 2628; x_wconf 85' lang='lat'><strong>-</strong></span> 
     </span>
    </p>
   </div>
   <div class='ocr_carea' id='block_1_70' title="bbox 2447 2687 4006 2757">
    <p class='ocr_par' dir='ltr' id='par_1_70' title="bbox 2447 2687 4006 2757">
     <span class='ocr_line' id='line_1_70' title="bbox 2447 2687 4006 2757; baseline 0.001 -16"><span class='ocrx_word' id='word_1_548' title='bbox 2447 2697 2570 2745; x_wconf 91' lang='lat' dir='ltr'><strong>tuos</strong></span> <span class='ocrx_word' id='word_1_549' title='bbox 2614 2687 2897 2741; x_wconf 88' lang='lat' dir='ltr'><strong>Dominum</strong></span> <span class='ocrx_word' id='word_1_550' title='bbox 2941 2687 3122 2742; x_wconf 73' lang='lat' dir='ltr'><strong>Iesum</strong></span> <span class='ocrx_word' id='word_1_551' title='bbox 3162 2687 3436 2743; x_wconf 87' lang='lat' dir='ltr'><strong>Christum</strong></span> <span class='ocrx_word' id='word_1_552' title='bbox 3475 2689 3776 2757; x_wconf 83' lang='lat' dir='ltr'><strong>evangelica</strong></span> <span class='ocrx_word' id='word_1_553' title='bbox 3819 2696 4006 2742; x_wconf 84' lang='lat' dir='ltr'><strong>narrat</strong></span> 
     </span>
    </p>
   </div>
   <div class='ocr_carea' id='block_1_71' title="bbox 2451 2776 4004 2847">
    <p class='ocr_par' dir='ltr' id='par_1_71' title="bbox 2451 2776 4004 2847">
     <span class='ocr_line' id='line_1_71' title="bbox 2451 2776 4004 2847; baseline 0.001 -16"><span class='ocrx_word' id='word_1_554' title='bbox 2451 2776 2675 2835; x_wconf 90' lang='lat' dir='ltr'><strong>historia</strong></span> <span class='ocrx_word' id='word_1_555' title='bbox 2717 2777 3044 2833; x_wconf 88' lang='lat' dir='ltr'><strong>suscitasse:</strong></span> <span class='ocrx_word' id='word_1_556' title='bbox 3091 2777 3254 2832; x_wconf 84' lang='lat' dir='ltr'><strong>ﬁliam</strong></span> <span class='ocrx_word' id='word_1_557' title='bbox 3298 2777 3705 2847; x_wconf 84' lang='lat' dir='ltr'><strong>archisynagogi</strong></span> <span class='ocrx_word' id='word_1_558' title='bbox 3747 2778 3800 2831; x_wconf 90' lang='lat' dir='ltr'><strong>in</strong></span> <span class='ocrx_word' id='word_1_559' title='bbox 3843 2778 4004 2833; x_wconf 89' lang='lat' dir='ltr'><strong>domo</strong></span> 
     </span>
    </p>
   </div>
   <div class='ocr_carea' id='block_1_72' title="bbox 2449 2864 4000 2939">
    <p class='ocr_par' dir='ltr' id='par_1_72' title="bbox 2449 2864 4000 2939">
     <span class='ocr_line' id='line_1_72' title="bbox 2449 2864 4000 2939; baseline 0.001 -21"><span class='ocrx_word' id='word_1_560' title='bbox 2449 2865 2687 2936; x_wconf 65' lang='lat' dir='ltr'><strong>(Hora,</strong></span> <span class='ocrx_word' id='word_1_561' title='bbox 2713 2882 2745 2919; x_wconf 89' lang='lat' dir='ltr'><strong>v</strong></span> <span class='ocrx_word' id='word_1_562' title='bbox 2763 2906 2778 2930; x_wconf 96' lang='lat'><strong>,</strong></span> <span class='ocrx_word' id='word_1_563' title='bbox 2803 2865 2870 2920; x_wconf 80' lang='lat'><strong>58</strong></span> <span class='ocrx_word' id='word_1_564' title='bbox 2892 2881 2998 2936; x_wconf 83' lang='lat' dir='ltr'><strong>seq.</strong></span> <span class='ocrx_word' id='word_1_565' title='bbox 3023 2865 3042 2939; x_wconf 84' lang='lat'><strong>)</strong></span> <span class='ocrx_word' id='word_1_566' title='bbox 3064 2905 3079 2931; x_wconf 97' lang='lat'><strong>,</strong></span> <span class='ocrx_word' id='word_1_567' title='bbox 3116 2865 3286 2939; x_wconf 79' lang='lat' dir='ltr'><strong>filium</strong></span> <span class='ocrx_word' id='word_1_568' title='bbox 3313 2864 3486 2921; x_wconf 74' lang='lat' dir='ltr'><strong>vidua:</strong></span> <span class='ocrx_word' id='word_1_569' title='bbox 3509 2875 3659 2921; x_wconf 79' lang='lat' dir='ltr'><strong>extra</strong></span> <span class='ocrx_word' id='word_1_570' title='bbox 3686 2874 3896 2935; x_wconf 87' lang='lat' dir='ltr'><strong>portam</strong></span> <span class='ocrx_word' id='word_1_571' title='bbox 3923 2867 4000 2922; x_wconf 88' lang='lat' dir='ltr'><strong>ci-</strong></span> 
     </span>
    </p>
   </div>
   <div class='ocr_carea' id='block_1_73' title="bbox 2446 2948 4001 3030">
    <p class='ocr_par' dir='ltr' id='par_1_73' title="bbox 2446 2948 4001 3030">
     <span class='ocr_line' id='line_1_73' title="bbox 2446 2948 4001 3030; baseline 0.001 -22"><span class='ocrx_word' id='word_1_572' title='bbox 2446 2948 2634 3011; x_wconf 79' lang='lat' dir='ltr'><strong>vitatis</strong></span> <span class='ocrx_word' id='word_1_573' title='bbox 2666 2955 2684 3026; x_wconf 95' lang='lat'><strong>(</strong></span> <span class='ocrx_word' id='word_1_574' title='bbox 2707 2955 2836 3009; x_wconf 86' lang='lat' dir='ltr'><strong>Luc.</strong></span> <span class='ocrx_word' id='word_1_575' title='bbox 2864 2971 2938 3010; x_wconf 78' lang='lat' dir='ltr'><strong>vn</strong></span> <span class='ocrx_word' id='word_1_576' title='bbox 2958 2954 3071 3020; x_wconf 73' lang='grc' dir='ltr'><strong>,η</strong></span> <span class='ocrx_word' id='word_1_577' title='bbox 3092 2973 3198 3027; x_wconf 84' lang='lat' dir='ltr'><strong>seq.</strong></span> <span class='ocrx_word' id='word_1_578' title='bbox 3222 2955 3272 3030; x_wconf 84' lang='lat'><strong>),</strong></span> <span class='ocrx_word' id='word_1_579' title='bbox 3303 2956 3566 3016; x_wconf 85' lang='lat' dir='ltr'><strong>Lazarum</strong></span> <span class='ocrx_word' id='word_1_580' title='bbox 3592 2954 4001 3024; x_wconf 86' lang='lat' dir='ltr'><strong>quatriduanum</strong></span> 
     </span>
    </p>
   </div>
   <div class='ocr_carea' id='block_1_74' title="bbox 2447 3042 4003 3115">
    <p class='ocr_par' dir='ltr' id='par_1_74' title="bbox 2447 3042 4003 3115">
     <span class='ocr_line' id='line_1_74' title="bbox 2447 3042 4003 3115; baseline -0.001 -17"><span class='ocrx_word' id='word_1_581' title='bbox 2447 3045 2513 3104; x_wconf 88' lang='lat' dir='ltr'><strong>de</strong></span> <span class='ocrx_word' id='word_1_582' title='bbox 2539 3051 2883 3099; x_wconf 88' lang='lat' dir='ltr'><strong>monumento</strong></span> <span class='ocrx_word' id='word_1_583' title='bbox 2909 3044 2976 3099; x_wconf 90' lang='lat' dir='ltr'><strong>ad</strong></span> <span class='ocrx_word' id='word_1_584' title='bbox 3002 3044 3164 3098; x_wconf 89' lang='lat' dir='ltr'><strong>vitam</strong></span> <span class='ocrx_word' id='word_1_585' title='bbox 3194 3045 3404 3098; x_wconf 86' lang='lat' dir='ltr'><strong>vocavit</strong></span> <span class='ocrx_word' id='word_1_586' title='bbox 3425 3042 3724 3115; x_wconf 65' lang='lat' dir='ltr'><strong>(ham-xu).</strong></span> <span class='ocrx_word' id='word_1_587' title='bbox 3749 3042 3851 3109; x_wconf 87' lang='lat' dir='ltr'><strong>Qui</strong></span> <span class='ocrx_word' id='word_1_588' title='bbox 3880 3052 4003 3098; x_wconf 87' lang='lat' dir='ltr'><strong>sunt</strong></span> 
     </span>
    </p>
   </div>
   <div class='ocr_carea' id='block_1_75' title="bbox 2452 3134 4001 3204">
    <p class='ocr_par' dir='ltr' id='par_1_75' title="bbox 2452 3134 4001 3204">
     <span class='ocr_line' id='line_1_75' title="bbox 2452 3134 4001 3204; baseline -0.002 -13"><span class='ocrx_word' id='word_1_589' title='bbox 2452 3134 2509 3191; x_wconf 88' lang='lat' dir='ltr'><strong>bi</strong></span> <span class='ocrx_word' id='word_1_590' title='bbox 2554 3143 2662 3190; x_wconf 91' lang='lat' dir='ltr'><strong>tres</strong></span> <span class='ocrx_word' id='word_1_591' title='bbox 2697 3135 2927 3200; x_wconf 87' lang='lat' dir='ltr'><strong>mortui,</strong></span> <span class='ocrx_word' id='word_1_592' title='bbox 2967 3135 3070 3190; x_wconf 92' lang='lat' dir='ltr'><strong>nisi</strong></span> <span class='ocrx_word' id='word_1_593' title='bbox 3112 3135 3216 3194; x_wconf 86' lang='lat' dir='ltr'><strong>tria</strong></span> <span class='ocrx_word' id='word_1_594' title='bbox 3255 3143 3452 3204; x_wconf 88' lang='lat' dir='ltr'><strong>genera</strong></span> <span class='ocrx_word' id='word_1_595' title='bbox 3489 3134 3854 3203; x_wconf 83' lang='lat' dir='ltr'><strong>peccantium,</strong></span> <span class='ocrx_word' id='word_1_596' title='bbox 3883 3143 4001 3203; x_wconf 79' lang='lat' dir='ltr'><strong>qua:</strong></span> 
     </span>
    </p>
   </div>
   <div class='ocr_carea' id='block_1_76' title="bbox 2449 3223 4004 3296">
    <p class='ocr_par' dir='ltr' id='par_1_76' title="bbox 2449 3223 4004 3296">
     <span class='ocr_line' id='line_1_76' title="bbox 2449 3223 4004 3296; baseline -0.001 -16"><span class='ocrx_word' id='word_1_597' title='bbox 2449 3227 2608 3280; x_wconf 90' lang='lat' dir='ltr'><strong>modo</strong></span> <span class='ocrx_word' id='word_1_598' title='bbox 2645 3225 2883 3296; x_wconf 86' lang='lat' dir='ltr'><strong>quotidie</strong></span> <span class='ocrx_word' id='word_1_599' title='bbox 2927 3225 3105 3280; x_wconf 88' lang='lat' dir='ltr'><strong>divina</strong></span> <span class='ocrx_word' id='word_1_600' title='bbox 3149 3224 3524 3280; x_wconf 85' lang='lat' dir='ltr'><strong>confitentibus</strong></span> <span class='ocrx_word' id='word_1_601' title='bbox 3568 3223 3829 3283; x_wconf 85' lang='lat' dir='ltr'><strong>suscitare</strong></span> <span class='ocrx_word' id='word_1_602' title='bbox 3870 3224 4004 3280; x_wconf 85' lang='lat' dir='ltr'><strong>solet</strong></span> 
     </span>
    </p>
   </div>
   <div class='ocr_carea' id='block_1_77' title="bbox 2447 3313 3999 3388">
    <p class='ocr_par' dir='ltr' id='par_1_77' title="bbox 2447 3313 3999 3388">
     <span class='ocr_line' id='line_1_77' title="bbox 2447 3313 3999 3388; baseline 0 -20"><span class='ocrx_word' id='word_1_603' title='bbox 2447 3315 2650 3388; x_wconf 81' lang='lat' dir='ltr'><strong>gratia?</strong></span> <span class='ocrx_word' id='word_1_604' title='bbox 2679 3313 2870 3369; x_wconf 79' lang='lat' dir='ltr'><strong>Filiam</strong></span> <span class='ocrx_word' id='word_1_605' title='bbox 2893 3313 3118 3368; x_wconf 87' lang='lat' dir='ltr'><strong>suscitat</strong></span> <span class='ocrx_word' id='word_1_606' title='bbox 3145 3313 3199 3367; x_wconf 91' lang='lat' dir='ltr'><strong>in</strong></span> <span class='ocrx_word' id='word_1_607' title='bbox 3224 3313 3402 3375; x_wconf 89' lang='lat' dir='ltr'><strong>domo,</strong></span> <span class='ocrx_word' id='word_1_608' title='bbox 3430 3313 3554 3375; x_wconf 87' lang='lat' dir='ltr'><strong>dum</strong></span> <span class='ocrx_word' id='word_1_609' title='bbox 3579 3313 3999 3368; x_wconf 83' lang='lat' dir='ltr'><strong>consentientem</strong></span> 
     </span>
    </p>
   </div>
   <div class='ocr_carea' id='block_1_78' title="bbox 2448 3394 3996 3475">
    <p class='ocr_par' dir='ltr' id='par_1_78' title="bbox 2448 3394 3996 3475">
     <span class='ocr_line' id='line_1_78' title="bbox 2448 3394 3996 3475; baseline 0 -15"><span class='ocrx_word' id='word_1_610' title='bbox 2448 3405 2504 3460; x_wconf 89' lang='lat' dir='ltr'><strong>in</strong></span> <span class='ocrx_word' id='word_1_611' title='bbox 2539 3405 2700 3460; x_wconf 70' lang='lat' dir='ltr'><strong>conde</strong></span> <span class='ocrx_word' id='word_1_612' title='bbox 2743 3417 2996 3474; x_wconf 89' lang='lat' dir='ltr'><strong>peccare,</strong></span> <span class='ocrx_word' id='word_1_613' title='bbox 3032 3411 3249 3460; x_wconf 84' lang='lat' dir='ltr'><strong>revocat</strong></span> <span class='ocrx_word' id='word_1_614' title='bbox 3277 3419 3308 3458; x_wconf 89' lang='lat' dir='ltr'><strong>a</strong></span> <span class='ocrx_word' id='word_1_615' title='bbox 3344 3401 3549 3472; x_wconf 87' lang='lat' dir='ltr'><strong>peccati</strong></span> <span class='ocrx_word' id='word_1_616' title='bbox 3583 3394 3996 3475; x_wconf 76' lang='lat' dir='ltr'><strong>perpetratione:</strong></span> 
     </span>
    </p>
   </div>
   <div class='ocr_carea' id='block_1_79' title="bbox 2446 3494 3999 3566">
    <p class='ocr_par' dir='ltr' id='par_1_79' title="bbox 2446 3494 3999 3566">
     <span class='ocr_line' id='line_1_79' title="bbox 2446 3494 3999 3566; baseline -0.003 -13"><span class='ocrx_word' id='word_1_617' title='bbox 2446 3495 2641 3553; x_wconf 83' lang='lat' dir='ltr'><strong>Filium</strong></span> <span class='ocrx_word' id='word_1_618' title='bbox 2670 3495 2842 3551; x_wconf 74' lang='lat' dir='ltr'><strong>vidua:</strong></span> <span class='ocrx_word' id='word_1_619' title='bbox 2870 3502 3024 3550; x_wconf 83' lang='lat' dir='ltr'><strong>extra</strong></span> <span class='ocrx_word' id='word_1_620' title='bbox 3062 3494 3541 3566; x_wconf 22' lang='lat' dir='ltr'><strong>portamlcivitatis</strong></span> <span class='ocrx_word' id='word_1_621' title='bbox 3576 3495 3829 3560; x_wconf 86' lang='lat' dir='ltr'><strong>suscitat,</strong></span> <span class='ocrx_word' id='word_1_622' title='bbox 3873 3495 3999 3549; x_wconf 87' lang='lat' dir='ltr'><strong>dum</strong></span> 
     </span>
    </p>
   </div>
   <div class='ocr_carea' id='block_1_80' title="bbox 2445 3582 3994 3654">
    <p class='ocr_par' dir='ltr' id='par_1_80' title="bbox 2445 3582 3994 3654">
     <span class='ocr_line' id='line_1_80' title="bbox 2445 3582 3994 3654; baseline 0 -15"><span class='ocrx_word' id='word_1_623' title='bbox 2445 3593 2754 3651; x_wconf 88' lang='lat' dir='ltr'><strong>peccantem</strong></span> <span class='ocrx_word' id='word_1_624' title='bbox 2806 3582 2942 3639; x_wconf 79' lang='lat' dir='ltr'><strong>foris</strong></span> <span class='ocrx_word' id='word_1_625' title='bbox 2985 3585 3041 3638; x_wconf 93' lang='lat' dir='ltr'><strong>in</strong></span> <span class='ocrx_word' id='word_1_626' title='bbox 3083 3598 3244 3654; x_wconf 88' lang='lat' dir='ltr'><strong>opere</strong></span> <span class='ocrx_word' id='word_1_627' title='bbox 3287 3584 3354 3639; x_wconf 91' lang='lat' dir='ltr'><strong>ad</strong></span> <span class='ocrx_word' id='word_1_628' title='bbox 3393 3584 3720 3654; x_wconf 64' lang='lat' dir='ltr'><strong>pet-nitentia:</strong></span> <span class='ocrx_word' id='word_1_629' title='bbox 3763 3585 3994 3654; x_wconf 81' lang='lat' dir='ltr'><strong>medica-</strong></span> 
     </span>
    </p>
   </div>
   <div class='ocr_carea' id='block_1_81' title="bbox 2447 3649 4001 3744">
    <p class='ocr_par' dir='ltr' id='par_1_81' title="bbox 2447 3649 4001 3744">
     <span class='ocr_line' id='line_1_81' title="bbox 2447 3649 4001 3744; baseline 0.001 -18"><span class='ocrx_word' id='word_1_630' title='bbox 2447 3649 2625 3726; x_wconf 81' lang='lat' dir='ltr'><strong>menta</strong></span> <span class='ocrx_word' id='word_1_631' title='bbox 2651 3670 2938 3744; x_wconf 85' lang='lat' dir='ltr'><strong>confugere</strong></span> <span class='ocrx_word' id='word_1_632' title='bbox 2965 3649 3424 3728; x_wconf 29' lang='lat' dir='ltr'><strong>fmitiFetentem</strong></span> <span class='ocrx_word' id='word_1_633' title='bbox 3451 3687 3580 3728; x_wconf 84' lang='lat' dir='ltr'><strong>vero</strong></span> <span class='ocrx_word' id='word_1_634' title='bbox 3612 3673 3671 3726; x_wconf 84' lang='lat' dir='ltr'><strong>in</strong></span> <span class='ocrx_word' id='word_1_635' title='bbox 3704 3649 4001 3740; x_wconf 44' lang='lat' dir='ltr'><strong>mala‘con-</strong></span> 
     </span>
    </p>
   </div>
   <div class='ocr_carea' id='block_1_82' title="bbox 2445 3759 4001 3840">
    <p class='ocr_par' dir='ltr' id='par_1_82' title="bbox 2445 3759 4001 3840">
     <span class='ocr_line' id='line_1_82' title="bbox 2445 3759 4001 3840; baseline 0 -24"><span class='ocrx_word' id='word_1_636' title='bbox 2445 3761 2724 3817; x_wconf 90' lang='lat' dir='ltr'><strong>suetudine</strong></span> <span class='ocrx_word' id='word_1_637' title='bbox 2754 3761 2994 3832; x_wconf 88' lang='lat' dir='ltr'><strong>peccati,</strong></span> <span class='ocrx_word' id='word_1_638' title='bbox 3039 3761 3164 3817; x_wconf 91' lang='lat' dir='ltr'><strong>dum</strong></span> <span class='ocrx_word' id='word_1_639' title='bbox 3205 3759 3467 3833; x_wconf 81' lang='lat' dir='ltr'><strong>lacrymas</strong></span> <span class='ocrx_word' id='word_1_640' title='bbox 3497 3761 3826 3840; x_wconf 64' lang='lat' dir='ltr'><strong>pix-nitentia:</strong></span> <span class='ocrx_word' id='word_1_641' title='bbox 3855 3761 4001 3818; x_wconf 83' lang='lat' dir='ltr'><strong>elicit</strong></span> 
     </span>
    </p>
   </div>
   <div class='ocr_carea' id='block_1_83' title="bbox 2443 3842 4000 3916">
    <p class='ocr_par' dir='ltr' id='par_1_83' title="bbox 2443 3842 4000 3916">
     <span class='ocr_line' id='line_1_83' title="bbox 2443 3842 4000 3916; baseline 0 -11"><span class='ocrx_word' id='word_1_642' title='bbox 2443 3866 2512 3905; x_wconf 79' lang='lat' dir='ltr'><strong>es</strong></span> <span class='ocrx_word' id='word_1_643' title='bbox 2551 3851 2740 3914; x_wconf 89' lang='lat' dir='ltr'><strong>corde,</strong></span> <span class='ocrx_word' id='word_1_644' title='bbox 2785 3850 3040 3916; x_wconf 89' lang='lat' dir='ltr'><strong>suscitat,</strong></span> <span class='ocrx_word' id='word_1_645' title='bbox 3079 3857 3134 3906; x_wconf 91' lang='lat' dir='ltr'><strong>et</strong></span> <span class='ocrx_word' id='word_1_646' title='bbox 3167 3863 3234 3904; x_wconf 76' lang='lat' dir='ltr'><strong>ex</strong></span> <span class='ocrx_word' id='word_1_647' title='bbox 3277 3842 3636 3906; x_wconf 59' lang='lat' dir='ltr'><strong>ecclesiastica</strong></span> <span class='ocrx_word' id='word_1_648' title='bbox 3669 3851 4000 3906; x_wconf 74' lang='lat' dir='ltr'><strong>auctoritate</strong></span> 
     </span>
    </p>
   </div>
   <div class='ocr_carea' id='block_1_84' title="bbox 2445 3929 4025 4008">
    <p class='ocr_par' dir='ltr' id='par_1_84' title="bbox 2445 3929 4025 4008">
     <span class='ocr_line' id='line_1_84' title="bbox 2445 3929 4025 4008; baseline -0.002 -11"><span class='ocrx_word' id='word_1_649' title='bbox 2445 3941 2651 3997; x_wconf 78' lang='lat' dir='ltr'><strong>solvere</strong></span> <span class='ocrx_word' id='word_1_650' title='bbox 2687 3955 2810 3996; x_wconf 85' lang='lat' dir='ltr'><strong>eum</strong></span> <span class='ocrx_word' id='word_1_651' title='bbox 2832 3938 3012 4008; x_wconf 78' lang='lat' dir='ltr'><strong>iubet,</strong></span> <span class='ocrx_word' id='word_1_652' title='bbox 3057 3947 3118 3994; x_wconf 92' lang='lat' dir='ltr'><strong>ut</strong></span> <span class='ocrx_word' id='word_1_653' title='bbox 3152 3937 3346 4008; x_wconf 83' lang='lat' dir='ltr'><strong>dignus</strong></span> <span class='ocrx_word' id='word_1_654' title='bbox 3381 3939 3453 3993; x_wconf 82' lang='lat' dir='ltr'><strong>sit</strong></span> <span class='ocrx_word' id='word_1_655' title='bbox 3489 3929 3863 3994; x_wconf 77' lang='lat' dir='ltr'><strong>eommunione</strong></span> <span class='ocrx_word' id='word_1_656' title='bbox 3898 3939 4025 3994; x_wconf 52' lang='lat' dir='ltr'><strong>Do»</strong></span> 
     </span>
    </p>
   </div>
   <div class='ocr_carea' id='block_1_85' title="bbox 2445 4022 4031 4102">
    <p class='ocr_par' dir='ltr' id='par_1_85' title="bbox 2445 4022 4031 4102">
     <span class='ocr_line' id='line_1_85' title="bbox 2445 4022 4031 4102; baseline -0.002 -18"><span class='ocrx_word' id='word_1_657' title='bbox 2445 4029 2604 4094; x_wconf 86' lang='lat' dir='ltr'><strong>mini,</strong></span> <span class='ocrx_word' id='word_1_658' title='bbox 2633 4037 2688 4084; x_wconf 89' lang='lat' dir='ltr'><strong>et</strong></span> <span class='ocrx_word' id='word_1_659' title='bbox 2710 4030 2976 4102; x_wconf 85' lang='lat' dir='ltr'><strong>particeps</strong></span> <span class='ocrx_word' id='word_1_660' title='bbox 3000 4023 3140 4084; x_wconf 73' lang='lat' dir='ltr'><strong>Sacri</strong></span> <span class='ocrx_word' id='word_1_661' title='bbox 3167 4028 3352 4082; x_wconf 86' lang='lat' dir='ltr'><strong>altaris</strong></span> <span class='ocrx_word' id='word_1_662' title='bbox 3374 4022 3649 4084; x_wconf 68' lang='lat' dir='ltr'><strong>eliciatur.</strong></span> <span class='ocrx_word' id='word_1_663' title='bbox 4019 4045 4031 4053; x_wconf 52' lang='grc' dir='ltr'>ε</span> 
     </span>
    </p>
   </div>
   <div class='ocr_carea' id='block_1_86' title="bbox 2514 4115 3996 4190">
    <p class='ocr_par' dir='ltr' id='par_1_86' title="bbox 2514 4115 3996 4190">
     <span class='ocr_line' id='line_1_86' title="bbox 2514 4115 3996 4190; baseline 0 -17"><span class='ocrx_word' id='word_1_664' title='bbox 2514 4117 2641 4174; x_wconf 65' lang='lat' dir='ltr'><strong>Haec</strong></span> <span class='ocrx_word' id='word_1_665' title='bbox 2665 4120 2914 4190; x_wconf 81' lang='lat' dir='ltr'><strong>cogitate,</strong></span> <span class='ocrx_word' id='word_1_666' title='bbox 2935 4117 3233 4174; x_wconf 88' lang='lat' dir='ltr'><strong>charissimi</strong></span> <span class='ocrx_word' id='word_1_667' title='bbox 3259 4115 3469 4184; x_wconf 87' lang='lat' dir='ltr'><strong>fratres,</strong></span> <span class='ocrx_word' id='word_1_668' title='bbox 3493 4125 3548 4172; x_wconf 90' lang='lat' dir='ltr'><strong>et</strong></span> <span class='ocrx_word' id='word_1_669' title='bbox 3567 4118 3619 4172; x_wconf 92' lang='lat' dir='ltr'><strong>iu</strong></span> <span class='ocrx_word' id='word_1_670' title='bbox 3643 4117 3996 4189; x_wconf 83' lang='lat' dir='ltr'><strong>qualicunque</strong></span> 
     </span>
    </p>
   </div>
   <div class='ocr_carea' id='block_1_87' title="bbox 2443 4208 3999 4284">
    <p class='ocr_par' dir='ltr' id='par_1_87' title="bbox 2443 4208 3999 4284">
     <span class='ocr_line' id='line_1_87' title="bbox 2443 4208 3999 4284; baseline 0.001 -19"><span class='ocrx_word' id='word_1_671' title='bbox 2443 4212 2631 4266; x_wconf 85' lang='lat' dir='ltr'><strong>barum</strong></span> <span class='ocrx_word' id='word_1_672' title='bbox 2668 4211 2830 4265; x_wconf 88' lang='lat' dir='ltr'><strong>trium</strong></span> <span class='ocrx_word' id='word_1_673' title='bbox 2865 4208 3112 4284; x_wconf 76' lang='lat' dir='ltr'><strong>mortium</strong></span> <span class='ocrx_word' id='word_1_674' title='bbox 3151 4222 3344 4280; x_wconf 89' lang='lat' dir='ltr'><strong>genere</strong></span> <span class='ocrx_word' id='word_1_675' title='bbox 3381 4209 3425 4264; x_wconf 89' lang='lat' dir='ltr'><strong>si</strong></span> <span class='ocrx_word' id='word_1_676' title='bbox 3464 4209 3586 4278; x_wconf 91' lang='lat' dir='ltr'><strong>quis</strong></span> <span class='ocrx_word' id='word_1_677' title='bbox 3602 4209 3813 4278; x_wconf 82' lang='lat' dir='ltr'><strong>jaceat,</strong></span> <span class='ocrx_word' id='word_1_678' title='bbox 3843 4211 3999 4266; x_wconf 64' lang='lat' dir='ltr'><strong>eishis</strong></span> 
     </span>
    </p>
   </div>
   <div class='ocr_carea' id='block_1_88' title="bbox 2442 4297 3992 4369">
    <p class='ocr_par' dir='ltr' id='par_1_88' title="bbox 2442 4297 3992 4369">
     <span class='ocr_line' id='line_1_88' title="bbox 2442 4297 3992 4369; baseline 0 -16"><span class='ocrx_word' id='word_1_679' title='bbox 2442 4299 2512 4354; x_wconf 86' lang='lat' dir='ltr'><strong>ad</strong></span> <span class='ocrx_word' id='word_1_680' title='bbox 2532 4298 2881 4365; x_wconf 80' lang='lat' dir='ltr'><strong>confessionis</strong></span> <span class='ocrx_word' id='word_1_681' title='bbox 2906 4299 3274 4368; x_wconf 67' lang='lat' dir='ltr'><strong>probatissima</strong></span> <span class='ocrx_word' id='word_1_682' title='bbox 3297 4299 3683 4353; x_wconf 80' lang='lat' dir='ltr'><strong>medicamenta</strong></span> <span class='ocrx_word' id='word_1_683' title='bbox 3704 4297 3992 4369; x_wconf 81' lang='lat' dir='ltr'><strong>confugiat,</strong></span> 
     </span>
    </p>
   </div>
   <div class='ocr_carea' id='block_1_89' title="bbox 2442 4387 3988 4460">
    <p class='ocr_par' dir='ltr' id='par_1_89' title="bbox 2442 4387 3988 4460">
     <span class='ocr_line' id='line_1_89' title="bbox 2442 4387 3988 4460; baseline -0.002 -15"><span class='ocrx_word' id='word_1_684' title='bbox 2442 4387 2714 4445; x_wconf 86' lang='lat' dir='ltr'><strong>salutifero</strong></span> <span class='ocrx_word' id='word_1_685' title='bbox 2737 4387 3063 4460; x_wconf 68' lang='lat' dir='ltr'><strong>pmnitentim</strong></span> <span class='ocrx_word' id='word_1_686' title='bbox 3090 4403 3149 4443; x_wconf 89' lang='lat' dir='ltr'><strong>se</strong></span> <span class='ocrx_word' id='word_1_687' title='bbox 3173 4387 3356 4443; x_wconf 85' lang='lat' dir='ltr'><strong>abluat</strong></span> <span class='ocrx_word' id='word_1_688' title='bbox 3383 4387 3732 4442; x_wconf 85' lang='lat' dir='ltr'><strong>medicamine</strong></span> <span class='ocrx_word' id='word_1_689' title='bbox 3756 4405 3770 4440; x_wconf 89' lang='lat'><strong>:</strong></span> <span class='ocrx_word' id='word_1_690' title='bbox 3799 4395 3860 4441; x_wconf 89' lang='lat' dir='ltr'><strong>ut</strong></span> <span class='ocrx_word' id='word_1_691' title='bbox 3879 4403 3988 4450; x_wconf 79' lang='lat' dir='ltr'><strong>non</strong></span> 
     </span>
    </p>
   </div>
   <div class='ocr_carea' id='block_1_90' title="bbox 798 4468 3996 4563">
    <p class='ocr_par' dir='ltr' id='par_1_90' title="bbox 798 4468 3996 4563">
     <span class='ocr_line' id='line_1_90' title="bbox 798 4468 3996 4563; baseline 0.002 -37"><span class='ocrx_word' id='word_1_692' title='bbox 798 4472 977 4563; x_wconf 77' lang='lat' dir='ltr'><strong>(Prov.</strong></span> <span class='ocrx_word' id='word_1_693' title='bbox 1007 4489 1136 4528; x_wconf 82' lang='lat' dir='ltr'><strong>xvm</strong></span> <span class='ocrx_word' id='word_1_694' title='bbox 1153 4515 1166 4536; x_wconf 87' lang='lat'><strong>,</strong></span> <span class='ocrx_word' id='word_1_695' title='bbox 1198 4474 1304 4546; x_wconf 79' lang='grc'><strong>17).</strong></span> <span class='ocrx_word' id='word_1_696' title='bbox 1335 4475 1393 4530; x_wconf 85' lang='lat' dir='ltr'><strong>Si</strong></span> <span class='ocrx_word' id='word_1_697' title='bbox 1414 4475 1606 4543; x_wconf 85' lang='lat' dir='ltr'><strong>justus,</strong></span> <span class='ocrx_word' id='word_1_698' title='bbox 1637 4489 1835 4548; x_wconf 91' lang='lat' dir='ltr'><strong>quanto</strong></span> <span class='ocrx_word' id='word_1_699' title='bbox 1861 4483 2032 4553; x_wconf 84' lang='lat' dir='ltr'><strong>magis</strong></span> <span class='ocrx_word' id='word_1_700' title='bbox 2058 4488 2342 4552; x_wconf 75' lang='lat' dir='ltr'><strong>peccator?</strong></span> <span class='ocrx_word' id='word_1_701' title='bbox 2370 4503 2420 4563; x_wconf 70' lang='grc' dir='ltr'><strong>υ</strong></span> <span class='ocrx_word' id='word_1_702' title='bbox 2441 4478 2508 4532; x_wconf 90' lang='lat' dir='ltr'><strong>ad</strong></span> <span class='ocrx_word' id='word_1_703' title='bbox 2539 4468 2798 4545; x_wconf 82' lang='lat' dir='ltr'><strong>judicium</strong></span> <span class='ocrx_word' id='word_1_704' title='bbox 2837 4475 3212 4540; x_wconf 84' lang='lat' dir='ltr'><strong>damnationis,</strong></span> <span class='ocrx_word' id='word_1_705' title='bbox 3239 4474 3332 4530; x_wconf 87' lang='lat' dir='ltr'><strong>sed</strong></span> <span class='ocrx_word' id='word_1_706' title='bbox 3359 4475 3425 4530; x_wconf 90' lang='lat' dir='ltr'><strong>ad</strong></span> <span class='ocrx_word' id='word_1_707' title='bbox 3445 4475 3669 4529; x_wconf 83' lang='lat' dir='ltr'><strong>salutem</strong></span> <span class='ocrx_word' id='word_1_708' title='bbox 3695 4476 3996 4531; x_wconf 76' lang='lat' dir='ltr'><strong>sanctiﬁca-</strong></span> 
     </span>
    </p>
   </div>
   <div class='ocr_carea' id='block_1_91' title="bbox 867 4561 2340 4641">
    <p class='ocr_par' dir='ltr' id='par_1_91' title="bbox 867 4561 2340 4641">
     <span class='ocr_line' id='line_1_91' title="bbox 867 4561 2340 4641; baseline 0.009 -25"><span class='ocrx_word' id='word_1_709' title='bbox 867 4561 924 4618; x_wconf 83' lang='lat' dir='ltr'><strong>Si</strong></span> <span class='ocrx_word' id='word_1_710' title='bbox 951 4563 1087 4618; x_wconf 86' lang='lat' dir='ltr'><strong>forte</strong></span> <span class='ocrx_word' id='word_1_711' title='bbox 1113 4564 1251 4620; x_wconf 87' lang='lat' dir='ltr'><strong>dicis</strong></span> <span class='ocrx_word' id='word_1_712' title='bbox 1271 4579 1392 4619; x_wconf 89' lang='lat' dir='ltr'><strong>cum</strong></span> <span class='ocrx_word' id='word_1_713' title='bbox 1420 4565 1697 4622; x_wconf 86' lang='lat' dir='ltr'><strong>Psalmista</strong></span> <span class='ocrx_word' id='word_1_714' title='bbox 1723 4587 1736 4621; x_wconf 88' lang='lat'><strong>:</strong></span> <span class='ocrx_word' id='word_1_715' title='bbox 1770 4568 1889 4624; x_wconf 76' lang='lat' dir='ltr'><strong>Dixi</strong></span> <span class='ocrx_word' id='word_1_716' title='bbox 1904 4611 1920 4636; x_wconf 88' lang='lat'><strong>,</strong></span> <span class='ocrx_word' id='word_1_717' title='bbox 1941 4573 2220 4641; x_wconf 70' lang='lat' dir='ltr'><strong>conﬁtebor</strong></span> <span class='ocrx_word' id='word_1_718' title='bbox 2245 4575 2340 4628; x_wconf 83' lang='lat' dir='ltr'><strong>ad-</strong></span> 
     </span>
    </p>
   </div>
   <div class='ocr_carea' id='block_1_92' title="bbox 798 4653 2336 4731">
    <p class='ocr_par' dir='ltr' id='par_1_92' title="bbox 798 4653 2336 4731">
     <span class='ocr_line' id='line_1_92' title="bbox 798 4653 2336 4731; baseline 0.009 -27"><span class='ocrx_word' id='word_1_719' title='bbox 798 4667 998 4705; x_wconf 73' lang='lat' dir='ltr'><strong>uersum</strong></span> <span class='ocrx_word' id='word_1_720' title='bbox 1035 4669 1112 4706; x_wconf 70' lang='lat' dir='ltr'><strong>me</strong></span> <span class='ocrx_word' id='word_1_721' title='bbox 1137 4653 1450 4730; x_wconf 69' lang='lat' dir='ltr'><strong>iniustitiam</strong></span> <span class='ocrx_word' id='word_1_722' title='bbox 1497 4672 1662 4710; x_wconf 78' lang='lat' dir='ltr'><strong>meam</strong></span> <span class='ocrx_word' id='word_1_723' title='bbox 1718 4657 1939 4713; x_wconf 78' lang='lat' dir='ltr'><strong>Domino</strong></span> <span class='ocrx_word' id='word_1_724' title='bbox 1967 4660 2150 4731; x_wconf 83' lang='lat' dir='ltr'><strong>(Psal.</strong></span> <span class='ocrx_word' id='word_1_725' title='bbox 2178 4677 2336 4727; x_wconf 70' lang='lat' dir='ltr'><strong>xm,</strong></span> 
     </span>
    </p>
   </div>
   <div class='ocr_carea' id='block_1_93' title="bbox 797 4740 2342 4813">
    <p class='ocr_par' dir='ltr' id='par_1_93' title="bbox 797 4740 2342 4813">
     <span class='ocr_line' id='line_1_93' title="bbox 797 4740 2342 4813; baseline 0.006 -17"><span class='ocrx_word' id='word_1_726' title='bbox 797 4740 890 4810; x_wconf 86' lang='lat'><strong>5).</strong></span> <span class='ocrx_word' id='word_1_727' title='bbox 929 4741 997 4796; x_wconf 80' lang='lat' dir='ltr'><strong>Et</strong></span> <span class='ocrx_word' id='word_1_728' title='bbox 1026 4756 1128 4811; x_wconf 84' lang='lat' dir='ltr'><strong>ego</strong></span> <span class='ocrx_word' id='word_1_729' title='bbox 1153 4758 1273 4798; x_wconf 87' lang='lat' dir='ltr'><strong>cum</strong></span> <span class='ocrx_word' id='word_1_730' title='bbox 1299 4745 1485 4799; x_wconf 88' lang='lat' dir='ltr'><strong>eodem</strong></span> <span class='ocrx_word' id='word_1_731' title='bbox 1524 4745 1694 4800; x_wconf 90' lang='lat' dir='ltr'><strong>dicam</strong></span> <span class='ocrx_word' id='word_1_732' title='bbox 1722 4765 1735 4799; x_wconf 91' lang='lat'><strong>:</strong></span> <span class='ocrx_word' id='word_1_733' title='bbox 1769 4747 2028 4812; x_wconf 81' lang='lat' dir='ltr'><strong>Quoniam</strong></span> <span class='ocrx_word' id='word_1_734' title='bbox 2061 4753 2238 4813; x_wconf 84' lang='lat' dir='ltr'><strong>tacui,</strong></span> <span class='ocrx_word' id='word_1_735' title='bbox 2261 4753 2342 4806; x_wconf 76' lang='lat' dir='ltr'><strong>in-</strong></span> 
     </span>
    </p>
   </div>
   <div class='ocr_carea' id='block_1_94' title="bbox 798 4830 2339 4910">
    <p class='ocr_par' dir='ltr' id='par_1_94' title="bbox 798 4830 2339 4910">
     <span class='ocr_line' id='line_1_94' title="bbox 798 4830 2339 4910; baseline 0.01 -30"><span class='ocrx_word' id='word_1_736' title='bbox 798 4836 1140 4882; x_wconf 68' lang='lat' dir='ltr'><strong>veteraverunt</strong></span> <span class='ocrx_word' id='word_1_737' title='bbox 1165 4844 1283 4882; x_wconf 83' lang='lat' dir='ltr'><strong>ossa</strong></span> <span class='ocrx_word' id='word_1_738' title='bbox 1307 4847 1418 4884; x_wconf 74' lang='lat' dir='ltr'><strong>mea</strong></span> <span class='ocrx_word' id='word_1_739' title='bbox 1445 4830 1607 4902; x_wconf 78' lang='lat' dir='ltr'><strong>(Ibid.</strong></span> <span class='ocrx_word' id='word_1_740' title='bbox 1636 4850 1764 4888; x_wconf 72' lang='lat' dir='ltr'><strong>vers.</strong></span> <span class='ocrx_word' id='word_1_741' title='bbox 1793 4836 1868 4904; x_wconf 78' lang='grc'><strong>5).</strong></span> <span class='ocrx_word' id='word_1_742' title='bbox 1900 4835 1968 4889; x_wconf 85' lang='lat' dir='ltr'><strong>Et</strong></span> <span class='ocrx_word' id='word_1_743' title='bbox 1996 4837 2188 4891; x_wconf 89' lang='lat' dir='ltr'><strong>lterum</strong></span> <span class='ocrx_word' id='word_1_744' title='bbox 2219 4855 2339 4910; x_wconf 82' lang='lat' dir='ltr'><strong>cum</strong></span> 
     </span>
    </p>
   </div>
   <div class='ocr_carea' id='block_1_95' title="bbox 795 4919 2339 4994">
    <p class='ocr_par' dir='ltr' id='par_1_95' title="bbox 795 4919 2339 4994">
     <span class='ocr_line' id='line_1_95' title="bbox 795 4919 2339 4994; baseline 0.007 -22"><span class='ocrx_word' id='word_1_745' title='bbox 795 4919 900 4975; x_wconf 90' lang='lat' dir='ltr'><strong>alio</strong></span> <span class='ocrx_word' id='word_1_746' title='bbox 918 4920 1202 4990; x_wconf 85' lang='lat' dir='ltr'><strong>propheta:</strong></span> <span class='ocrx_word' id='word_1_747' title='bbox 1225 4919 1655 4991; x_wconf 78' lang='lat' dir='ltr'><strong>Computruerunt</strong></span> <span class='ocrx_word' id='word_1_748' title='bbox 1667 4924 1905 4994; x_wconf 83' lang='lat' dir='ltr'><strong>jumenta</strong></span> <span class='ocrx_word' id='word_1_749' title='bbox 1929 4927 1982 4980; x_wconf 85' lang='lat' dir='ltr'><strong>in</strong></span> <span class='ocrx_word' id='word_1_750' title='bbox 2007 4937 2225 4983; x_wconf 81' lang='lat' dir='ltr'><strong>stercore</strong></span> <span class='ocrx_word' id='word_1_751' title='bbox 2245 4941 2339 4983; x_wconf 87' lang='lat' dir='ltr'><strong>suo</strong></span> 
     </span>
    </p>
   </div>
   <div class='ocr_carea' id='block_1_96' title="bbox 797 5008 2339 5085">
    <p class='ocr_par' dir='ltr' id='par_1_96' title="bbox 797 5008 2339 5085">
     <span class='ocr_line' id='line_1_96' title="bbox 797 5008 2339 5085; baseline 0.007 -22"><span class='ocrx_word' id='word_1_752' title='bbox 797 5009 962 5079; x_wconf 82' lang='lat' dir='ltr'><strong>(Joel.</strong></span> <span class='ocrx_word' id='word_1_753' title='bbox 991 5026 1046 5075; x_wconf 85' lang='grc' dir='ltr'>ι,</span> <span class='ocrx_word' id='word_1_754' title='bbox 1078 5008 1194 5080; x_wconf 77' lang='grc'>17).</span> <span class='ocrx_word' id='word_1_755' title='bbox 1223 5009 1360 5075; x_wconf 86' lang='lat' dir='ltr'><strong>Quid</strong></span> <span class='ocrx_word' id='word_1_756' title='bbox 1390 5020 1470 5067; x_wconf 90' lang='lat' dir='ltr'><strong>est</strong></span> <span class='ocrx_word' id='word_1_757' title='bbox 1501 5012 1723 5085; x_wconf 86' lang='lat' dir='ltr'><strong>(autem)</strong></span> <span class='ocrx_word' id='word_1_758' title='bbox 1748 5012 1988 5081; x_wconf 72' lang='lat' dir='ltr'><strong>iumenta</strong></span> <span class='ocrx_word' id='word_1_759' title='bbox 2018 5018 2069 5071; x_wconf 91' lang='lat' dir='ltr'><strong>in</strong></span> <span class='ocrx_word' id='word_1_760' title='bbox 2101 5027 2339 5074; x_wconf 84' lang='lat' dir='ltr'><strong>stercore</strong></span> 
     </span>
    </p>
   </div>
   <div class='ocr_carea' id='block_1_97' title="bbox 797 5101 2338 5177">
    <p class='ocr_par' dir='ltr' id='par_1_97' title="bbox 797 5101 2338 5177">
     <span class='ocr_line' id='line_1_97' title="bbox 797 5101 2338 5177; baseline 0.006 -24"><span class='ocrx_word' id='word_1_761' title='bbox 797 5115 893 5153; x_wconf 83' lang='lat' dir='ltr'><strong>suo</strong></span> <span class='ocrx_word' id='word_1_762' title='bbox 915 5109 1241 5170; x_wconf 88' lang='lat' dir='ltr'><strong>putrescere,</strong></span> <span class='ocrx_word' id='word_1_763' title='bbox 1264 5101 1365 5155; x_wconf 88' lang='lat' dir='ltr'><strong>nisi</strong></span> <span class='ocrx_word' id='word_1_764' title='bbox 1386 5103 1696 5159; x_wconf 85' lang='lat' dir='ltr'><strong>criminosos</strong></span> <span class='ocrx_word' id='word_1_765' title='bbox 1722 5120 1959 5174; x_wconf 88' lang='lat' dir='ltr'><strong>quosque</strong></span> <span class='ocrx_word' id='word_1_766' title='bbox 1980 5107 2036 5161; x_wconf 91' lang='lat' dir='ltr'><strong>in</strong></span> <span class='ocrx_word' id='word_1_767' title='bbox 2062 5109 2338 5177; x_wconf 88' lang='lat' dir='ltr'><strong>putredine</strong></span> 
     </span>
    </p>
   </div>
   <div class='ocr_carea' id='block_1_98' title="bbox 797 5189 2338 5266">
    <p class='ocr_par' dir='ltr' id='par_1_98' title="bbox 797 5189 2338 5266">
     <span class='ocr_line' id='line_1_98' title="bbox 797 5189 2338 5266; baseline 0.006 -24"><span class='ocrx_word' id='word_1_768' title='bbox 797 5197 1131 5256; x_wconf 83' lang='lat' dir='ltr'><strong>peccatorum</strong></span> <span class='ocrx_word' id='word_1_769' title='bbox 1167 5204 1385 5245; x_wconf 88' lang='lat' dir='ltr'><strong>suorum</strong></span> <span class='ocrx_word' id='word_1_770' title='bbox 1419 5189 1640 5258; x_wconf 81' lang='lat' dir='ltr'><strong>jacere?</strong></span> <span class='ocrx_word' id='word_1_771' title='bbox 1676 5193 1778 5260; x_wconf 88' lang='lat' dir='ltr'><strong>Qui</strong></span> <span class='ocrx_word' id='word_1_772' title='bbox 1805 5204 2018 5263; x_wconf 78' lang='lat' dir='ltr'><strong>peccat,</strong></span> <span class='ocrx_word' id='word_1_773' title='bbox 2037 5195 2218 5264; x_wconf 87' lang='lat' dir='ltr'><strong>jacet;</strong></span> <span class='ocrx_word' id='word_1_774' title='bbox 2247 5200 2338 5266; x_wconf 80' lang='lat' dir='ltr'><strong>qui</strong></span> 
     </span>
    </p>
   </div>
   <div class='ocr_carea' id='block_1_99' title="bbox 798 5274 2336 5358">
    <p class='ocr_par' dir='ltr' id='par_1_99' title="bbox 798 5274 2336 5358">
     <span class='ocr_line' id='line_1_99' title="bbox 798 5274 2336 5358; baseline 0.008 -28"><span class='ocrx_word' id='word_1_775' title='bbox 798 5274 1095 5337; x_wconf 84' lang='lat' dir='ltr'><strong>confitetur.</strong></span> <span class='ocrx_word' id='word_1_776' title='bbox 1110 5279 1447 5351; x_wconf 80' lang='lat' dir='ltr'><strong>surgit[Cod.</strong></span> <span class='ocrx_word' id='word_1_777' title='bbox 1463 5278 1578 5335; x_wconf 82' lang='lat' dir='ltr'><strong>Sal.</strong></span> <span class='ocrx_word' id='word_1_778' title='bbox 1604 5282 1825 5356; x_wconf 82' lang='lat' dir='ltr'><strong>surget].</strong></span> <span class='ocrx_word' id='word_1_779' title='bbox 1850 5283 1950 5350; x_wconf 90' lang='lat' dir='ltr'><strong>Qui</strong></span> <span class='ocrx_word' id='word_1_780' title='bbox 1973 5288 2336 5358; x_wconf 62' lang='lat' dir='ltr'><strong>paenitentiam</strong></span> 
     </span>
    </p>
   </div>
   <div class='ocr_carea' id='block_1_100' title="bbox 796 5367 2338 5448">
    <p class='ocr_par' dir='ltr' id='par_1_100' title="bbox 796 5367 2338 5448">
     <span class='ocr_line' id='line_1_100' title="bbox 796 5367 2338 5448; baseline 0.01 -30"><span class='ocrx_word' id='word_1_781' title='bbox 796 5367 933 5435; x_wconf 86' lang='lat' dir='ltr'><strong>agit,</strong></span> <span class='ocrx_word' id='word_1_782' title='bbox 979 5369 1264 5424; x_wconf 78' lang='lat' dir='ltr'><strong>revertitur</strong></span> <span class='ocrx_word' id='word_1_783' title='bbox 1307 5372 1376 5428; x_wconf 88' lang='lat' dir='ltr'><strong>ad</strong></span> <span class='ocrx_word' id='word_1_784' title='bbox 1419 5379 1629 5441; x_wconf 83' lang='lat' dir='ltr'><strong>patrem</strong></span> <span class='ocrx_word' id='word_1_785' title='bbox 1669 5388 1851 5438; x_wconf 89' lang='lat' dir='ltr'><strong>suum,</strong></span> <span class='ocrx_word' id='word_1_786' title='bbox 1902 5376 2042 5430; x_wconf 88' lang='lat' dir='ltr'><strong>sicut</strong></span> <span class='ocrx_word' id='word_1_787' title='bbox 2085 5377 2338 5448; x_wconf 73' lang='lat' dir='ltr'><strong>prodigus</strong></span> 
     </span>
    </p>
   </div>
   <div class='ocr_carea' id='block_1_101' title="bbox 797 5452 2333 5531">
    <p class='ocr_par' dir='ltr' id='par_1_101' title="bbox 797 5452 2333 5531">
     <span class='ocr_line' id='line_1_101' title="bbox 797 5452 2333 5531; baseline 0.01 -26"><span class='ocrx_word' id='word_1_788' title='bbox 797 5452 935 5510; x_wconf 75' lang='lat' dir='ltr'><strong>(ilius</strong></span> <span class='ocrx_word' id='word_1_789' title='bbox 957 5454 1010 5510; x_wconf 91' lang='lat' dir='ltr'><strong>in</strong></span> <span class='ocrx_word' id='word_1_790' title='bbox 1036 5453 1319 5524; x_wconf 75' lang='lat' dir='ltr'><strong>Evangelio</strong></span> <span class='ocrx_word' id='word_1_791' title='bbox 1341 5459 1535 5527; x_wconf 80' lang='lat' dir='ltr'><strong>legitur</strong></span> <span class='ocrx_word' id='word_1_792' title='bbox 1560 5460 1787 5520; x_wconf 78' lang='lat' dir='ltr'><strong>dixisse:</strong></span> <span class='ocrx_word' id='word_1_793' title='bbox 1817 5462 2061 5531; x_wconf 85' lang='lat' dir='ltr'><strong>Surgam,</strong></span> <span class='ocrx_word' id='word_1_794' title='bbox 2087 5473 2135 5517; x_wconf 86' lang='lat' dir='ltr'><strong>et</strong></span> <span class='ocrx_word' id='word_1_795' title='bbox 2159 5465 2243 5517; x_wconf 83' lang='lat' dir='ltr'><strong>ibo</strong></span> <span class='ocrx_word' id='word_1_796' title='bbox 2265 5467 2333 5520; x_wconf 85' lang='lat' dir='ltr'><strong>ad</strong></span> 
     </span>
    </p>
   </div>
   <div class='ocr_carea' id='block_1_102' title="bbox 797 5547 2332 5619">
    <p class='ocr_par' dir='ltr' id='par_1_102' title="bbox 797 5547 2332 5619">
     <span class='ocr_line' id='line_1_102' title="bbox 797 5547 2332 5619; baseline 0.009 -26"><span class='ocrx_word' id='word_1_797' title='bbox 797 5551 990 5606; x_wconf 83' lang='lat' dir='ltr'><strong>patrem</strong></span> <span class='ocrx_word' id='word_1_798' title='bbox 1033 5559 1201 5597; x_wconf 74' lang='lat' dir='ltr'><strong>meum</strong></span> <span class='ocrx_word' id='word_1_799' title='bbox 1219 5583 1234 5609; x_wconf 94' lang='lat'><strong>,</strong></span> <span class='ocrx_word' id='word_1_800' title='bbox 1262 5555 1310 5598; x_wconf 87' lang='lat' dir='ltr'><strong>et</strong></span> <span class='ocrx_word' id='word_1_801' title='bbox 1333 5547 1502 5602; x_wconf 76' lang='lat' dir='ltr'><strong>dicam</strong></span> <span class='ocrx_word' id='word_1_802' title='bbox 1528 5550 1578 5602; x_wconf 85' lang='lat' dir='ltr'><strong>ei</strong></span> <span class='ocrx_word' id='word_1_803' title='bbox 1606 5565 1624 5602; x_wconf 91' lang='lat'><strong>:</strong></span> <span class='ocrx_word' id='word_1_804' title='bbox 1648 5551 1826 5619; x_wconf 86' lang='lat' dir='ltr'><strong>pater!</strong></span> <span class='ocrx_word' id='word_1_805' title='bbox 1847 5553 2046 5618; x_wconf 80' lang='lat' dir='ltr'><strong>peccavi</strong></span> <span class='ocrx_word' id='word_1_806' title='bbox 2069 5553 2124 5605; x_wconf 65' lang='lat' dir='ltr'><strong>in</strong></span> <span class='ocrx_word' id='word_1_807' title='bbox 2150 5551 2332 5606; x_wconf 73' lang='lat' dir='ltr'><strong>colunt</strong></span> 
     </span>
    </p>
   </div>
   <div class='ocr_carea' id='block_1_103' title="bbox 2443 4564 3988 4640">
    <p class='ocr_par' dir='ltr' id='par_1_103' title="bbox 2443 4564 3988 4640">
     <span class='ocr_line' id='line_1_103' title="bbox 2443 4564 3988 4640; baseline -0.001 -21"><span class='ocrx_word' id='word_1_808' title='bbox 2443 4565 2605 4620; x_wconf 90' lang='lat' dir='ltr'><strong>tionis</strong></span> <span class='ocrx_word' id='word_1_809' title='bbox 2637 4566 2995 4622; x_wconf 87' lang='lat' dir='ltr'><strong>communicet</strong></span> <span class='ocrx_word' id='word_1_810' title='bbox 3030 4579 3252 4635; x_wconf 89' lang='lat' dir='ltr'><strong>corpore</strong></span> <span class='ocrx_word' id='word_1_811' title='bbox 3277 4573 3332 4620; x_wconf 88' lang='lat' dir='ltr'><strong>et</strong></span> <span class='ocrx_word' id='word_1_812' title='bbox 3359 4564 3616 4640; x_wconf 82' lang='lat' dir='ltr'><strong>sanguine</strong></span> <span class='ocrx_word' id='word_1_813' title='bbox 3644 4564 3852 4619; x_wconf 86' lang='lat' dir='ltr'><strong>Domini</strong></span> <span class='ocrx_word' id='word_1_814' title='bbox 3893 4580 3988 4619; x_wconf 81' lang='lat' dir='ltr'><strong>no-</strong></span> 
     </span>
    </p>
   </div>
   <div class='ocr_carea' id='block_1_104' title="bbox 2444 4654 3992 4726">
    <p class='ocr_par' dir='ltr' id='par_1_104' title="bbox 2444 4654 3992 4726">
     <span class='ocr_line' id='line_1_104' title="bbox 2444 4654 3992 4726; baseline -0.002 -17"><span class='ocrx_word' id='word_1_815' title='bbox 2444 4656 2542 4710; x_wconf 89' lang='lat' dir='ltr'><strong>stri</strong></span> <span class='ocrx_word' id='word_1_816' title='bbox 2569 4654 2694 4712; x_wconf 69' lang='lat' dir='ltr'><strong>Iesu</strong></span> <span class='ocrx_word' id='word_1_817' title='bbox 2723 4655 2944 4726; x_wconf 80' lang='lat' dir='ltr'><strong>Christi.</strong></span> <span class='ocrx_word' id='word_1_818' title='bbox 2970 4656 3181 4710; x_wconf 79' lang='lat' dir='ltr'><strong>Etcum</strong></span> <span class='ocrx_word' id='word_1_819' title='bbox 3207 4656 3496 4725; x_wconf 88' lang='lat' dir='ltr'><strong>gratiarum</strong></span> <span class='ocrx_word' id='word_1_820' title='bbox 3535 4655 3744 4709; x_wconf 83' lang='lat' dir='ltr'><strong>actione</strong></span> <span class='ocrx_word' id='word_1_821' title='bbox 3783 4667 3992 4722; x_wconf 87' lang='lat' dir='ltr'><strong>semper</strong></span> 
     </span>
    </p>
   </div>
   <div class='ocr_carea' id='block_1_105' title="bbox 2445 4743 3991 4818">
    <p class='ocr_par' dir='ltr' id='par_1_105' title="bbox 2445 4743 3991 4818">
     <span class='ocr_line' id='line_1_105' title="bbox 2445 4743 3991 4818; baseline -0.001 -18"><span class='ocrx_word' id='word_1_822' title='bbox 2445 4756 2795 4806; x_wconf 83' lang='lat' dir='ltr'><strong>rcmemorate</strong></span> <span class='ocrx_word' id='word_1_823' title='bbox 2841 4748 3105 4818; x_wconf 79' lang='lat' dir='ltr'><strong>quomodo</strong></span> <span class='ocrx_word' id='word_1_824' title='bbox 3145 4761 3241 4800; x_wconf 85' lang='lat' dir='ltr'><strong>vos</strong></span> <span class='ocrx_word' id='word_1_825' title='bbox 3290 4745 3466 4810; x_wconf 72' lang='lat' dir='ltr'><strong>divina</strong></span> <span class='ocrx_word' id='word_1_826' title='bbox 3513 4743 3879 4798; x_wconf 86' lang='lat' dir='ltr'><strong>misericordia</strong></span> <span class='ocrx_word' id='word_1_827' title='bbox 3927 4743 3991 4798; x_wconf 76' lang='lat' dir='ltr'><strong>de</strong></span> 
     </span>
    </p>
   </div>
   <div class='ocr_carea' id='block_1_106' title="bbox 2448 4831 3991 4904">
    <p class='ocr_par' dir='ltr' id='par_1_106' title="bbox 2448 4831 3991 4904">
     <span class='ocr_line' id='line_1_106' title="bbox 2448 4831 3991 4904; baseline -0.003 -14"><span class='ocrx_word' id='word_1_828' title='bbox 2448 4845 2590 4892; x_wconf 87' lang='lat' dir='ltr'><strong>terra</strong></span> <span class='ocrx_word' id='word_1_829' title='bbox 2620 4839 2960 4891; x_wconf 85' lang='lat' dir='ltr'><strong>tenebrarum</strong></span> <span class='ocrx_word' id='word_1_830' title='bbox 2985 4843 3041 4890; x_wconf 91' lang='lat' dir='ltr'><strong>et</strong></span> <span class='ocrx_word' id='word_1_831' title='bbox 3065 4832 3312 4904; x_wconf 73' lang='lat' dir='ltr'><strong>frigoris,</strong></span> <span class='ocrx_word' id='word_1_832' title='bbox 3343 4834 3409 4888; x_wconf 88' lang='lat' dir='ltr'><strong>de</strong></span> <span class='ocrx_word' id='word_1_833' title='bbox 3432 4833 3660 4902; x_wconf 82' lang='lat' dir='ltr'><strong>regione</strong></span> <span class='ocrx_word' id='word_1_834' title='bbox 3680 4831 3991 4903; x_wconf 75' lang='lat' dir='ltr'><strong>ignorantia:</strong></span> 
     </span>
    </p>
   </div>
   <div class='ocr_carea' id='block_1_107' title="bbox 2438 4922 3990 4995">
    <p class='ocr_par' dir='ltr' id='par_1_107' title="bbox 2438 4922 3990 4995">
     <span class='ocr_line' id='line_1_107' title="bbox 2438 4922 3990 4995; baseline -0.003 -14"><span class='ocrx_word' id='word_1_835' title='bbox 2438 4934 2493 4981; x_wconf 90' lang='lat' dir='ltr'><strong>et</strong></span> <span class='ocrx_word' id='word_1_836' title='bbox 2521 4925 2847 4995; x_wconf 89' lang='lat' dir='ltr'><strong>iniquitatis,</strong></span> <span class='ocrx_word' id='word_1_837' title='bbox 2887 4924 3154 4978; x_wconf 81' lang='lat' dir='ltr'><strong>transtulit</strong></span> <span class='ocrx_word' id='word_1_838' title='bbox 3193 4924 3244 4978; x_wconf 93' lang='lat' dir='ltr'><strong>in</strong></span> <span class='ocrx_word' id='word_1_839' title='bbox 3272 4923 3388 4980; x_wconf 87' lang='lat' dir='ltr'><strong>loca</strong></span> <span class='ocrx_word' id='word_1_840' title='bbox 3425 4922 3561 4979; x_wconf 77' lang='lat' dir='ltr'><strong>lucis</strong></span> <span class='ocrx_word' id='word_1_841' title='bbox 3585 4931 3640 4978; x_wconf 90' lang='lat' dir='ltr'><strong>et</strong></span> <span class='ocrx_word' id='word_1_842' title='bbox 3677 4923 3909 4988; x_wconf 58' lang='lat' dir='ltr'><strong>lzntitiae,</strong></span> <span class='ocrx_word' id='word_1_843' title='bbox 3937 4923 3990 4976; x_wconf 83' lang='lat' dir='ltr'><strong>in</strong></span> 
     </span>
    </p>
   </div>
   <div class='ocr_carea' id='block_1_108' title="bbox 2439 5011 3988 5081">
    <p class='ocr_par' dir='ltr' id='par_1_108' title="bbox 2439 5011 3988 5081">
     <span class='ocr_line' id='line_1_108' title="bbox 2439 5011 3988 5081; baseline -0.003 -13"><span class='ocrx_word' id='word_1_844' title='bbox 2439 5015 2780 5070; x_wconf 91' lang='lat' dir='ltr'><strong>tabernacula</strong></span> <span class='ocrx_word' id='word_1_845' title='bbox 2805 5014 3138 5069; x_wconf 74' lang='lat' dir='ltr'><strong>abundantia:</strong></span> <span class='ocrx_word' id='word_1_846' title='bbox 3159 5023 3214 5068; x_wconf 87' lang='lat' dir='ltr'><strong>et</strong></span> <span class='ocrx_word' id='word_1_847' title='bbox 3230 5011 3488 5079; x_wconf 78' lang='lat' dir='ltr'><strong>justitia:.:</strong></span> <span class='ocrx_word' id='word_1_848' title='bbox 3515 5021 3572 5067; x_wconf 87' lang='lat' dir='ltr'><strong>et</strong></span> <span class='ocrx_word' id='word_1_849' title='bbox 3592 5011 3752 5081; x_wconf 85' lang='lat' dir='ltr'><strong>elegit</strong></span> <span class='ocrx_word' id='word_1_850' title='bbox 3774 5023 3868 5065; x_wconf 74' lang='lat' dir='ltr'><strong>vos</strong></span> <span class='ocrx_word' id='word_1_851' title='bbox 3890 5011 3988 5064; x_wconf 83' lang='lat' dir='ltr'><strong>sibi</strong></span> 
     </span>
    </p>
   </div>
   <div class='ocr_carea' id='block_1_109' title="bbox 2438 5098 3991 5174">
    <p class='ocr_par' dir='ltr' id='par_1_109' title="bbox 2438 5098 3991 5174">
     <span class='ocr_line' id='line_1_109' title="bbox 2438 5098 3991 5174; baseline -0.003 -16"><span class='ocrx_word' id='word_1_852' title='bbox 2438 5105 2490 5159; x_wconf 90' lang='lat' dir='ltr'><strong>in</strong></span> <span class='ocrx_word' id='word_1_853' title='bbox 2532 5105 2669 5160; x_wconf 83' lang='lat' dir='ltr'><strong>ﬁlios</strong></span> <span class='ocrx_word' id='word_1_854' title='bbox 2707 5107 2905 5174; x_wconf 90' lang='lat' dir='ltr'><strong>pietate</strong></span> <span class='ocrx_word' id='word_1_855' title='bbox 2949 5101 3208 5174; x_wconf 62' lang='lat' dir='ltr'><strong>paterna;</strong></span> <span class='ocrx_word' id='word_1_856' title='bbox 3245 5111 3306 5157; x_wconf 92' lang='lat' dir='ltr'><strong>ut</strong></span> <span class='ocrx_word' id='word_1_857' title='bbox 3342 5116 3440 5171; x_wconf 86' lang='lat' dir='ltr'><strong>per</strong></span> <span class='ocrx_word' id='word_1_858' title='bbox 3479 5116 3577 5156; x_wconf 85' lang='lat' dir='ltr'><strong>vos</strong></span> <span class='ocrx_word' id='word_1_859' title='bbox 3612 5112 3806 5158; x_wconf 83' lang='lat' dir='ltr'><strong>nomen</strong></span> <span class='ocrx_word' id='word_1_860' title='bbox 3848 5098 3991 5153; x_wconf 87' lang='lat' dir='ltr'><strong>illius</strong></span> 
     </span>
    </p>
   </div>
   <div class='ocr_carea' id='block_1_110' title="bbox 2437 5190 3986 5264">
    <p class='ocr_par' dir='ltr' id='par_1_110' title="bbox 2437 5190 3986 5264">
     <span class='ocr_line' id='line_1_110' title="bbox 2437 5190 3986 5264; baseline -0.004 -16"><span class='ocrx_word' id='word_1_861' title='bbox 2437 5195 2716 5250; x_wconf 87' lang='lat' dir='ltr'><strong>nuntietur</strong></span> <span class='ocrx_word' id='word_1_862' title='bbox 2738 5190 3084 5264; x_wconf 79' lang='lat' dir='ltr'><strong>ingentibus.</strong></span> <span class='ocrx_word' id='word_1_863' title='bbox 3108 5192 3406 5261; x_wconf 79' lang='lat' dir='ltr'><strong>Sequimini</strong></span> <span class='ocrx_word' id='word_1_864' title='bbox 3433 5190 3662 5260; x_wconf 65' lang='lat' dir='ltr'><strong>vestigia</strong></span> <span class='ocrx_word' id='word_1_865' title='bbox 3683 5195 3986 5251; x_wconf 82' lang='lat' dir='ltr'><strong>sanctorum</strong></span> 
     </span>
    </p>
   </div>
   <div class='ocr_carea' id='block_1_111' title="bbox 2440 5282 3987 5354">
    <p class='ocr_par' dir='ltr' id='par_1_111' title="bbox 2440 5282 3987 5354">
     <span class='ocr_line' id='line_1_111' title="bbox 2440 5282 3987 5354; baseline 0.001 -17"><span class='ocrx_word' id='word_1_866' title='bbox 2440 5283 2677 5347; x_wconf 86' lang='lat' dir='ltr'><strong>Patrum,</strong></span> <span class='ocrx_word' id='word_1_867' title='bbox 2695 5293 2749 5338; x_wconf 89' lang='lat' dir='ltr'><strong>et</strong></span> <span class='ocrx_word' id='word_1_868' title='bbox 2772 5286 2940 5338; x_wconf 77' lang='lat' dir='ltr'><strong>nolite</strong></span> <span class='ocrx_word' id='word_1_869' title='bbox 2963 5285 3015 5338; x_wconf 85' lang='lat' dir='ltr'><strong>in</strong></span> <span class='ocrx_word' id='word_1_870' title='bbox 3037 5286 3313 5340; x_wconf 66' lang='lat' dir='ltr'><strong>mtboliete</strong></span> <span class='ocrx_word' id='word_1_871' title='bbox 3342 5283 3464 5339; x_wconf 70' lang='lat' dir='ltr'><strong>ﬁdei</strong></span> <span class='ocrx_word' id='word_1_872' title='bbox 3489 5282 3797 5354; x_wconf 78' lang='lat' dir='ltr'><strong>religionem</strong></span> <span class='ocrx_word' id='word_1_873' title='bbox 3823 5293 3987 5339; x_wconf 59' lang='lat' dir='ltr'><strong>nova</strong></span> 
     </span>
    </p>
   </div>
   <div class='ocr_carea' id='block_1_112' title="bbox 2439 5371 3985 5437">
    <p class='ocr_par' dir='ltr' id='par_1_112' title="bbox 2439 5371 3985 5437">
     <span class='ocr_line' id='line_1_112' title="bbox 2439 5371 3985 5437; baseline -0.005 -7"><span class='ocrx_word' id='word_1_874' title='bbox 2439 5377 2689 5431; x_wconf 78' lang='lat' dir='ltr'><strong>inducere</strong></span> <span class='ocrx_word' id='word_1_875' title='bbox 2727 5384 2924 5432; x_wconf 61' lang='lat' dir='ltr'><strong>sectas.</strong></span> <span class='ocrx_word' id='word_1_876' title='bbox 2961 5377 3157 5434; x_wconf 79' lang='lat' dir='ltr'><strong>Cavete</strong></span> <span class='ocrx_word' id='word_1_877' title='bbox 3194 5375 3348 5435; x_wconf 71' lang='lat' dir='ltr'><strong>vobis</strong></span> <span class='ocrx_word' id='word_1_878' title='bbox 3386 5389 3708 5437; x_wconf 83' lang='lat' dir='ltr'><strong>venenosum</strong></span> <span class='ocrx_word' id='word_1_879' title='bbox 3747 5371 3985 5432; x_wconf 77' lang='lat' dir='ltr'><strong>erratica:</strong></span> 
     </span>
    </p>
   </div>
   <div class='ocr_carea' id='block_1_113' title="bbox 2437 5459 3986 5526">
    <p class='ocr_par' dir='ltr' id='par_1_113' title="bbox 2437 5459 3986 5526">
     <span class='ocr_line' id='line_1_113' title="bbox 2437 5459 3986 5526; baseline -0.002 -9"><span class='ocrx_word' id='word_1_880' title='bbox 2437 5464 2742 5520; x_wconf 88' lang='lat' dir='ltr'><strong>infectionis</strong></span> <span class='ocrx_word' id='word_1_881' title='bbox 2768 5465 3126 5523; x_wconf 80' lang='lat' dir='ltr'><strong>fermentum:</strong></span> <span class='ocrx_word' id='word_1_882' title='bbox 3154 5464 3251 5524; x_wconf 84' lang='lat' dir='ltr'><strong>sed</strong></span> <span class='ocrx_word' id='word_1_883' title='bbox 3273 5464 3328 5523; x_wconf 88' lang='lat' dir='ltr'><strong>in</strong></span> <span class='ocrx_word' id='word_1_884' title='bbox 3356 5463 3662 5526; x_wconf 71' lang='lat' dir='ltr'><strong>sinceritate</strong></span> <span class='ocrx_word' id='word_1_885' title='bbox 3686 5467 3742 5520; x_wconf 88' lang='lat' dir='ltr'><strong>et</strong></span> <span class='ocrx_word' id='word_1_886' title='bbox 3766 5459 3986 5518; x_wconf 75' lang='lat' dir='ltr'><strong>veritate</strong></span> 
     </span>
    </p>
   </div>
   <div class='ocr_carea' id='block_1_114' title="bbox 2436 5551 3982 5624">
    <p class='ocr_par' dir='ltr' id='par_1_114' title="bbox 2436 5551 3982 5624">
     <span class='ocr_line' id='line_1_114' title="bbox 2436 5551 3982 5624; baseline -0.002 -15"><span class='ocrx_word' id='word_1_887' title='bbox 2436 5556 2812 5612; x_wconf 77' lang='lat' dir='ltr'><strong>mundissimae</strong></span> <span class='ocrx_word' id='word_1_888' title='bbox 2836 5569 3004 5610; x_wconf 76' lang='lat' dir='ltr'><strong>sacrze</strong></span> <span class='ocrx_word' id='word_1_889' title='bbox 3033 5555 3153 5609; x_wconf 75' lang='lat' dir='ltr'><strong>ﬁdei</strong></span> <span class='ocrx_word' id='word_1_890' title='bbox 3181 5569 3347 5624; x_wconf 84' lang='lat' dir='ltr'><strong>panes</strong></span> <span class='ocrx_word' id='word_1_891' title='bbox 3371 5553 3656 5610; x_wconf 83' lang='lat' dir='ltr'><strong>comeditc:</strong></span> <span class='ocrx_word' id='word_1_892' title='bbox 3693 5560 3748 5608; x_wconf 84' lang='lat' dir='ltr'><strong>et</strong></span> <span class='ocrx_word' id='word_1_893' title='bbox 3773 5551 3948 5606; x_wconf 82' lang='lat' dir='ltr'><strong>vinum</strong></span> <span class='ocrx_word' id='word_1_894' title='bbox 3964 5587 3982 5613; x_wconf 82' lang='lat'><strong>.</strong></span> 
     </span>
    </p>
   </div>
   <div class='ocr_carea' id='block_1_115' title="bbox 870 5673 3982 5752">
    <p class='ocr_par' dir='ltr' id='par_1_115' title="bbox 870 5673 3982 5752">
     <span class='ocr_line' id='line_1_115' title="bbox 870 5673 3982 5752; baseline 0.001 -24"><span class='ocrx_word' id='word_1_895' title='bbox 870 5684 900 5717; x_wconf 69' lang='grc' dir='ltr'><strong>ι</strong></span> <span class='ocrx_word' id='word_1_896' title='bbox 936 5673 1372 5752; x_wconf 56' lang='lat' dir='ltr'><strong>Sacr-amentum.</strong></span> <span class='ocrx_word' id='word_1_897' title='bbox 1413 5678 1495 5734; x_wconf 76' lang='lat' dir='ltr'><strong>An</strong></span> <span class='ocrx_word' id='word_1_898' title='bbox 1539 5679 1596 5736; x_wconf 89' lang='lat' dir='ltr'><strong>S.</strong></span> <span class='ocrx_word' id='word_1_899' title='bbox 1643 5679 1880 5750; x_wconf 78' lang='lat' dir='ltr'><strong>Gregorii</strong></span> <span class='ocrx_word' id='word_1_900' title='bbox 1925 5681 2098 5751; x_wconf 64' lang='lat' dir='ltr'><strong>Magni</strong></span> <span class='ocrx_word' id='word_1_901' title='bbox 2157 5681 2649 5739; x_wconf 83' lang='lat' dir='ltr'><strong>Sacramentarium</strong></span> <span class='ocrx_word' id='word_1_902' title='bbox 2684 5683 2955 5752; x_wconf 86' lang='lat' dir='ltr'><strong>intelligit.</strong></span> <span class='ocrx_word' id='word_1_903' title='bbox 3021 5685 3072 5736; x_wconf 87' lang='lat' dir='ltr'><strong>in</strong></span> <span class='ocrx_word' id='word_1_904' title='bbox 3137 5699 3240 5750; x_wconf 77' lang='grc' dir='ltr'>σιιιυ</span> <span class='ocrx_word' id='word_1_905' title='bbox 3288 5679 3731 5741; x_wconf 85' lang='lat' dir='ltr'><strong>reconciliationis</strong></span> <span class='ocrx_word' id='word_1_906' title='bbox 3789 5677 3982 5735; x_wconf 75' lang='lat' dir='ltr'><strong>oratio-</strong></span> 
     </span>
    </p>
   </div>
   <div class='ocr_carea' id='block_1_116' title="bbox 800 5746 1376 5802">
    <p class='ocr_par' dir='ltr' id='par_1_116' title="bbox 800 5746 1376 5802">
     <span class='ocr_line' id='line_1_116' title="bbox 800 5746 1376 5802; baseline 0.002 -4"><span class='ocrx_word' id='word_1_907' title='bbox 800 5755 894 5798; x_wconf 83' lang='lat' dir='ltr'><strong>nes</strong></span> <span class='ocrx_word' id='word_1_908' title='bbox 920 5746 1169 5798; x_wconf 77' lang='lat' dir='ltr'><strong>exstant?</strong></span> <span class='ocrx_word' id='word_1_909' title='bbox 1195 5746 1376 5802; x_wconf 50' lang='lat' dir='ltr'><strong>Carm.</strong></span> 
     </span>
    </p>
   </div>
  </div>
