4400 6432
431 510 528 569 3M

1860 494 2236 550 EPISTOLJE.

3554 491 3656 543 3J2

433 624 576 694 quod
619 622 799 677 ditata
829 622 1015 676 electis
1055 619 1166 675 suis
1204 618 1416 675 miscuit
1450 615 1739 685 sapientia,
1778 615 1943 668 bibite
1970 631 1981 659 τ
2015 623 2059 674 Α
2089 612 2206 663 dem
2226 650 2238 671 ,
2270 618 2323 663 et
2351 608 2509 676 hujus
2534 606 2756 676 perfecti
2782 607 2958 674 operis
2984 609 3121 675 apud
3154 606 3394 659 homines
3425 606 3654 657 lanzlem.

435 721 494 767 et
519 720 735 766 cantate
764 710 922 782 ιω
947 710 1056 765 Deo
1098 717 1279 763 vestro
1316 708 1369 761 in
1403 705 1686 761 concordia
1717 703 1892 772 pacis,
1937 710 1992 756 et

439 803 789 857 unanimitate
818 801 1095 855 charitatis
1123 796 1683 875 perpetuaicanticum
1714 794 1909 857 laudis,
1938 800 1991 847 et

439 907 563 948 cum
603 891 792 946 militia
830 890 1033 945 caelesti
1061 904 1294 944 consona
1324 902 1451 942 voce
1486 886 1698 939 laudate
1726 883 1893 937 Deum
1942 890 1996 936 et

440 983 644 1039 dicite:
696 981 877 1037 Gloria
911 984 967 1035 in
994 980 1204 1035 excelsis
1242 980 1383 1044 Deo,
1421 986 1468 1031 et
1502 979 1556 1031 in
1592 985 1731 1028 terra
1766 990 1871 1045 pax
1904 973 1997 1026 Ito-

440 1075 669 1129 ntiuibus
710 1074 855 1127 bona
897 1071 1173 1126 voluntatis
1203 1070 1372 1142 (Luc.
1398 1085 1470 1133 tt,
1500 1066 1565 1121 14
1584 1064 1625 1137 ).
1675 1064 1860 1119 Divina
1902 1078 1998 1116 vos

439 1163 734 1233 praeveniat
771 1160 941 1232 gratia
958 1200 977 1225 ,
1002 1168 1062 1215 et
1082 1160 1434 1227 subsequatur
1458 1157 1655 1226 ubique
1683 1153 1965 1209 clementia
1982 1192 1996 1215 ,

440 1259 497 1305 et
525 1251 581 1305 in
605 1251 750 1305 omni
777 1265 938 1320 opere
965 1251 1107 1306 bono
1132 1248 1323 1303 ﬂorere
1350 1246 1539 1309 faciat,
1571 1245 1671 1298 viri
1702 1242 1894 1298 fratres
1921 1243 2001 1296 di-

442 1338 718 1395 lectissimi
747 1347 805 1393 et
827 1338 1149 1393 sanctissimi
1175 1344 1371 1405 patres.

922 1488 947 1514 ιι
986 1471 1309 1528 EPISTULA
1349 1470 1525 1527 CXIII.

828 1581 894 1619 AD
931 1580 1190 1619 PAULINO“
1229 1577 1624 1616 PATRIARCHAI-

1029 1655 1221 1727 (Anno
1252 1653 1373 1709 800.
1390 1652 1417 1725 )

446 1767 654 1822 Laudat
697 1767 809 1835 eius
846 1756 1079 1835 libellum
1120 1762 1183 1816 de
1225 1763 1486 1835 mentione
1523 1762 1693 1835 ﬁdeig
1731 1761 2026 1835 etnexritat‘

518 1835 671 1915 illum
697 1829 764 1915 ad
793 1832 1120 1887 debellandos
1148 1831 1399 1901 quosdam
1437 1846 1636 1883 errores
1677 1832 1731 1883 in
1771 1829 2005 1882 Ecclesia

518 1912 825 1956 morientes.

518 2020 744 2074 Domino
770 2020 823 2073 in
850 2019 1072 2072 Domino
1096 2018 1429 2072 dominorum
1454 2013 1818 2075 dilectissimo,
1842 2020 1897 2065 et
1918 2012 2007 2082 pio

446 2111 595 2167 Patri
621 2111 844 2166 Paulino
865 2109 1183 2180 patriarcha:
1210 2107 1453 2162 salutem.

522 2202 721 2255 Videor
748 2198 962 2271 aliquod
990 2215 1074 2253 me
1102 2198 1437 2269 refrigerium
1464 2198 1660 2251 habere
1683 2194 1845 2249 animi
1872 2194 2003 2255 mei,

448 2300 511 2346 ut
550 2291 763 2345 flamma
807 2291 1088 2345 charitatis
1129 2291 1181 2344 in
1224 2289 1385 2344 corde
1427 2288 1736 2343 abscondita
1778 2286 2007 2353 aliquam

449 2381 680 2437 fortasse
707 2382 989 2437 scintillam
1031 2376 1225 2435 elicere
1264 2380 1473 2435 valeat:
1514 2394 1581 2434 ne
1619 2388 1787 2432 totum
1827 2386 2007 2446 torpe-

449 2481 570 2527 scat
614 2473 756 2541 quod
802 2473 948 2526 intus
997 2472 1250 2542 ignescit,
1301 2472 1424 2525 dum
1472 2479 1826 2541 Opportunum
1876 2470 2006 2523 mihi

450 2572 700 2631 tempus,
748 2561 946 2629 aliquid
991 2568 1093 2615 une
1140 2561 1375 2615 scribere
1420 2560 1697 2622 eharitati,
1747 2560 2002 2613 occurrit.

449 2649 633 2715 Quid?
672 2663 795 2702 eum
838 2649 1182 2703 beatitudinis
1224 2658 1429 2703 vestrm
1456 2650 1662 2702 litteras
1697 2649 1838 2701 omni
1888 2647 2007 2701 favo

450 2738 717 2792 dulciores
764 2738 954 2792 intueri
996 2748 1222 2801 mereor,
1270 2754 1445 2792 nonne
1485 2738 1669 2791 videor
1708 2738 1837 2791 mihi
1869 2738 2009 2791 inter

449 2829 631 2883 varios
658 2827 890 2897 paradisi
919 2827 1075 2882 ﬂores
1103 2836 1246 2883 totus
1286 2828 1623 2890 conversari,
1646 2828 1711 2881 ’et
1738 2828 1890 2882 avida
1918 2828 2008 2881 de-

449 2917 633 2971 siderii
648 2917 751 2972 mei
777 2918 992 2971 dextera
1022 2916 1288 2997 spiritales
1313 2916 1745 2986 exinde'carpere
1769 2915 2008 2971 fructus?
2089 2922 2101 2927 ‘

450 3006 667 3071 Quanto
692 3007 863 3075 magis
890 3021 1010 3061 cum
1038 3007 1410 3061 sacratissima:
1440 3006 1558 3059 fidei
1587 3013 1776 3059 vestrm
1804 3005 1830 3044 ι’
1860 3004 2007 3058 libel—

451 3094 567 3148 lum
614 3095 887 3159 recensui,
936 3096 1211 3152 catholica:
1256 3097 1404 3167 pacis
1448 3096 1677 3166 puritate
1725 3105 2004 3159 ornatum,

450 3182 772 3253 eloquentia:
810 3193 1090 3239 venustate
1111 3184 1593 3252 iucundissimum,
1622 3201 1872 3240 sensuum
1912 3202 2006 3241 ve-'

2099 696 2324 767 Semper
2352 696 2746 751 ferventissima
2777 695 3011 749 charitas
3037 703 3211 748 vestra
3252 702 3429 748 castra
3469 708 3659 762 perpe-

2099 787 2175 840 tui
2203 786 2345 857 regis
2370 786 2604 853 undique
2643 784 3007 838 invictissimis
3044 782 3164 836 ﬁdei
3198 781 3397 851 clypcis
3424 780 3656 841 muniat,

2099 890 2164 929 ne
2204 876 2412 943 antiqui
2456 875 2625 929 hostis
2662 874 2905 928 versutia
2946 872 3121 941 aliqua
3158 878 3415 940 ett-parte
3458 869 3659 923 aditum

2099 984 2209 1023 suae
2236 969 2487 1037 nequitiac
2518 968 2756 1021 invenire
2780 966 2973 1019 valeat.
3014 964 3127 1018 Etsi
3168 963 3253 1017 ille
3289 962 3433 1018 mille
3472 962 3662 1016 habeat

2100 1068 2244 1114 artes
2274 1050 2527 1123 nocendi,
2556 1057 2723 1112 multo
2750 1056 2921 1126 magis
2944 1055 3101 1109 nobis
3122 1068 3341 1109 necesse
3370 1051 3525 1123 14⁷
3550 1059 3660 1111 est,

2101 1146 2247 1201 mille
2275 1148 2474 1201 habere
2502 1155 2644 1199 artes
2673 1144 2989 1221 defendendi
3012 1184 3027 1207 ,
3055 1141 3394 1197 credentibus
3425 1142 3477 1194 in
3508 1155 3660 1211 eum,

2102 1236 2192 1304 qui
2221 1236 2297 1288 ait
2325 1254 2336 1287 :
2370 1234 2643 1303 Con/ﬁdite,
2674 1250 2765 1303 ego
2791 1235 2887 1287 eici
2913 1233 3163 1286 mundum
3191 1230 3386 1302 (Joan.
3415 1246 3524 1292 xvr,
3551 1229 3660 1294 55).

2103 1325 2267 1395 Cujus
2293 1326 2465 1396 pietas
2490 1326 2643 1380 nobis
2670 1325 2994 1393 prmvidebat
3022 1323 3208 1391 agonis
3240 1334 3449 1391 tempus
3492 1330 3667 1375 trans—

2107 1415 2361 1481 itorium,
2404 1423 2465 1469 ut
2508 1412 2955 1468 remunerationis
2997 1419 3141 1465 esset
3190 1419 3527 1480 perpetuum.
3576 1408 3668 1462 Ille

2105 1505 2254 1574 prior
2299 1504 2527 1560 calcavit
2573 1512 2734 1571 caput
2777 1502 2946 1556 leonis
2989 1510 3043 1572 et
3089 1501 3373 1562 draconis;
3428 1500 3668 1568 nobisque

2105 1594 2245 1647 dedit
2269 1602 2566 1663 potestatem
2590 1592 2826 1646 calcandi
2848 1608 3001 1661 super
3024 1600 3276 1660 serpentes
3301 1600 3348 1643 et
3374 1591 3667 1659 scorpiones

2108 1686 2125 1753 (
2150 1683 2276 1737 Luc.
2309 1700 2340 1737 χ
2361 1724 2376 1747 ,
2404 1682 2545 1753 I9),
2577 1690 2631 1735 et
2658 1697 2845 1735 omnes
2874 1681 3155 1735 haereticas
3190 1680 3510 1749 pravitates,
3552 1693 3672 1747 qua:

2108 1782 2232 1829 sunt
2257 1782 2425 1842 portae
2453 1772 2639 1837 inferi,
2670 1772 2974 1841 superandi.
3021 1771 3099 1824 Tu
3130 1785 3259 1825 vero
3279 1810 3293 1833 ,
3324 1770 3406 1823 vir
3449 1778 3666 1838 apost0«

2110 1864 2228 1926 lice,
2260 1863 2361 1916 hac
2386 1869 2622 1915 armatus
2649 1868 2932 1929 potestate,
2965 1857 3193 1912 viriliter
3220 1872 3425 1926 pugna,
3461 1856 3672 1911 fortiter

2041 1953 2082 2010 Β
2110 1954 2288 2014 vince,
2332 1960 2392 2005 ut
2430 1950 2658 2005 feliciter
2700 1964 2890 2017 regnes
2935 1963 3057 2002 cum
3103 1946 3337 2002 Christo.
3378 1946 3511 2009 Heu,
3534 1948 3669 2014 proh

2108 2040 2289 2094 dolor!
2328 2039 2480 2092 multi
2510 2038 2686 2093 solent
2712 2038 2940 2105 desuper
2971 2044 3275 2090 contextam
3306 2032 3502 2088 Christi
3535 2034 3674 2087 tuni-

2109 2144 2229 2182 cam
2277 2128 2546 2182 haereticis
2589 2126 2833 2181 scindere
2872 2126 3175 2194 unguibus,
3213 2134 3264 2178 et
3308 2124 3360 2176 in
3405 2138 3535 2192 pace
3574 2122 3674 2177 Ec-

2108 2219 2282 2273 clesia:
2315 2219 2517 2283 facere,
2548 2218 2688 2287 quod
2715 2217 2912 2271 milites
2954 2217 3005 2269 in
3046 2216 3293 2285 passione
3330 2212 3527 2268 Christi
3568 2229 3671 2268 non

2115 2309 2229 2361 ausi
2261 2317 2386 2361 sunt
2416 2306 2610 2364 faccre.
2658 2306 3014 2375 Quapmpter,
3058 2303 3360 2357 venerande
3399 2301 3576 2365 Pater,
3624 2311 3677 2356 et

2108 2398 2414 2452 doctissime
2467 2398 2664 2451 athleta
2692 2436 2707 2461 ,
2762 2405 2817 2451 et
2870 2395 3179 2451 dulcissime
3233 2394 3449 2457 doctor,
3508 2395 3677 2449 simus

2107 2502 2317 2557 semper
2345 2488 2396 2541 in
2425 2489 2615 2543 castris
2642 2487 2839 2543 Christi
2867 2485 3379 2555 commanipulares,
3409 2495 3463 2540 et
3491 2486 3543 2539 in
3570 2502 3673 2540 una

2106 2578 2250 2639 acie,
2278 2578 2377 2631 sub
2402 2578 2595 2633 vexillo
2634 2586 2833 2632 sancta:
2872 2578 3047 2632 crucis
3089 2575 3339 2630 concordi
3370 2574 3594 2629 consilio
3624 2584 3677 2629 ct

2105 2666 2302 2723 virtute
2331 2668 2670 2735 praeliantcs,
2703 2676 2761 2722 ut
2792 2684 2917 2722 suos
2946 2667 3281 2721 adversarios
3314 2681 3409 2735 per
3443 2682 3540 2721 nos
3566 2667 3678 2720 vin-

2107 2762 2224 2817 cat,
2251 2756 2343 2823 qui
2372 2757 2510 2811 vinci
2538 2774 2642 2811 non
2671 2767 2868 2828 potest.

2172 2844 2198 2884 ἀ
2224 2845 2375 2902 Nunc
2396 2848 2589 2903 iterum
2611 2851 2865 2925 antiquus
2885 2866 3105 2925 serpens
3125 2852 3189 2906 de
3209 2851 3383 2906 dumis
3405 2850 3674 2919 llispanici

2107 2934 2267 2997 ruris,
2300 2938 2453 2991 etde
2489 2939 2758 3007 speluncis
2782 2948 3057 2994 venenatre
3080 2942 3319 3009 perﬁdia
3342 2941 3633 2996 contritum
3660 2982 3671 2999 .

2108 3034 2216 3073 non
2244 3021 2493 3078 herculea
2534 3027 2627 3080 sed
2657 3028 2964 3097 evangelica
3006 3029 3156 3082 clava
3179 3069 3193 3092 ,
3238 3038 3398 3097 caput
3441 3029 3677 3084 relevare

2106 3120 2348 3174 conatur,
2394 3124 2447 3168 et
2490 3116 2762 3184 prioribus
2803 3120 3056 3187 nequitia:
3101 3120 3306 3188 poculis
3332 3135 3467 3174 nova
3516 3120 3677 3173 malc-

2109 3204 2358 3259 dictionis
2420 3206 2593 3260 toxica
2652 3207 2977 3262 inmiscere.
3035 3208 3141 3263 Sed
3194 3218 3248 3263 et
3297 3208 3679 3278 frigidissimus

452 3272 611 3326 ritate
640 3271 1003 3326 ﬁrmissimum
1030 3290 1042 3325 :
1076 3273 1237 3327 totius
1262 3273 1423 3327 animi
1447 3274 1551 3328 mei
1575 3274 1810 3328 habenas
1835 3274 1894 3327 in
1914 3274 2075 3336 las-rc
2110 3302 2190 3345 ea

1943 3276 2075 3336 3'0
2110 3294 2335 3362 o-aquilo
2347 3302 2539 3349 ventus
2558 3294 2663 3350 alio
2693 3296 2761 3350 de
2780 3295 2950 3350 latere
2977 3295 3207 3351 solidum
3222 3271 3477 3351 Ecclesiae
3500 3296 3681 3366 impel—

450 3362 625 3430 titiam
651 3362 843 3416 laxavi.
874 3362 973 3418 Ubi
1002 3362 1069 3417 de
1095 3378 1202 3417 uno
1229 3363 1552 3418 lucidissimo
1577 3370 1633 3417 et
1658 3363 2009 3418 saluberrimo

451 3451 687 3520 paradisi
727 3449 875 3507 fonte
914 3461 1145 3521 quatuor
1179 3453 1437 3509 virtutum
1478 3453 1694 3509 ﬂumina
1724 3454 1753 3526 ’(
1776 3453 1903 3509 Gen.
1933 3472 2004 3519 ιι,

450 3540 586 3610 10),
620 3557 727 3596 non
754 3538 926 3597 solum
952 3542 1200 3598 Ausoniae
1224 3526 1512 3601 fertilitatis
1525 3552 1695 3614 prata,
1727 3545 1818 3599 sed
1848 3546 2009 3600 totius

453 3630 831 3685 ecclesiasticae
857 3630 1164 3687 Latinitatis
1190 3644 1316 3693 rura
1354 3633 1578 3702 irrigare
1602 3636 1873 3704 conspexi.
1906 3635 2007 3692 Ubi

445 3727 504 3772 et
529 3718 835 3774 aurivemos
863 3704 1216 3790 spiritualium
1243 3737 1492 3796 sensuum
1512 3725 1756 3794 gurgites
1783 3727 2007 3796 gemmis

446 3807 744 3863 scolastica
768 3809 1087 3866 urbanitatis
1110 3811 1377 3867 abundare
1406 3813 1659 3868 intellexi.
1687 3814 1857 3881 Quam
1884 3815 2003 3883 plu-

446 3890 603 3953 rimis
646 3914 777 3955 vero
819 3900 1186 3973 profuturum,
1225 3910 1280 3957 et
1316 3906 1767 3972 pernecessarinm
1807 3905 2007 3960 fecistis

446 4003 586 4056 opus
610 3998 634 4027 α
664 3989 725 4043 in
746 3989 1179 4045 catholieterlidci
1198 3993 1482 4056 taxatione,
1512 3993 1652 4061 quod
1679 3992 1773 4047 diu
1793 3995 2001 4062 optavi,

445 4085 505 4131 et
532 4076 728 4146 saepius
756 4079 970 4133 domino
989 4080 1101 4150 regi
1128 4081 1305 4145 suasi,
1331 4090 1390 4134 ut
1411 4082 1709 4151 symbolum
1732 4082 2007 4137 catholica:

444 4162 572 4217 ﬁdei
605 4163 933 4232 planissimis
970 4168 1214 4221 sensibus
1254 4176 1311 4222 et
1337 4171 1672 4224 sermonibus
1698 4170 2006 4225 luculentis-

442 4250 598 4306 simis
624 4252 679 4307 in
691 4238 1629 4325 ‘unam‘eongregareturchartulam
1650 4298 1664 4322 ,
1697 4267 1753 4313 et
1778 4276 1875 4328 per
1896 4262 2006 4315 sino

442 4342 598 4421 gulas
643 4340 1024 4415 episcopalium
1062 4346 1382 4416 regiminum
1432 4349 1725 4416 parochias.
1760 4350 2005 4403 omnibus

428 4432 665 4506 paretur
699 4434 1029 4504 presbyteris
1062 4430 1284 4505 legenda
1323 4438 1698 4507 memoriaeque
1735 4455 2005 4494 commen-

442 4520 663 4586 danda;
705 4530 1001 4590 quatenus,
1039 4523 1164 4579 licet
1205 4524 1383 4596 lingua
1428 4527 1635 4582 diversa
1674 4527 1999 4597 loqueretur,

442 4624 551 4662 una
592 4617 772 4663 tamen
808 4610 955 4667 ﬁdes.
981 4614 1179 4679 ubique
1217 4623 1509 4668 resonaret.

513 4698 687 4771 Ecce!
714 4700 857 4767 quod
880 4713 997 4753 mea
1022 4701 1233 4769 optavit
1249 4702 1541 4767 humilitas,
1568 4713 1741 4758 vestra
1767 4688 2001 4773 implevit

441 4789 775 4845 sublimitas.
814 4788 985 4845 Habet
1029 4788 1167 4860 apud
1215 4789 1403 4849 salutis
1450 4800 1645 4846 nostras
1693 4803 1997 4859 auctorem,

440 4885 770 4949 perpetuam:
786 4880 991 4936 scilicet
1013 4889 1070 4936 et
1094 4880 1254 4949 huius
1277 4882 1431 4938 bona:
1470 4882 1760 4939 voluntatis
1799 4899 2001 4939 merce-

512 5016 537 5075 ξ
570 5003 712 5075 ﬁdit.
739 5005 987 5071 Quercet.
1013 5009 1101 5068 81,
1125 5008 1303 5064 Canis.
1328 5010 1419 5075 60,
1447 5010 1675 5066 Froben.
1709 5013 1761 5067 9.

514 5074 540 5112 ιι
571 5072 725 5127 Fidei
750 5085 929 5151 vestrm
966 5075 1227 5151 libellam-
1244 5079 1357 5151 Non
1389 5072 1557 5151 alium
1577 5090 1705 5151 puto
1738 5098 1896 5151 quam
1936 5085 1999 5138 il-

422 5142 576 5208 ‘Ium,
600 5157 767 5210 quem.
784 5145 966 5197 statim
994 5144 1211 5199 inferius
1229 5148 1505 5203 catholica:
1531 5142 1651 5203 ﬁdei
1678 5142 2002 5207 taxationem

438 5211 689 5281 appellat.
719 5212 836 5281 Vid.
868 5221 980 5267 not.
1010 5221 1123 5281 seq.

512 5277 542 5357 5A
561 5277 843 5357 Catholica:
870 5282 994 5357 ﬁdei
1036 5277 1317 5357 tuaatione.
1357 5286 1483 5341 Haec
1510 5286 1574 5340 de
1599 5300 1619 5336 ’ί
1650 5287 1849 5357 Regula
1875 5290 2007 5345 fidei.

439 5347 667 5428 metrico
682 5347 1015 5428 promulgata
1037 5352 1156 5421 styli
1181 5367 1457 5428 mucrone,
1476 5371 1645 5428 {quae
1665 5347 1804 5428 intver
1824 5357 1995 5428 Opera

439 5413 1044 5497 Pauli.ni..edi-t._ua'dt'is.
1059 5413 1250 5497 ,ἐξείπῃ
1270 5435 1393 5497 pag.
1434 5413 1571 5497 iss;
1584 5425 1833 5497 intelligit
1855 5413 1993 5497 idem

438 5484 524 5559 vir
549 5484 631 5538 cl-
888 5492 1075 5564 sancti
1103 5484 1312 5564 Paulini
1512 5484 1609 5564 ill,
1636 5484 1783 5551 num:
1808 5496 1861 5550 4.
1890 5496 1994 5553 Sed

438 5553 655 5633 aetnaea
684 5553 814 5633 illud
840 5554 1097 5633 Qicuinus
1116 5560 1209 5633 vi;
1237 5560 1369 5614 tanti
1413 5553 1653 5633 fecerit;
1669 5573 1729 5618 ut
1755 5579 1853 5633 per
1886 5566 1995 5620 sin-

438 5620 591 5704 gulas
613 5620 1335 5704 episcopalium_regiminum
1351 5620 1639 5704 parechias
1657 5620 1878 5704 singulis
1900 5636 1995 5690 da-

439 5695 590 5769 retur
616 5692 954 5769 presbyteris
972 5692 1302 5769 _leg_éndum,
1336 5692 1709 5769 memoriaeque
1738 5692 1994 5760 mandan—

433 5756 583 5843 dein.
616 5756 727 5843 Ego
752 5756 891 5817 hanc
918 5756 1422 5843 fidej'taxatiojem,
1444 5756 1717 5843 totiusque
1755 5756 1990 5843 Symboli

380 5846 391 5854 -
436 5827 860 5897 explanationem
889 5830 1030 5887 aliud
1058 5836 1225 5888 sancti
1257 5827 1457 5889 Paulini
1474 5827 1775 5906 opus-csse
1794 5827 1989 5897 'existi;

2110 3381 2225 3437 lens
2256 3384 2703 3452 parietem,-sacri
2728 3386 3067 3455 baptismatis
3093 3385 3383 3476 catholica;
3396 3396 3681 3441 consuetu—

2108 3471 2248 3527 dinis
2276 3472 2514 3541 regulam
2541 3474 2827 3529 immutare
2854 3474 3083 3539 nitens,
3112 3482 3168 3529 et
3208 3477 3308 3530 sub
3346 3471 3680 3531 invocatione

2106 3567 2306 3616 sanctae
2332 3560 2611 3617 Trinitatis
2635 3562 2655 3602 τ
2687 3578 2851 3618 unam
2878 3573 3182 3619 asserentes
3208 3564 3531 3619 mersionem
3560 3564 3675 3618 ﬁeri

2108 3649 2322 3712 debere,
2357 3650 2767 3720 triduanamque
2800 3653 2978 3707 nostri
3015 3652 3312 3707 Salvatoris
3346 3652 3671 3733 sepulturam

2106 3738 2164 3792 in
2190 3739 2457 3806 baptismo
2497 3742 2699 3796 imitari
2741 3733 3101 3813 negligentes,
3135 3758 3256 3798 cum
3284 3744 3571 3813 Apostolus
3596 3745 3678 3799 di-

2106 3836 2251 3882 ceret
2271 3827 2616 3899 :Cons‘epulti
2646 3833 2781 3886 enim
2808 3834 2929 3887 estis
2956 3850 3073 3887 cum
3103 3834 3310 3887 Christo
3340 3835 3394 3887 in
3423 3835 3675 3904 baptismo

2107 3916 2283 3987 (Rom.
2312 3935 2386 3985 vi,
2415 3920 2487 3985 4;
2529 3918 2728 3975 Colon.
2760 3938 2819 3985 ιι,
2852 3924 2961 3992 12).
2986 3922 3089 3976 Alii
3117 3938 3245 3978 vero
3270 3924 3465 3976 trinam
3496 3922 3676 3979 volet»

2105 4014 2187 4061 tes
2220 4005 2394 4062 facere
2422 4010 2742 4075 mersionem
2784 4019 2840 4066 et
2864 4012 2918 4065 in
2945 4027 3265 4082 unaquaque
3303 4015 3568 4071 mersione
3594 4018 3672 4069 in-

2105 4099 2437 4153 vocationem
2467 4109 2667 4156 sanctte
2694 4101 2974 4157 Trinitatis
2999 4118 3012 4156 :
3054 4119 3118 4157 ac
3146 4120 3242 4173 per
3269 4104 3371 4159 hoc
3397 4113 3538 4159 totas
3566 4115 3676 4160 tres

2103 4204 2360 4259 personas
2400 4202 2483 4248 ter
2517 4195 2795 4250 nominare
2831 4198 3122 4264 studentes,
3156 4198 3281 4252 dum
3311 4198 3426 4267 ipsa
3464 4196 3675 4252 Veritas

2102 4280 2414 4349 prmciperet
2440 4297 2453 4334 :
2495 4282 2597 4349 Ite,
2626 4284 2803 4339 docete
2826 4302 3001 4340 omnes
3027 4298 3225 4357 gentes,
3246 4287 3565 4357 baptizatus:
3588 4301 3675 4341 eos

2102 4369 2159 4421 in
2187 4371 2392 4424 nomine
2432 4370 2609 4426 Patris
2648 4384 2697 4427 et
2727 4374 2856 4428 Filii
2894 4386 2941 4429 et
2980 4377 3208 4445 Spiritus
3246 4381 3413 4432 sancti
3439 4379 3457 4450 (
3483 4379 3670 4434 Matth.

2104 4471 2293 4520 xxvm,
2320 4459 2428 4529 19).
2460 4459 2596 4526 Quid
2618 4476 2755 4529 opus
2777 4470 2870 4518 est.
2886 4465 3046 4521 tertio
3076 4467 3368 4535 replicare,
3414 4470 3557 4538 quod
3583 4485 3669 4524 εε-

2104 4546 2209 4599 mel
2231 4546 2431 4601 dictum
2462 4548 2698 4605 sufﬁcit?
2844 4562 2854 4568 ‘

2033 4609 2079 4665 ί)
2172 4634 2268 4687 Est
2292 4650 2506 4705 quoque
2545 4639 2598 4693 in
2626 4642 2943 4708 quibusdam
2986 4643 3228 4699 elancula
3267 4646 3567 4701 dubitatio:
3603 4662 3668 4700 an

2100 4722 2291 4776 anima:
2313 4734 2620 4781 sanctorum
2644 4731 3007 4796 apostolorum
3022 4740 3078 4786 et
3092 4743 3405 4803 martyrum,
3422 4735 3670 4789 aliorum-

2099 4822 2202 4876 que
2230 4809 2586 4878 periectorum
2627 4823 2751 4870 ante
2792 4817 2933 4872 diem
2956 4819 3143 4887 judicii
3178 4822 3230 4875 in
3269 4823 3485 4878 cmleste
3528 4825 3665 4879 reci-

2098 4897 2313 4964 piantur
2334 4915 2555 4968 regnum
2588 4905 2632 4954 Β.
2662 4903 2757 4959 llis
2778 4912 2833 4961 et
2857 4906 3161 4975 huiusmodi
3188 4912 3426 4979 spiculis,
3454 4913 3519 4968 de
3533 4913 3666 4981 pha-

2090 5042 2207 5175 Τῇ
3079 5116 3198 5175 post
3222 5109 3416 5167 Felicis
3442 5126 3663 5165 conver-

2084 5162 2327 5251 ’έῖῖρξιρῖξιῖ
2344 5162 2946 5251 ὒςτιίηθείθιὲλξτεὲβὲο
2978 5162 3208 5251 νίξίὲιυνε
3225 5162 3663 5251 Isti-Hmidas

2096 5234 2407 5369 epistgnsg
2437 5250 2633 5360 Ἔλιξ
2659 5234 2930 5361 81(1):)5Vid.
2962 5247 3119 5337 epist.
3154 5248 3289 5329 105..
3414 5234 3444 5329 ς
3519 5234 3561 5251 ⁹⁷

2124 5368 2136 5380 -
2261 5371 2273 5382 .
2333 5371 2346 5382 -
2447 5374 2476 5382 ν.
2624 5346 2645 5382 :
2706 5315 3195 5382 ‘390nlrmersia,
3244 5318 3309 5376 de
3339 5333 3491 5370 unica
3523 5334 3659 5372 mer-

2093 5371 2243 5459 sione
2252 5371 2315 5459 in
2332 5371 2599 5459 baptismo
2617 5376 2877 5459 facienda,
2895 5371 3194 5459 agitabatur
3214 5371 3317 5459 non
3338 5387 3660 5459 :tpttzlthui-

2094 5438 2304 5524 lonares
2332 5438 2421 5524 seu
2455 5438 2907 5524 Septentrionalcs
2926 5438 3165 5524 populos,
3187 5438 3278 5524 sed
3305 5438 3445 5521 τιρῖιᾶ
3466 5438 3658 5524 Hispa-

2092 5523 2191 5592 nos
2208 5512 2321 5578 jam
2360 5518 2599 5592 tempore
2624 5512 2851 5592 Leandri
2880 5512 2941 5570 et
2960 5512 3203 5592 Gregorii
3228 5522 3269 5575 L
3300 5512 3549 5592 Figurata
3565 5512 3657 5580 'cst

2093 5577 2578 5701 igiitiucglexgrissio,
2611 5596 2716 5651 qua
2758 5584 2985 5638 alterum
3032 5577 3392 5659 Hispanorum
3415 5577 3654 5649 errorem

2094 5663 2145 5700 tn
2296 5685 2309 5697 .
2392 5664 2420 5700 Α
2455 5664 2572 5701 κιο.
2975 5687 2979 5691 -

2094 5663 2309 5700 tumeat.
2348 5663 2572 5703 BASNAC.

2758 5720 2894 5777 Vide
2911 5687 3069 5793 epist.
3093 5726 3161 5780 90
3186 5729 3252 5783 ad
3272 5729 3649 5798 Lugdunenses

2163 5851 2200 5889 ⁸
2223 5851 2292 5905 De
2318 5853 2416 5906 hoc
2449 5870 2630 5910 errore
2653 5860 2902 5913 nonnulla
2938 5862 3205 5932 tetigimus
3232 5867 3283 5919 in
3310 5866 3645 5925 I‘racfalione.‘
