4400 6456
751 469 847 526 35!

1671 459 1729 514 Β.
1763 460 1822 514 F.
1866 458 2089 513 ALBINI
2129 454 2259 510 εει]
2302 449 2578 506 Διυυιδι
2618 446 2894 505 OPERUM
2927 442 3106 500 PARS
3142 441 3182 494 l.

3890 425 4004 482 553

753 581 858 634 Nos
885 591 1015 632 vero
1044 574 1222 648 cordis
1247 573 1392 627 illius
1422 583 1626 626 secreta
1658 570 1958 624 nescientes
1989 566 2324 623 occultorum
2355 564 2397 621 Δ
2429 560 2690 630 scyphum
2710 600 2723 620 ,
2757 557 2810 610 in
2835 571 2942 624 quo
2971 553 3124 623 panis
3151 550 3394 618 cingatur
3421 543 3622 616 [rm-cc,
3655 536 3914 609 tingatur]
3951 539 4003 590 En

744 669 913 736 judiei
959 681 1177 721 causam
1223 661 1564 726 dimisimus,
1615 661 1806 714 dantes
1853 649 1975 713 eum
2008 669 2033 697 ι
2061 653 2330 710 Laidrado

752 761 1023 827 episeopo,
1063 755 1380 812 charissimo
1417 761 1600 806 nostro
1637 750 1765 815 filio,
1807 760 1865 804 ut
1903 764 2084 804 secum
2124 754 2331 800 teneret

695 863 704 868 ‘
753 866 907 913 eum,
950 858 1006 904 et
1033 848 1286 917 probaret
1321 846 1366 899 si
1395 861 1581 898 verum
1609 852 1754 898 esset
1782 841 1925 912 quod
1958 855 2016 894 se
2046 839 2120 892 ait
2157 837 2331 892 credi-

754 945 933 1007 disse;
972 949 1026 994 et
1051 940 1080 980 δ
1102 940 1148 994 si
1186 953 1283 1008 per
1316 935 1571 1005 epistolas
1616 922 1745 988 suas
1785 933 2043 987 damnare
2077 927 2330 982 voluisset

754 1032 1046 1101 pristinum
1085 1043 1242 1083 suum
1269 1041 1542 1087 errorem,
1586 1037 1745 1092 quem
1788 1031 1942 1082 antea
1985 1017 2329 1089 pertinaciter

754 1123 1083 1196 pradieavit.
1115 1120 1525 1176 Consideratum
1553 1124 1708 1170 antea
1740 1112 1928 1168 habuit
1955 1112 2186 1165 domnus
2215 1122 2332 1166 rex,

757 1224 816 1270 ut
856 1214 1005 1270 illum
1043 1212 1341 1267 destinaret
1365 1219 1388 1246 ο
1418 1204 1627 1260 Riculfo
1665 1202 2068 1272 archiepiscopo
2113 1199 2178 1252 ad
2223 1212 2336 1252 ser-

757 1305 989 1360 vandum
1014 1311 1071 1357 et
1098 1299 1509 1369 castigandum;
1543 1305 1598 1351 et
1624 1296 1999 1366 presbyterum
2028 1305 2216 1352 suum,
2245 1289 2336 1357 qui

757 1392 908 1463 pejor
938 1391 1039 1446 fuit
1067 1389 1345 1460 magistro,
1376 1386 1473 1440 tibi
1500 1393 1710 1453 tumque
1737 1381 2107 1452 providentim,
2137 1379 2342 1434 dictum‘

757 1479 1224 1554 est,.dirigendum
1250 1492 1370 1533 esse
1393 1495 1405 1529 :
1439 1473 1547 1530 Sed
1572 1475 1698 1529 dum
1725 1488 2014 1528 conversos
2036 1471 2186 1542 [Ms.,
2214 1485 2340 1524 con-

758 1569 969 1642 versus]
997 1569 1063 1623 ad
1087 1567 1245 1623 ﬁdem
1275 1565 1592 1621 catholicam
1622 1577 1679 1617 se
1708 1577 1828 1617 esse
1856 1561 2180 1622 fatebantur,
2215 1568 2340 1612 tunc

757 1662 866 1717 dati
899 1670 1024 1715 sunt
1046 1658 1303 1728 praedicto
1333 1655 1487 1709 fratri
1527 1664 1712 1709 nostro
1741 1653 1805 1707 ad
1838 1651 2170 1721 probandos,
2214 1650 2341 1719 quid

759 1752 1006 1807 veritatis
1046 1757 1219 1811 esset;
1267 1735 1321 1802 et
1363 1745 1452 1800 ille
1481 1741 1825 1817 [Laidradus]
1855 1757 1974 1795 cum
2002 1740 2024 1778 ἀ
2056 1740 2342 1794 abbatibus

760 1841 1067 1904 Benedicto,
1082 1837 1309 1892 Nifridio
1333 1835 1533 1890 missus
1556 1841 1640 1887 est
1660 1832 1714 1887 in
1743 1830 1863 1885 illas
1888 1838 2071 1900 partes
2097 1826 2340 1882 occiden-

2434 666 2616 704 mensa
2637 691 2651 714 ,
2695 659 2752 703 ut
2791 649 2872 702 ha:
2911 643 3114 716 species
3139 656 3232 712 per
3258 636 3460 708 singula
3490 636 3602 689 loca
3633 633 3735 686 mei
3766 630 4006 685 nominis

2434 740 2746 794 memoriam
2773 734 3156 807 perpetualiter
3181 739 3285 784 tua:
3311 730 3555 798 ingeram
3580 721 3872 778 sanctitati.

2897 863 2922 900 ⁸
2947 855 3278 914 EPISTOLA
3316 851 3540 910 CXVIII.

3039 986 3106 1023 ΑΙ)
3153 981 3404 1029 Λουιιλιι.

2981 1080 3159 1157 (Anno
3209 1074 3459 1144 incerto.)

2439 1195 2754 1247 Charitatem
2776 1206 2925 1246 suam
2941 1190 3158 1251 Antoni,
3177 1202 3327 1257 quem
3347 1184 3514 1255 ﬁlium
3539 1191 3700 1244 rocat,
3723 1178 4005 1250 signiﬁcat.

2856 1270 2903 1313 et
2929 1260 3120 1329 optima
3137 1271 3350 1328 quaeque
3376 1261 3602 1324 exoptat.

2513 1393 2874 1450 Dilectissimo
2902 1389 3014 1444 lilio
3039 1387 3244 1457 Aquila:
3272 1383 3496 1440 Albinus
3522 1381 3769 1438 salutent.

2515 1484 2639 1543 Scio
2680 1492 2731 1537 te
2768 1481 2982 1535 Patrem
3017 1491 3136 1534 esse
3172 1475 3429 1548 dignitate
3468 1481 3522 1526 et
3562 1469 3786 1533 meritis,
3823 1467 3917 1522 sed
3944 1480 4008 1521 ex

2443 1574 2725 1632 charitatis
2753 1568 3031 1626 dulcedine
3069 1582 3263 1623 nomen
3293 1563 3534 1637 [Supple,
3564 1558 3678 1631 filii]
3712 1560 3802 1612 tibi
3833 1558 4012 1626 impo-

2446 1659 2551 1730 sui,
2577 1664 2702 1732 quia
2745 1660 2880 1716 nihil
2908 1660 3066 1714 debet
3091 1655 3230 1727 patri
3257 1653 3475 1710 cbarius
3501 1665 3620 1706 esse
3647 1662 3807 1718 quam
3835 1645 4014 1707 illius;

2447 1755 2679 1810 maxime
2703 1756 2828 1808 dum
2854 1751 2997 1805 illius
3036 1748 3180 1803 omni
3203 1747 3441 1802 bonitate
3472 1752 3526 1798 et
3550 1739 3806 1813 dignitate
3834 1735 4015 1793 excel-

2451 1846 2645 1901 lentior
2670 1851 2753 1898 est
2786 1849 2960 1911 patre.
2991 1838 3382 1908 lngredientem
3407 1844 3459 1889 et
3493 1825 4017 1904 egredientem,vigi-

761 1932 897 1987 tales
916 1931 984 1985 ad
1003 1927 1393 1999 extinguendas
1411 1934 1464 1980 et
1483 1922 1820 1978 evacuandas
1841 1918 1997 1988 hujus
2015 1918 2347 1989 pravissimaa
2379 1903 2422 1961 Β
2451 1937 2651 1990 hunc,“
2675 1975 2690 2000 ,
2738 1903 3092 1988 (ιόηηίεηιειξι
3143 1940 3354 1995 semper
3405 1932 3459 1979 ιε
3504 1903 3744 1990 δεραίων
3791 1915 4022 1974 dulcedo

760 2021 1078 2078 assertionis
1108 2017 1483 2079 infidelitates;
1525 2028 1662 2083 quos
1689 2021 1876 2066 nostra
1907 2008 2146 2080 parvitas
2179 2021 2348 2076 quan-

762 2123 877 2174 tum
903 2113 1078 2183 potuit
1102 2123 1124 2150 ε
1145 2110 1360 2179 scriptis
1384 2105 1766 2161 ecclesiasticis
1787 2101 2091 2170 adjuvabat,
2115 2098 2350 2152 maxime

761 2221 828 2261 eo
856 2203 1034 2258 libello
1061 2216 1219 2272 quem
1246 2212 1418 2267 nuper
1439 2196 1704 2251 edidimus
1729 2203 1916 2248 contra
1943 2189 2181 2245 libellum
2209 2187 2351 2242 illius

767 2299 981 2362 Felicis,
1011 2296 1031 2334 τ
1057 2309 1216 2366 quem
1241 2293 1424 2362 priore
1448 2304 1590 2343 anno
1615 2287 1774 2341 nobis
1797 2283 2012 2339 direxit.

839 2392 1072 2444 Tantum
1096 2386 1225 2442 mihi
1251 2402 1282 2439 a
1301 2383 1543 2439 Candido
1564 2395 1684 2435 meo
1709 2379 1922 2432 laudata
1945 2384 2026 2430 est
2048 2374 2350 2429 sanctitatis

767 2493 960 2538 vestra:
985 2477 1344 2540 conversatio,
1369 2483 1423 2529 et
1451 2475 1618 2528 totius
1641 2469 1901 2526 bonitatis
1931 2466 2165 2522 studiosa
2193 2467 2353 2520 devo-

769 2577 862 2632 tio.
895 2582 950 2628 et
971 2569 1350 2627 ecclesiasticae
1376 2552 1714 2621 auctoritatis
1743 2569 1929 2616 sancta
1947 2557 2271 2622 sollicitudo,
2295 2555 2354 2610 ut

769 2665 1086 2722 erubescam
1114 2675 1250 2732 pene
1278 2674 1409 2714 mea:
1433 2655 1684 2727 pigritiae.

844 2755 1136 2812 Litterulas
1173 2752 1383 2821 aliquas
1423 2745 1835 2812 admonitionis,
1880 2750 2074 2797 vestras
2117 2739 2358 2794 scribere

768 2848 1090 2906 Veneranda:
1106 2844 1415 2899 auctoritati
1441 2840 1791 2896 temerarium
1811 2837 1959 2901 duxi,
1975 2834 2076 2890 nisi
2100 2834 2354 2902 legerem,
2379 2844 2381 2846 ·

773 2943 931 2996 beato
959 2938 1285 3007 Hieronymo
1312 2935 1560 2988 dicente:
1598 2933 1799 2984 Aurum
1836 2929 1888 2982 in
1926 2924 2250 2996 sterquilinio
2277 2923 2357 2975 in—

774 3041 980 3087 uentum
1019 3027 1345 3082 laudandum
1383 3042 1512 3087 esse,
1549 3034 1597 3077 et
1633 3024 1876 3077 thesauro
1906 3021 2180 3073 Dominico
2215 3019 2356 3072 iuse-

777 3121 1016 3175 rendunt.
1067 3118 1200 3172 Nam
1247 3119 1435 3170 beatus
1473 3113 1742 3184 apostolus
1791 3111 1987 3166 Paulus
2026 3102 2226 3163 aurum
2274 3124 2360 3160 sa-

776 3209 990 3278 pientia:
1029 3209 1082 3261 in
1119 3215 1357 3260 stercore
1398 3215 1682 3274 poetarum
1727 3203 2003 3256 inventum
2047 3203 2102 3254 in
2143 3199 2357 3253 divitias

778 3298 1157 3356 ecclesiasticas
1185 3297 1462 3350 transtulit
1490 3295 1819 3365 prudentiae;
1858 3296 1998 3348 sicut
2019 3306 2210 3346 omnes
2237 3308 2361 3344 san-

776 3392 853 3446 cti
876 3391 1126 3445 doctores
1147 3387 1262 3455 ejus
1284 3385 1529 3454 exemplo
1551 3385 1747 3440 eruditi
1785 3383 2044 3440 fecerunt.
2078 3382 2213 3437 Nam
2242 3398 2361 3436 rosa

780 3484 924 3536 inter
948 3479 1129 3550 spinas
1169 3488 1291 3533 nata
1326 3478 1447 3532 miri
1475 3476 1660 3532 odoris
1697 3485 1755 3530 et
1790 3477 1989 3531 coloris
2027 3475 2366 3543 incompara-

781 3569 904 3624 bilis
928 3570 1154 3640 gratiam
1179 3569 1378 3622 habere
1405 3566 1773 3637 dignoscitur:
1806 3565 1876 3620 ita
1901 3562 2077 3632 pietas
2101 3570 2190 3617 tua
2222 3576 2367 3616 meas

784 3663 990 3718 litteras
1017 3661 1184 3731 legat,
1214 3661 1357 3714 sicut
1385 3674 1558 3713 rosam
1583 3658 1650 3712 de
1677 3658 1870 3727 spinis,
1901 3666 1980 3720 ut,
2012 3656 2057 3711 si
2085 3655 2214 3724 quid
2240 3652 2366 3708 boni

783 3752 967 3806 odoris
1008 3751 1061 3804 in
1107 3751 1185 3803 eis
1231 3749 1503 3807 invenias,
1551 3747 1790 3818 largitori
1833 3747 2072 3801 omnium
2105 3749 2367 3799 bonorum

789 3843 974 3914 gratia:
1013 3850 1258 3912 agantur,
1309 3841 1398 3910 qui
1447 3827 1636 3910 potens
1684 3847 1767 3893 est
1813 3838 1879 3895 de
1924 3838 2142 3909 pulvere
2191 3853 2367 3891 rosam

784 3948 974 4002 creare
993 3973 1007 3998 ,
1043 3941 1098 3987 et
1124 3930 1191 3987 de
1218 3940 1455 3986 stercore
1483 3931 1692 4000 erigere
1721 3945 2038 3999 pauperem,
2082 3928 2368 3983 ut.solium

789 4025 972 4094 gloria:
1003 4029 1200 4083 teneat,
1229 4029 1282 4074 et
1311 4022 1492 4074 sedeat
1519 4035 1642 4074 cum
1668 4020 2000 4089 principibus
2023 4019 2201 4088 populi
2231 4018 2333 4071 sui.

861 4112 978 4168 Misi
1001 4112 1251 4166 eharitati
1279 4121 1382 4166 tuze
1405 4111 1505 4165 tria
1532 4108 1869 4174 munuscula,
1896 4107 2206 4176 tentorium,
2229 4107 2373 4177 quod

795 4203 1158 4260 venerandum
1186 4212 1350 4273 caput
1375 4213 1526 4257 tuum
1549 4201 1801 4258 defendat
1827 4203 1896 4256 ab
1925 4200 2218 4263 imbribus;
2253 4200 2372 4254 misi

790 4304 848 4350 et
888 4294 1179 4366 sagellum,
1223 4303 1557 4364 quopectus
1583 4309 1799 4347 sacrum
1829 4290 2106 4353 foveatur;
2157 4290 2277 4344 misi
2321 4301 2373 4343 et

869 4479 895 4508 ι
923 4465 1188 4548 [irrideat-io
1234 4469 1492 4548 episcopo.
1534 4467 1907 4548 _Lu.gd_u-i.icusi2
1951 4467 2040 4534 qui
2090 4467 2190 4546 hoc
2233 4482 2374 4521 anno

796 4552 923 4595 cum
947 4535 1183 4592 Nefn‘dio
1211 4535 1271 4593 et
1293 4535 1582 4592 Benedicto
1612 4535 1665 4591 in
1689 4536 2001 4605 Hispaniam
2041 4536 2239 4590 missus
2270 4545 2370 4596 est,

797 4610 867 4664 ad
919 4607 1140 4663 haeresis
1185 4607 1548 4678 impietatem,
1602 4623 1632 4661 a
1674 4606 1851 4662 Felice
1900 4615 1952 4660 et
1997 4605 2258 4674 Elipamlo
2305 4607 2376 4660 ibi

799 4693 1044 4747 sparsam
1067 4676 1279 4747 penitus
1309 4676 1659 4742 abolendam;
1689 4679 1831 4748 quod
1857 4677 2117 4732 Alcuinus
2141 4678 2228 4730 iiic
2257 4693 2380 4731 eon-

802 4748 1000 4807 ﬁrmat.
1029 4757 1083 4802 et
1110 4764 1206 4803 nos
1232 4748 1358 4802 alibi
1382 4748 1786 4802 elucidavimus.

875 4819 902 4857 δ
944 4819 1003 4874 Si
1046 4835 1137 4887 per
1184 4817 1427 4888 epistolas
1475 4835 1599 4872 suas
1647 4818 1902 4872 damnare
1947 4815 2223 4880 voluisset,
2274 4827 2378 4872 etc.

806 4886 1054 4958 Nondum
1079 4886 1377 4958 ergo'Felix
1394 4888 1795 4958 confessionem
1828 4902 1980 4940 suam
2006 4904 2166 4954 quam
2198 4901 2411 4957 poStea,

804 4957 871 5010 ad
910 4956 1111 5010 elerum
1149 4956 1204 5012 et
1247 4957 1500 5027 populum
1533 4957 1920 5027 Urgellitanum
1957 4958 2121 5017 misit,
2172 4956 2225 5010 in
2256 4974 2383 5010 con-

803 5027 929 5081 cilio
949 5026 1392 5097 aquisgranensi,
1423 5027 1514 5080 sed
1545 5028 1719 5083 serius
1748 5026 1933 5082 edidit.

878 5107 900 5133 ε
935 5095 1143 5164 Riculfo
1173 5098 1559 5168 archiepiscopo
1589 5097 1918 5168 moguntino.
1961 5096 2040 5151 Ad
2070 5096 2216 5168 illum
2232 5096 2386 5168 binm

805 5173 1023 5247 exstant
1063 5167 1305 5235 epistola:
1357 5169 1411 5221 in
1452 5169 1573 5223 cod.
1630 5167 1938 5232 Harleiano,
1982 5180 2117 5238 quas
2162 5167 2387 5222 inferius

809 5237 1146 5290 exhibemus.

881 5285 1391 5387 ἱιξὲξιξῖξιιυαιξῡμ
1412 5285 2053 5387 .’Βειιεάςςςρ,ηῇ’ἱ[νὶάὶίζ.
2104 5307 2185 5362 Ad
2245 5308 2388 5387 ipsos

811 5383 866 5429 et
907 5373 1230 5431 Laidradum
1274 5376 1532 5431 Alcuinus
1576 5375 1721 5431 misit
1768 5373 1933 5431 libros
1973 5377 2231 5432 adversus
2265 5373 2387 5431 Eli-

867 5446 1078 5527 indum;
1113 5446 1421 5527 ubiut'i‘deas
1460 5445 1742 5527 epistolam
1766 5445 1888 5527 illis
1913 5446 2064 5527 libris
2090 5447 2387 5527 praefixam.

839 5514 1004 5596 liram
1045 5514 1673 5598 vero-‘Nifridittnt,_qui.
1701 5514 1804 5598 fuit
1849 5514 2133 5598 episcopus
2180 5517 2387 5598 Narbo—

817 5585 1019 5648 nensis,
1058 5586 1146 5641 hic
1172 5585 1460 5640 Benedicto
1496 5585 1675 5640 abbati
1703 5586 2000 5642 Anianeusi
2037 5596 2157 5658 post
2233 5586 2308 5650 ni,
2339 5596 2393 5640 et

817 5652 1066 5709 abbatem
1089 5655 1396 5711 nominari?
1439 5654 1564 5709 Fuit
1610 5653 1656 5709 is
1681 5664 1861 5709 tamen
1888 5656 2054 5711 etiam
2082 5602 2251 5712 θῦε-25
2292 5655 2393 5710 [τι--

817 5672 1066 5709 aunatem
1089 5672 1354 5711 nominari
1375 5672 1395 5708 ι
1439 5672 1564 5709 ruit
1610 5672 1656 5709 IS
1681 5672 1861 5709 tamen
1888 5672 2054 5711 etiam
2082 5672 2251 5712 annos
2295 5672 2393 5710 u-

817 5723 1090 5813 bique-usis
1119 5726 1626 5813 tuona'steriiibeatie
1653 5725 1889 5813 Virginis
1919 5727 1982 5779 de
2007 5724 2201 5813 (ξηιεεςι
2237 5742 2394 5798 vulgo

1248 5797 1362 5850 ιἐςι.
1421 5796 1618 5849 .‘lnbill.
1671 5796 1791 5850 libr.
1842 5813 1984 5850 xm:
2019 5798 2209 5853 Annal.
2242 5796 2387 5852 num.

859 5902 866 5912 ι
893 5904 903 5921 ,
979 5902 988 5916 .
1013 5883 1024 5899 '
1050 5907 1058 5916 .
1135 5890 1146 5917 ι
1190 5904 1209 5924 το

2448 2033 2686 2094 paternae
2724 2019 3056 2084 dilectionis;
3103 2031 3262 2087 quem
3298 2015 3502 2068 utinam
3530 2011 3726 2064 habeas
3753 2009 3808 2063 in
3835 2021 3934 2063 ore
3968 2014 4023 2061 et

2449 2117 2632 2178 corde,
2679 2114 2735 2167 in
2774 2110 2952 2183 oﬂieio
2993 2108 3179 2163 altaris
3221 2105 3413 2168 sancti,
3457 2104 3511 2157 in
3538 2099 3789 2172 lacrymis
3827 2095 3854 2139 δ
3897 2105 4024 2151 ante

2449 2205 2611 2275 pedes
2645 2211 2961 2259 sanctorum
2997 2197 3361 2269 apostolorum
3402 2211 3416 2248 :
3461 2194 3568 2247 imo
3597 2190 3901 2257 ubicunque
3925 2201 4020 2240 va-

2450 2295 2547 2352 das
2575 2304 2748 2350 tecum
2779 2301 2887 2357 eat,
2914 2300 3091 2346 tecum
3117 2299 3315 2344 :eterna
3349 2294 3562 2339 maneat
3586 2281 3866 2346 memoria,
3899 2281 4023 2350 quia

2454 2398 2506 2440 te
2545 2393 2762 2440 euntem
2795 2391 2850 2436 et
2893 2380 3201 2436 redeuntem
3249 2377 3390 2431 illius
3439 2389 3651 2442 semper
3680 2371 4028 2440 consequitur

2453 2475 2732 2532 charitatis
2767 2470 3013 2527 aﬂ‘ectus.

2526 2585 2678 2640 Scias
2702 2583 3002 2638 certissime
3026 2583 3166 2649 quod
3197 2593 3296 2633 nec
3319 2577 3397 2632 sic
3433 2575 3590 2629 anxia
3632 2571 4027 2642 peregrinantis

2457 2686 2630 2731 mater
2661 2675 2755 2728 filii
2791 2681 2997 2743 spectat
3021 2671 3328 2732 adventum,
3355 2677 3557 2736 quanto
3587 2666 3691 2719 mei
3729 2664 3910 2719 cordis
3942 2680 4029 2719 ar-

2456 2766 2770 2820 dentissima
2796 2763 3044 2818 voluntas
3068 2770 3174 2814 tua:
3211 2758 3364 2814 faciei
3390 2754 3733 2827 praestolatur
3755 2751 4025 2807 affectum.

2458 2857 2634 2913 Pauca
2663 2854 2858 2924 scripsi
2898 2851 3040 2907 unde
3088 2861 3141 2905 tu
3175 2849 3406 2920 plurima
3435 2846 3597 2910 nosti,
3637 2854 3694 2901 et
3719 2843 3912 2898 melius
3949 2843 4030 2896 in-

2459 2947 2654 3016 telligis
2698 2944 2826 3015 quid
2871 2943 2983 2998 Deo
3023 2943 3230 3012 placeat
3277 2937 3568 2994 secundum
3619 2935 4031 2992 aestimationem

2460 3042 2706 3094 humanae
2747 3034 3087 3103 conjectum.
3139 3032 3235 3086 Det
3277 3031 3372 3085 tibi
3396 3029 3538 3085 Dens
3573 3029 3629 3082 in
3653 3027 3813 3083 corde
3850 3028 4031 3083 consi-

2462 3131 2612 3193 lium,
2666 3129 2720 3181 in
2767 3141 2862 3181 ore
2899 3124 3167 3185 fiduciam,
3218 3121 3270 3176 in
3314 3135 3477 3190 opere
3521 3116 3932 3188 perfectionem;
3977 3126 4034 3170 ut

2389 3246 2433 3306 ρ
2461 3221 2697 3290 undique
2725 3218 2939 3288 placeas
2977 3216 3027 3270 ei
3063 3215 3160 3284 qui
3185 3221 3240 3268 te
3278 3212 3345 3267 de
3369 3207 3607 3266 stercore
3641 3207 3814 3261 erexit
3847 3213 3904 3260 et
3942 3220 4033 3276 po-

2466 3311 2570 3365 suit
2599 3311 2740 3363 inter
2762 3307 3037 3377 principes
3063 3303 3241 3374 populi
3269 3302 3382 3365 sui;
3414 3301 3530 3355 sine
3555 3314 3662 3368 quo
3689 3297 3822 3351 nihil
3851 3299 4037 3367 p‘ossno

2467 3417 2585 3454 mus
2611 3399 2734 3454 boni
2770 3411 2968 3468 agere;
3013 3396 3066 3470 in
3097 3408 3203 3463 quo
3229 3392 3409 3448 omnia
3438 3397 3615 3458 potest
3642 3387 3732 3457 qui
3774 3387 3829 3440 in
3856 3385 3960 3440 ﬁde
3985 3397 4040 3448 et

2466 3492 2730 3546 cbaritate
2755 3489 2936 3544 omnia
2962 3502 3060 3556 pro
3091 3485 3207 3554 ejus
3235 3483 3450 3539 nomine
3474 3494 3632 3553 agere
3660 3477 3742 3534 vel
3763 3478 3910 3548 loqui
3932 3476 4064 3533 dis-.

2450 3585 2618 3654 .ponit
2655 3595 2988 3652 quacunque
3031 3577 3234 3648 agenda
3268 3585 3426 3638 sunt;
3466 3564 3618 3642 eujus
3653 3571 3892 3628 cbaritas
3923 3580 4043 3640 per-

2465 3675 2644 3745 petuis
2668 3673 2846 3726 luceat
2870 3670 3101 3724 ﬂammis
3125 3669 3179 3722 in
3202 3666 3365 3723 corde
3390 3675 3502 3729 tuo,
3525 3673 3580 3720 et
3603 3677 3790 3719 omnes
3819 3671 4043 3716 terreno

2470 3763 2778 3834 cupiditatis
2805 3761 3048 3816 flammas
3073 3760 3368 3826 extinguat,
3400 3765 3459 3810 ut
3486 3754 3632 3810 solus
3659 3754 3799 3808 Deus
3836 3764 4043 3821 semper

2470 3859 2540 3910 sit
2563 3856 2618 3910 in
2645 3869 2760 3919 ore,
2794 3853 2976 3915 corde,
2998 3859 3054 3906 et
3076 3845 3240 3920 opere
3258 3845 3541 3902 cbaritatis
3571 3854 3696 3908 tua,
3717 3844 3772 3897 in
3795 3856 3904 3910 quo
3933 3842 4040 3894 lon—

2472 3963 2618 4018 gasva
2653 3944 3014 4015 prosperitate
3050 3941 3296 4006 feliciter,
3322 3945 3470 4010 opto,
3515 3935 3680 4000 vivas,
3719 3932 3795 3988 fili
3843 3932 4043 3987 charis-

2473 4037 2608 4091 sime
2632 4038 2644 4088 !

2555 4486 2578 4512 ο
2605 4472 2826 4542 Scriptis
2852 4469 3231 4542 ecclesiasticis.
3260 4467 3390 4536 Quae
3412 4464 3672 4542 Alcuiqns
3690 4468 3975 4542 enumerat
3999 4461 4054 4516 in

2483 4546 2652 4601 altera
2670 4531 2896 4612 epistola
2919 4540 2986 4596 ad
3008 4537 3252 4612 eosdem;
3274 4531 3331 4612 et
3351 4546 3506 4612 sunt;
3516 4532 3738 4612 epistola
3758 4531 3827 4612 a_d
3841 4531 4048 4612 Elipan-

2482 4617 2638 4678 dum;
2680 4601 2838 4680 h'ujus
2880 4601 3798 4680 responsoria'adieamdem;._l_i_bri
3827 4601 4050 4680 quatuor

2480 4669 3045 4760 adversus'eumdei'n;
3073 4679 3298 4749 epistola
3326 4674 3567 4755 Elipandi
3597 4669 3662 4728 ad
3682 4669 3916 4752 Felicem
3935 4670 4046 4796 jam

2482 4768 2819 4796 mnuersnm-
2859 4761 2915 4796 et
2955 4755 3113 4796 huius
3151 4759 3270 4796 mist
3309 4757 3712 4796 conversionem
3751 4741 3895 4796 edita
3953 4740 4046 4795 tdtl

2482 4768 2823 4816 conversum,
2859 4761 2916 4806 et
2955 4740 3123 4820 hujus'
3151 4759 3270 4821 post
3309 4740 3712 4804 conversionem
3751 4741 3895 4796 edita
3935 4740 4054 4796 fidei

2483 4823 2772 4881 confessio.
3253 4864 3268 4879 ,
3509 4848 3517 4851 ~
3660 4861 3670 4871 ,
3690 4880 3700 4881 ί
4009 4851 4017 4881 _.

2561 4894 2579 4932 ῐ
2616 4892 2781 4957 Quem
2814 4892 2987 4960 priore
3028 4905 3164 4960 anno
3209 4887 3351 4960 nobis
3370 4884 3610 4960 _dire._t:it.
3673 4880 3895 4960 Constat
3934 4879 4049 4960 inde

2486 4950 2660 5017 annus
2690 4976 2796 5030 quo
2814 4950 3082 5030 'Aleuinus
3110 4957 3344 5013 libellum
3370 4954 3581 5030 Felicis,
3608 4968 3766 5030 quem
3785 4951 3840 5030 _is
3865 4950 4050 5030 exhor-

2488 5032 2672 5087 tatioui
2708 5017 2827 5085 'suze
2870 5027 3122 5083 fraterna:
3166 5027 3440 5096 opposuit,
3457 5017 3680 5094 accepit,
3708 5022 3914 5096 quiest
3931 5017 4050 5096 79_9,

2487 5102 2574 5157 cui
2600 5110 2883 5171 propterea
2906 5089 3260 5171 epistolae};
3290 5097 3382 5171 8},
3409 5096 3499 5171 90,
3526 5089 3917 5171 quasunondum

2488 5159 2757 5244 praesente
2785 5170 2851 5224 ad
2880 5159 3079 5224 annum
3115 5167 3216 5223 798
3249 5159 3582 5227 reduximus,
3609 5159 3887 5231 alliganda:
3913 5169 4052 5214 sunt.

2564 5245 2588 5282 ε
2627 5241 2858 5296 Froben.
2895 5241 3053 5296 epist.
3088 5237 3206 5291 ΓΠ.

2674 5254 2858 5296 rouen.
2895 5254 3053 5296 ρυιδι.
3088 5254 3106 5291 ‘l
3130 5254 3145 5290 Ι
3166 5254 3206 5290 Ι.

2564 5255 2588 5282 δ
2627 5255 2858 5296 rrouen.
2895 5255 3053 5309 epISt.
3088 5255 3206 5291 ιιι.

2559 5314 2585 5352 ιι
2622 5312 2753 5366 Ante
2789 5309 2943 5381 pedes
2984 5319 3282 5381 sanctorum

2491 5393 2734 5449 tempore
2761 5377 2975 5447 scripta:
2999 5377 3157 5446 hujus
3181 5377 3352 5446 episto

2496 5455 2542 5507 is
2568 5443 2765 5520 saepius
2800 5443 3107 5520 accesserit,
3125 5519 3131 5520 ί
3150 5443 3340 5520 nempe
3386 5461 3526 5520 anno
3547 5443 3730 5520 797_in
3756 5457 3916 5520 causa
3942 5452 4054 5511 pro-

2492 5512 2911 5592 priie'ecclesize,
2955 5512 3313 5592 annoA7_99__ih
3354 5515 3607 5592 comitatu
3646 5512 3850 5568 Leonis
3876 5523 4045 5592 papae:

2493 5580 2549 5646 et
2574 5590 2647 5645 ibi
2669 5580 2811 5644 anno
2830 5580 3044 5658 quoque
3064 5589 3168 5642 800
3189 5585 3474 5658 aliquando
3496 5594 3860 5658 commoratus
3881 5580 4053 5658 fuerit.

2497 5662 2759 5715 incertum
2796 5645 2978 5714 manci
3010 5660 3076 5713 ad
3104 5672 3261 5727 quem
3279 5645 3358 5711 ἐκ
3387 5657 3469 5710 bis
3500 5655 3654 5727 annis
3678 5647 3806 5727 :hagc
3841 5645 4052 5727 epistola

2496 5730 2792 5854 ﬁertineat;
2829 5722 3159 5798 jungendum
3202 5738 3375 5782 tamen
3408 5725 3588 5780 eriisui
3621 5723 3784 5794 priori
3816 5722 3886 5774 ad
3924 5732 4032 5768 eum

2532 5817 2617 5854 cm
2643 5800 2936 5854 Arnonem.

2532 5817 2617 5855 cm
2643 5815 2684 5855 Α
2694 5815 2936 5855 rnonem.

3421 5304 3690 5359 stolam.
3743 5303 3888 5358 Arno
3933 5314 4056 5369 ego

3440 5373 3622 5430 Romae
3647 5372 3772 5439 fuit;
3810 5386 3918 5442 quo
3940 5384 4052 5424 cuin
