4400 6462
346 479 445 532 557

1749 474 2033 527 EPIS’I‘OL
2043 474 2123 525 τε.

3456 477 3557 530 358

342 584 774 652 sanetorum,qui
802 583 1053 636 mundum
1082 582 1288 636 fortiter
1313 584 1569 645 vicerunt,
1600 592 1653 636 et
1672 584 1899 637 feliciter
1928 586 1971 640 Λ
2002 592 2058 633 ut
2079 582 2347 635 altissimae
2384 583 2879 651 digttilttlis‘Jtolnihi
2911 600 3069 648 upt‘t'u
3111 584 3401 636 rectissima
3433 602 3561 638 con-

341 681 568 746 regnant
589 688 711 727 cum
758 672 989 727 Christo.
1022 671 1135 725 Non
1174 673 1246 724 sis
1271 672 1373 725 tuis
1413 671 1633 725 inferior
1661 682 1898 726 anteces-

336 765 568 828 soribus,
595 772 654 817 ut
674 778 901 832 quorum
926 772 1110 816 tenens
1146 763 1476 826 cathedram,
1502 763 1713 817 illorum
1742 765 1897 836 meri—

338 853 407 906 tis
427 851 745 919 aquiparari
766 851 956 918 dignus
980 850 1226 911 eﬂieiaris
1252 850 1302 902 in
1329 851 1495 903 costis.

404 938 525 993 Non
550 940 621 993 sit
640 940 735 993 tibi
762 940 951 993 durum
978 940 1255 993 charitatis
1274 938 1447 1008 legere
1475 939 1756 1003 litterulas,
1799 958 1896 995 nec

332 1044 425 1083 eas
450 1030 589 1083 reris
607 1043 726 1083 esse
753 1044 1131 1098 supervacuas,
1162 1031 1286 1097 quia
1307 1031 1519 1098 cognita
1550 1032 1811 1100 ingerunt.
1839 1032 1893 1085 Si

328 1104 531 1188 cogniti
554 1118 799 1186 placeant
824 1120 1005 1187 ohryzi
1030 1118 1339 1173 munuscula
1363 1136 1378 1182 ;
1417 1119 1659 1188 placeant
1681 1120 1892 1188 spirita-

328 1210 395 1263 lis
418 1209 694 1277 sapientia:
724 1208 914 1261 solatia
942 1225 954 1259 :
994 1208 1047 1260 in
1070 1207 1159 1260 illo
1181 1223 1317 1261 vana
1342 1216 1425 1261 est
1451 1207 1723 1261 oculorum
1753 1207 1895 1262 dele-

330 1299 528 1361 ctatio;
556 1298 609 1351 in
632 1298 736 1351 isto
757 1296 1065 1351 indeliciens
1086 1296 1249 1348 animi
1278 1295 1575 1350 thesaurus.
1593 1296 1731 1351 Dicit
1749 1297 1890 1349 enim

328 1386 542 1439 Veritas
572 1403 586 1438 :
614 1383 805 1439 Omnia
826 1402 1141 1455 quascunque
1165 1385 1314 1438 vultis
1338 1395 1393 1437 ut
1422 1386 1617 1454 faciant
1645 1386 1778 1439 vobis
1798 1387 1890 1437 lio-

323 1473 512 1529 nines.
544 1475 655 1527 hac
678 1474 856 1527 eadem
882 1485 929 1527 et
959 1492 1045 1528 eos
1068 1475 1221 1542 facite
1254 1474 1357 1527 illis
1395 1474 1605 1544 (Matth.
1632 1491 1704 1529 vn
1726 1516 1740 1540 ,
1781 1475 1885 1544 l2).

394 1557 530 1615 Cum
578 1576 772 1632 magno
803 1577 953 1616 mens
994 1577 1114 1616 mea
1156 1571 1431 1631 exspectat
1484 1565 1746 1618 desiderio
1785 1573 1889 1619 tuae

321 1651 676 1707 beatitudinis
702 1652 899 1721 spius,
931 1651 1048 1705 ideo
1077 1665 1225 1705 meos
1247 1662 1349 1706 tuae
1368 1653 1669 1705 auctoritati
1697 1653 1890 1720 saepius

320 1740 559 1808 dirigere
589 1738 811 1801 studeo,
842 1746 1034 1807 optans
1062 1746 1115 1792 te
1148 1754 1261 1792 non
1314 1740 1484 1793 solum
1530 1741 1581 1793 in
1606 1742 1738 1795 meis
1766 1758 1887 1810 pro-

320 1828 506 1893 licere,
554 1826 650 1884 sed
672 1830 833 1883 etiam
880 1829 983 1883 tuis
1022 1843 1108 1882 me
1136 1829 1407 1885 multoties
1435 1831 1727 1886 exhortari.

755 1972 781 2000 ι
828 1958 1157 2015 EPISTOLA
1204 1960 1432 2016 CXXIII.

621 2063 686 2100 ΑΙ)
734 2062 1007 2101 Μιωτμι
1054 2064 1573 2103 Αηειιιελοειωοτεκ.

916 2157 1093 2227 (Anno
1135 2156 1283 2228 800.)

316 2244 611 2298 Damnatam
642 2242 823 2298 Roma:
842 2245 1139 2299 existenlem
1163 2246 1422 2310 hortatur,
1443 2257 1498 2299 ut
1526 2248 1803 2301 scissuram
1823 2251 1877 2302 in

386 2310 626 2387 Ecclesia
641 2327 882 2380 reparare
906 2314 1136 2387 studeat,
1145 2315 1316 2387 arguit
1339 2316 1624 2368 dissensum
1640 2319 1772 2371 inter
1790 2336 1877 2387 pa-

383 2380 707 2448 ciﬁcatores;
723 2396 825 2434 non
840 2398 969 2435 nova
981 2383 1160 2447 statui,
1174 2380 1262 2435 sed
1278 2393 1447 2437 vetera
1470 2388 1702 2453 reparari
1717 2380 1872 2455 cupit.

384 2489 705 2545 Venerando
750 2490 897 2544 Patri
940 2499 996 2545 et
1035 2492 1090 2545 in
1115 2490 1317 2547 Christi
1353 2495 1605 2551 membris
1633 2496 1875 2566 magniﬁ—

310 2592 379 2629 co
414 2576 441 2615 δ
471 2577 729 2632 Damoetae
760 2579 1177 2634 arcbisacerdoti
1210 2579 1425 2636 humilis
1461 2582 1712 2651 magister
1729 2583 1875 2638 Albi-

310 2681 418 2719 nus
444 2665 691 2720 salutem.
748 2660 751 2663 ’
1027 2682 1031 2691 '

384 2752 693 2808 Secundum
721 2755 1173 2822 opportunitatem
1194 2758 1469 2827 portitoris
1486 2760 1697 2829 cognita
1728 2774 1876 2815 men-

308 2842 459 2895 tibus
489 2842 685 2914 nostris
705 2843 944 2897 cbaritas
965 2859 1139 2901 meam
1172 2845 1394 2915 impellit
1421 2847 1651 2916 linguam
1677 2847 1875 2917 aliquid

306 2937 550 2997 paternae
599 2929 932 2988 salutationis
987 2941 1177 2987 vestrae
1220 2932 1425 2988 dictare
1475 2935 1766 3002 dilectioni,
1817 2944 1875 2990 ut

282 3021 498 3075 -sciatis
542 3021 804 3103 integram
861 3025 1064 3093 antiqui
1122 3027 1321 3081 amoris
1370 3026 1641 3084 ﬂammam
1688 3040 1873 3087 nostro

304 3108 685 3185 splendescere
731 3113 785 3165 in
830 3121 1075 3181 pectore;
1107 3123 1163 3169 et
1212 3132 1371 3185 quem
1413 3133 1623 3188 semper
1662 3122 1869 3177 ﬁdelem

304 3199 552 3265 probavi,
583 3214 794 3270 semper
817 3217 997 3256 amare
1018 3217 1124 3257 non
1147 3203 1417 3270 desistam,
1450 3208 1572 3275 quia
1614 3210 1846 3264 charitas

303 3287 456 3355 iuxta
510 3296 662 3342 vetus
711 3291 1069 3358 proverbium,
1106 3307 1225 3361 quae
1255 3294 1425 3349 deseri
1476 3307 1677 3365 potest,
1737 3315 1870 3354 nun-

304 3391 474 3445 quam
516 3391 642 3430 vera
682 3376 800 3432 fuit.

376 3464 616 3527 Audiens
650 3466 829 3535 itaque
853 3478 1085 3523 vestram
1114 3472 1543 3539 prosperitatem,
1573 3484 1627 3528 et
1651 3491 1870 3530 conver-

303 3555 573 3607 sationem
622 3554 938 3611 laudabilem
965 3598 980 3623 ,
1010 3567 1063 3611 et
1106 3560 1347 3614 veritatis
1376 3562 1702 3627 instantiam,
1747 3575 1770 3603 ε
1816 3573 1873 3619 et

303 3644 576 3711 quomodo
601 3645 794 3699 stetisti
827 3661 947 3700 cum
998 3647 1192 3703 domno
1237 3651 1553 3720 apostolico,
1582 3654 1871 3708 secundum

304 3748 441 3786 meae
466 3733 742 3800 petitionis
765 3730 1086 3801 eliartulam,
1116 3753 1239 3792 mox
1268 3740 1432 3791 etiam
1461 3755 1656 3793 arcana
1693 3742 1870 3796 cordis

303 3822 411 3874 mei
437 3821 654 3885 cubilia,
694 3822 941 3878 resolutis
986 3825 1215 3880 tristitiae
1246 3827 1490 3891 habenis,
1523 3830 1574 3881 in
1618 3831 1867 3899 gaudium

301 3915 507 3980 apertis
549 3915 701 3969 ostiis
757 3917 1152 3983 prostituerunt,
1206 3919 1359 3988 plena
1402 3935 1531 3975 voce
1575 3937 1694 3976 cum
1743 3938 1869 3990 apo-

303 4001 444 4055 stolo
488 4004 805 4057 decantare:
840 4003 1019 4074 Hujus
1044 4008 1170 4059 mihi
1194 4009 1441 4077 gaudium
1462 4027 1564 4081 πολι
1591 4021 1683 4073 est,
1711 4029 1865 4081 quum

301 4085 431 4159 [ut]
468 4088 608 4157 ﬁlios
652 4107 792 4143 meos
831 4093 885 4144 in
928 4092 1032 4159 [ide
1075 4103 1125 4146 et
1168 4096 1377 4154 veritate
1416 4098 1626 4149 audiam
1683 4101 1864 4151 ambu-

302 4178 415 4231 lai'e
454 4176 577 4249 (111
600 4178 759 4233 Joan.
787 4180 875 4250 4);
906 4182 1231 4251 miratusque
1277 4199 1393 4237 sum
1414 4226 1427 4249 ,
1456 4188 1719 4254 quomodo
1745 4189 1867 4255 qui-

300 4269 427 4321 dam
454 4269 723 4338 sapientes
754 4270 914 4325 surda
944 4274 1174 4341 pectoris
1221 4290 1348 4328 aure
1394 4277 1743 4344 apostolicum
1792 4279 1868 4333 lc-

301 4359 512 4425 gisseut
530 4361 847 4425 prommium
880 4379 893 4414 :
936 4361 1058 4416 Non
1078 4374 1153 4417 est
1189 4374 1433 4439 potestas,
1459 4360 1559 4419 nisi
1584 4384 1615 4419 a
1642 4367 1782 4430 Deo;
1817 4378 1864 4421 et

299 4445 390 4512 qui
433 4446 676 4512 potestati
710 4449 916 4513 resistit,
958 4450 1054 4503 Dei
1102 4451 1413 4509 ordinationi
1450 4456 1637 4509 resistit
1686 4455 1859 4527 (Rom.

301 4548 423 4597 xm,
446 4532 495 4596 Ι,
520 4531 598 4599 2).
628 4532 889 4598 Quoniam
915 4539 1091 4591 omnia
1114 4554 1232 4607 quae
1256 4556 1285 4593 a
1310 4542 1417 4594 Deo
1447 4552 1588 4607 sunt,
1616 4530 1940 4611 ordinata’D

302 4620 459 4674 fiunt.
505 4621 647 4691 Ergo
681 4622 828 4676 locus
854 4625 979 4677 mibi
1010 4612 1277 4681 subiciens
1310 4628 1426 4682 .luit
1456 4632 1758 4699 disputandi
1799 4634 1865 4686 de

300 4710 405 4763 hac
455 4725 651 4774 causa;
702 4713 794 4785 sed
824 4714 996 4767 sciens
1026 4716 1361 4783 prudentiam
1390 4730 1618 4772 vestram
1667 4723 1865 4789 optime

303 4799 416 4852 haec
444 4796 625 4850 omnia
668 4800 846 4863 nosse,
873 4809 926 4853 et
962 4802 1295 4859 velocissimo
1345 4822 1655 4873 percurrere
1705 4823 1863 4861 sensu

304 4890 605 4943 litterarum
650 4903 890 4942 mearum
934 4893 1149 4958 seriem,
1204 4895 1305 4949 hoc
1353 4905 1556 4949 tantum
1605 4895 1864 4952 admoneo

373 5031 397 5089 ᾗ
424 5016 661 5089 Froben.
697 5020 853 5089 epist.
888 5021 1007 5075 182.

466 5086 743 5169 Dumque
775 5089 1195 5169 archisacerdoti.
1272 5096 1481 5169 Riculfo
1554 5099 1862 5169 Moguntina

306 5153 533 5231 sciticet,
560 5156 644 5236 ad
690 5153 849 5236 quem
891 5161 1193 5228 praecedens
1233 5166 1453 5231 epistola
1496 5153 1861 5236 exarartaﬁest',

306 5219 665 5289 cujitsinotam
690 5219 857 5289 lcgas.

342 5265 398 5368 ,ἶ
432 5288 522 5371 Et_
544 5265 1028 5371 ῳῖξηῖξξυλτεζὶδιὶ
1068 5315 1183 5371 cum
1210 5300 1415 5371 (domno
1458 5307 1752 5371 apostolico.
1788 5310 1862 5363 Ex

309 5358 390 5411 his
414 5358 593 5414 verbis
619 5368 673 5413 et
699 5361 905 5437 reliquo
929 5366 1109 5420 tenore
1139 5368 1289 5436 hujus
1317 5358 1569 5437 epistolae
1591 5358 1862 5432 ὦῶ]ὓίὧῆ

468 5428 1019 5507 censeo,_Dar_iia:t_ani
1068 5452 1159 5489 seu
1204 5428 1487 5503 Ricull'um,
1523 5428 1862 5507 camillilde:

307 5495 477 5578 haldo
522 5496 857 5579 Qeloniepsi,
906 5503 1122 5558 Arnone
1176 5495 1863 5632 Salisburgeusi,

308 5581 570 5632 episcopis
594 5582 659 5622 ac
685 5583 864 5623 miss:s
893 5573 1049 5632 regiis
1072 5573 1299 5629 Leonem
1326 5577 1387 5629 lli
1410 5594 1617 5632 nauata.
1686 5600 1859 5632 omam

308 5566 570 5647 episcopis
594 5582 659 5622 ac
685 5569 864 5647 missis
893 5573 1299 5647 regiislseoncm
1326 5577 1393 5647 lli
1410 5566 1617 5647 papam,

309 5636 563 5715 autumno
590 5636 716 5717 annui
750 5637 852 5691 799
891 5636 1103 5717 ah'aula
1127 5644 1299 5697 Caroli
1352 5636 1519 5715 Magni
1569 5636 1858 5717 reversum,

310 5706 614 5784 (utilitatum
644 5703 827 5784 fuisse,
848 5718 901 5784 _et
927 5710 1023 5761 hoc
1048 5720 1209 5784 atque
1237 5703 1475 5783 sequen‘ti
1503 5734 1640 5769 anno

312 5772 561 5827 adversus
582 5774 775 5842 inzpios
795 5772 1378 5851 adversarios'ejnsdein
1402 5772 1716 5840 sanctissimi
1731 5772 1861 5857 pou:

1686 5600 1860 5638 omam
1892 5600 1893 5603 “

1997 672 2229 733 veniant,
2257 680 2310 725 et
2339 688 2515 727 mores
2544 674 2597 727 in
2636 674 2778 726 omni
2808 674 3055 739 aequitate
3102 675 3422 728 sanctissimi
3470 692 3554 728 sa-

1995 758 2277 811 cerdotalis
2320 760 2753 826 superhumerale
2777 761 2992 813 honoris
3017 770 3292 823 exornent,
3327 765 3551 830 utquod

1994 848 2164 901 oculis
2195 848 2481 902 multorum
2528 849 2736 903 videtur
2767 850 2816 902 in
2861 851 3121 913 humero,
3172 851 3411 905 omnium
3461 867 3556 908 ore

1994 939 2330 1007 praedicetur,
2359 948 2516 1005 atque
2541 948 2748 991 ametur
2790 939 2842 995 in
2870 939 3131 991 moribus.

2061 1026 2202 1080 Olim
2241 1036 2449 1081 tecum
2482 1028 2637 1082 beato
2677 1027 2833 1080 Petro
2869 1037 2976 1079 tota
3009 1028 3243 1080 noctein
3285 1030 3441 1083 undis
3466 1030 3545 1082 la-

1991 1116 2266 1169 borantem
2291 1117 2632 1185 agnovimus;
2659 1117 2751 1169 sed
2779 1117 2934 1169 modo
2962 1116 3071 1182 jam
3094 1116 3313 1185 jamque
3330 1116 3551 1184 ,ἱυὺειιω

1992 1206 2099 1259 Deo
2136 1206 2188 1259 in
2224 1208 2500 1259 dexteram
2526 1207 2744 1274 navigii,
2762 1223 2882 1260 cum
2904 1208 3059 1260 beato
3081 1207 3318 1276 principe
3340 1217 3552 1276 aposto-

1992 1293 2183 1356 lorum,
2215 1303 2326 1346 rete
2347 1294 2663 1347 mittendum
2694 1305 2775 1347 est
2801 1294 2978 1361 (Joan.
3004 1310 3090 1346 XXI
3110 1334 3124 1356 ,
3162 1294 3265 1364 ll),
3290 1305 3346 1348 ut
3368 1297 3549 1363 capias

1989 1385 2103 1438 sine
2146 1385 2376 1438 scissura
2407 1385 2557 1451 retis,
2590 1385 2642 1437 id
2667 1394 2775 1445 est,
2812 1384 2864 1436 in
2910 1382 3232 1451 perfectione
3273 1385 3548 1437 catholicae

1988 1474 2131 1537 fidei,
2162 1489 2380 1543 magnos
2400 1474 2574 1542 pisces
2598 1482 2810 1528 centum
2850 1474 3230 1543 quinquaginta
3257 1484 3385 1537 tres,
3416 1490 3546 1542 quo-

1989 1576 2105 1614 rum
2134 1576 2216 1614 me
2242 1560 2596 1613 ministerium
2636 1560 2762 1613 olim
2798 1568 2988 1613 vestrae
3027 1560 3299 1612 sanctitati
3325 1560 3348 1596 «ι
3382 1576 3545 1628 expo-

1986 1664 2113 1703 nere
2152 1649 2419 1703 recordor.
2469 1648 2607 1711 Sed,
2664 1648 2797 1701 heu!
2828 1646 2960 1716 proh
2998 1646 3177 1700 dolor!
3224 1646 3366 1715 quod
3397 1656 3543 1701 tanta

1986 1738 2217 1793 scissura
2270 1736 2543 1805 apostolici
2584 1735 2713 1789 retis
2764 1734 2941 1789 subito
2988 1733 3127 1787 facta
3158 1742 3285 1797 est,
3314 1734 3400 1787 ubi
3455 1734 3543 1787 ille

1986 1826 2249 1879 maximus
2285 1825 2584 1878 animarum
2615 1824 2848 1892 piscator
2869 1822 3229 1876 sacratissimo
3258 1822 3543 1889 requiescit

1910 1905 1955 1964 Β
1985 1928 2235 1982 corpore;
2288 1920 2346 1967 ut
2372 1912 2464 1966 vix
2506 1910 2854 1965 conveniente
2883 1918 3190 1963 sanctorum
3222 1924 3287 1962 ex
3320 1910 3544 1964 diversis

1978 2003 2159 2057 mundi
2183 2002 2423 2072 partibus
2445 2000 2823 2070 magistrorum
2866 1999 3017 2053 turba
3048 1997 3225 2067 impiae
3252 1998 3539 2051 dissensio-

1978 2095 2061 2148 nis
2090 2094 2318 2148 scissura
2348 2092 2447 2162 piae
2472 2090 2749 2146 charitatis
2775 2089 3019 2143 resarciri
3044 2089 3212 2158 potuit
3241 2088 3360 2142 ﬁlis.
3392 2090 3537 2143 Insn-

1976 2196 2089 2250 per,
2111 2182 2250 2235 sicut
2275 2180 2472 2244 audivi,
2503 2180 2644 2247 quod
2670 2179 2784 2233 sine
2807 2176 2988 2231 dolore
3010 2177 3189 2230 cordis
3210 2193 3312 2231 non
3337 2178 3534 2231 dicam.

1976 2272 2119 2339 ipsos
2170 2268 2308 2323 male
2348 2270 2489 2322 inter
2527 2282 2585 2322 se
2628 2266 2910 2322 dissentire
2959 2266 3261 2334 magistros.
3311 2266 3533 2332 Quidam

1974 2372 2103 2411 vero
2143 2356 2381 2411 volentes
2426 2355 2733 2425 rudipannis
2781 2353 2953 2426 [Leg.,
2989 2356 3137 2408 rudis
3163 2355 3345 2425 panni]
3388 2371 3537 2410 assu-

1974 2456 2213 2501 mentum
2250 2446 2416 2500 veteri
2462 2438 2772 2500 immittere‘
2798 2448 3153 2523 vestimento,
3209 2456 3261 2499 ct
3303 2446 3533 2515 peiorem

1974 2533 2152 2590 facere
2206 2535 2494 2589 scissuram
2546 2532 2754 2603 (Matth.
2800 2550 2887 2597 Ix,
2942 2533 3033 2598 16;
3086 2533 3252 2587 Marc.
3291 2551 3362 2601 tt,
3411 2536 3533 2604 2i);

1971 2622 2187 2690 quidam
2229 2636 2356 2674 vero
2376 2620 2583 2673 meliori
2606 2619 2826 2674 consilio
2847 2628 3025 2673 vetera
3056 2619 3369 2687 reformare,
3402 2632 3455 2676 et
3481 2625 3532 2677 in

1973 2714 2250 2781 antiquum
2282 2727 2539 2781 reponere
2586 2710 2858 2775 ordinem;
2911 2727 3032 2765 cum
3086 2712 3278 2781 quibus
3299 2723 3531 2767 vestram

1972 2804 2365 2858 sanctissimam
2390 2803 2798 2856 sollicitudinem
2830 2804 3071 2857 laborare
3104 2804 3440 2865 audivimus;
3478 2816 3534 2859 et

1971 2891 2169 2962 placuit
2196 2890 2325 2943 mihi
2372 2890 2593 2944 multum
2623 2891 2730 2966 pia;
2774 2893 2922 2959 pacis
2966 2902 3126 2960 atque
3158 2894 3535 2950 ecclesiastica

1970 2977 2268 3031 concordia:
2319 2992 2411 3030 vos
2446 2978 2736 3031 secundum
2788 2978 2951 3032 Deum
3001 2979 3350 3032 seminatores
3386 2995 3529 3043 esse,

1971 3066 2024 3120 in
2056 3081 2160 3135 qua
2205 3075 2436 3119 vestram
2467 3066 2892 3121 benevolentiam
2937 3082 3147 3135 semper
3193 3069 3383 3123 sudare
3437 3086 3530 3124 ex-

1968 3164 2121 3225 opto;
2154 3156 2493 3209 recordantes
2537 3154 2895 3209 dulcissimam
2946 3155 3154 3209 Domini
3198 3155 3533 3227 largitionem

1850 3250 1865 3275 ’
1894 3230 1940 3295 ο
1972 3244 2025 3298 ἰη
2063 3260 2189 3299 suos
2213 3284 2228 3309 ,
2274 3245 2497 3298 dicentis
2527 3259 2541 3296 :
2574 3243 2763 3297 Pacem
2810 3261 2976 3297 meam
3010 3244 3076 3295 do
3120 3244 3257 3299 vobis
3281 3287 3295 3309 ,
3346 3264 3525 3317 parent

1971 3351 2136 3387 meam
2169 3332 2398 3403 relinquo
2429 3334 2567 3386 vobis
2583 3350 2602 3395 ;
2630 3350 2731 3385 non
2757 3336 3012 3403 quomodo
3037 3336 3262 3389 mundus
3285 3337 3403 3398 dat,
3436 3355 3531 3405 ego

1969 3423 2035 3476 do
2065 3422 2202 3475 vobis
2224 3420 2411 3491 (Joan.
2448 3436 2555 3485 xiv,
2578 3419 2689 3491 27).
2721 3421 2889 3476 Aliter
2922 3427 3092 3479 sancti
3128 3426 3180 3478 in
3219 3426 3363 3479 omni
3391 3427 3535 3482 bono

1968 3509 2174 3579 paciﬁci
2205 3510 2345 3564 inter
2384 3523 2441 3563 se
2478 3524 2596 3564 esse
2625 3510 2815 3565 debent
2846 3526 2861 3564 :
2889 3512 3044 3567 aliter
3080 3514 3371 3582 saepissime
3404 3530 3533 3583 pec—

1969 3606 2177 3649 catores
2210 3611 2397 3664 pacem
2440 3596 2581 3651 inter
2629 3612 2687 3651 se
2725 3599 2923 3653 habere
2967 3610 3277 3665 noscuntur,
3299 3602 3437 3656 sicut
3473 3603 3527 3671 in

1968 3693 2158 3739 saneto
2187 3684 2473 3756 Evangelio
2503 3686 2569 3740 de
2603 3686 2810 3744 Herode
2842 3697 2897 3743 et
2944 3689 3118 3746 Pilato
3154 3691 3354 3764 legitur
3376 3693 3525 3761 (Luc.

1968 3787 2119 3833 nni,
2155 3771 2262 3842 l2).
2288 3772 2436 3826 Illam
2458 3787 2584 3828 vero
2618 3789 2821 3843 pacem,
2847 3791 2968 3844 quae
2993 3778 3140 3832 inter
3156 3787 3369 3834 sanctos
3395 3780 3531 3836 solet

1966 3874 2121 3923 esse,
2176 3861 2431 3930 propheta
2480 3875 2547 3914 ex
2597 3862 2847 3916 mandato
2897 3863 3106 3918 Domini
3144 3867 3407 3934 praedixit,
3438 3869 3529 3922 ubi

1966 3950 2040 4004 ait
2073 3964 2086 4002 :
2119 3949 2307 4003 Pacem
2331 3960 2376 4004 et
2404 3952 2668 4005 ueritatem
2692 3952 2912 4023 diligite,
2937 3954 3062 4007 dicit
3084 3953 3337 4011 Dominus
3365 3958 3529 4011 omni-

1963 4048 2139 4108 potens
2162 4037 2343 4108 (Zach.
2369 4055 2486 4104 vm,
2518 4041 2625 4111 19).
2657 4041 2724 4096 Et
2745 4044 2987 4114 egregius
3017 4044 3341 4101 Praedicator
3368 4065 3380 4077 ·
3407 4047 3529 4103 Pax

1966 4124 2201 4199 Christi,
2252 4142 2369 4194 qum
2419 4140 2692 4196 exsuperat
2732 4146 2930 4184 omnem
2976 4122 3213 4197 sensum,
3266 4136 3522 4189 custodiat

1964 4212 2120 4263 corda
2146 4222 2313 4265 vestra
2335 4215 2388 4265 in
2409 4204 2659 4267 cliaritate
2699 4226 2744 4268 et
2766 4202 3037 4273 sanctitate
3068 4221 3316 4290 (Philipp.
3340 4239 3412 4287 Iv,
3446 4225 3521 4295 7).

1965 4299 2113 4353 Hanc
2133 4308 2306 4353 vestra
2334 4302 2575 4371 religiosa
2605 4304 2775 4371 pietas
2803 4314 2857 4359 et
2894 4310 3212 4365 venerabilis
3234 4315 3525 4368 auctoritas

1964 4404 2085 4443 cum
2135 4391 2382 4444 omnibus
2436 4392 2544 4445 Dco
2600 4395 2953 4451 servientibus
2993 4414 3203 4469 semper
3248 4414 3519 4473 sequatur.

1965 4479 2112 4533 lianc
2138 4480 2407 4549 angelicus
2451 4476 2576 4538 nato
2620 4483 2843 4539 Domino
2870 4489 3063 4542 cecinit
3087 4499 3276 4556 cattus,
3301 4494 3482 4550 dicens
3506 4514 3518 4548 :

1964 4567 2143 4621 Gloria
2163 4569 2217 4621 in
2236 4567 2446 4622 excelsis
2474 4571 2599 4633 Deo,
2615 4582 2661 4623 et
2694 4574 2747 4625 in
2773 4583 2909 4627 terra
2938 4594 3042 4643 pax
3062 4579 3352 4633 hominibus
3379 4582 3521 4643 bona-

1964 4654 2237 4707 voluntatis
2292 4656 2439 4725 (Luc.
2467 4673 2525 4718 ιι,
2571 4658 2676 4726 H).
2730 4660 2787 4712 lu
2848 4660 2949 4715 hac
2996 4664 3154 4717 etiam
3189 4675 3242 4719 et
3285 4666 3339 4720 in
3374 4671 3517 4722 omni

1964 4743 2102 4796 bono
2130 4752 2358 4798 vestram
2381 4747 2780 4812 beatitudinem,
2808 4749 2984 4804 divina
3019 4752 3299 4820 adjuvante
3326 4759 3518 4827 gratia,

1964 4834 2220 4898 prolicere
2245 4842 2389 4901 Opto,
2430 4836 2651 4889 Domine
2690 4836 3005 4905 venerande,
3054 4851 3108 4894 et
3136 4843 3517 4900 desiderantis-

1965 4923 2101 4976 sime
2135 4924 2235 4976 fili!
2967 4940 2971 4945 '

1966 5050 2121 5128 tilieis
2150 5050 2469 5133 interfuisse,
2498 5057 2913 5133 quamvisnemo
2937 5059 3073 5133 aliu_s
3097 5061 3234 5133 illius
3265 5066 3517 5133 temporis

1964 5119 2191 5193 scriptor
2212 5121 2263 5172 id
2283 5121 2345 5193 de
2372 5119 2577 5175 Ricnl'fo
2600 5126 2912 5193 prodiderit.
2939 5129 3177 5184 Suﬂiciat
3202 5148 3328 5186 vero
3357 5119 3510 5188 hocet

1963 5186 2167 5267 Aletrini
2198 5191 2551 5244 testimonium
2567 5186 2717 5267 omni
2744 5200 3055 5265 exceptione
3082 5202 3341 5267 superius.

2032 5255 2056 5291 ά
2090 5255 2359 5325 Experiere
2397 5264 2653 5314 recordor.
2684 5255 2890 5318 \“erbis'
2913 5283 2978 5320 an
3010 5255 3200 5321 litteris
3239 5270 3290 5321 id
3332 5270 3513 5324 fecerit

1961 5324 2217 5406 dlcuin‘us
2235 5344 2301 5379 ex
2328 5330 2409 5406 bis
2434 5346 2537 5406 non
2563 5332 2756 5385 elucet.
2789 5336 2842 5406 in
2872 5337 3035 5403 priori
3062 5338 3273 5403 quidem
3296 5341 3515 5406 epistola

2146 5395 2565 5486 locumioanpis
2590 5393 2927 5468 evangelista:
2966 5393 3173 5485 attigit;
3207 5393 3512 5486 mysterium

1964 5466 2392 5540 tamen-numeri
2441 5465 2599 5540 illius,
2632 5465 2942 5537 magnorum
2988 5465 3229 5540 piscium.
3260 5465 3512 5528 intactum

1964 5531 2205 5612 reliquit;
2238 5532 2622 5612 nisi-suspicari
2666 5531 2930 5607 quispiam
2959 5531 3101 5605 velit,
3144 5544 3292 5596 illam
3321 5547 3514 5612 episto-

1964 5599 2067 5650 lam
2093 5614 2209 5677 esse
2228 5599 2541 5678 tuutilatani.
2571 5599 2908 5678 Idemtahlen
2933 5599 3242 5678 mysterium
3262 5599 3515 5666 Alebinns

1962 5669 2206 5741 eswsuit
2233 5670 2285 5721 in
2318 5678 2699 5729 commentario
2722 5676 2776 5731 in
2795 5669 3138 5741 Evangelium
3162 5683 3343 5733 ερνςοιη
3367 5680 3463 5718 ιηεν
3492 5713 3498 5718 ,

1964 5737 2065 5796 nis,
2096 5737 2145 5788 in
2176 5751 2291 5807 Cap.
2323 5756 2433 5803 nt,
2468 5744 2550 5794 ll.
