4400 6470
156 481 251 536 565
1565 472 1922 530 ειηδτιιιηιε
3284 469 3394 529 566

157 591 447 663 praesentis,
476 603 708 646 necnon
734 598 789 645 et
812 589 979 660 gloria
1000 596 1281 659 perpetua:
1324 587 1711 642 beatitudinis:
1745 593 1793 648 Α
1822 582 2084 651 subjicere
2137 580 2362 636 consilio
2418 577 2653 634 decrevi.
2719 578 2876 645 Quia,
2926 589 2985 634 ut
3037 597 3161 637 vere
3201 586 3391 649 fateor,

158 682 272 751 quia
323 681 658 737 solummodo
708 694 836 734 vera
878 688 965 734 est
1005 680 1264 749 sapientia
1302 693 1421 747 quae
1452 680 1637 733 beatos
1665 686 1720 733 et
1822 674 2082 745 quidquid
2125 687 2225 743 per
2270 671 2363 727 Dei
2409 669 2720 725 miserantis
2764 670 2993 740 gratiam
3037 673 3167 727 mihi
3217 683 3394 730 vestra

157 781 379 827 :cternos
395 772 591 827 emciet
610 773 743 827 dies.
772 771 898 826 Haec
916 770 1059 826 enim
1084 779 1317 827 vestram
1339 771 1596 840 optimam
1617 771 1722 826 sol-
1822 765 2038 834 pietatis
2064 762 2400 833 providentia
2428 760 2691 830 disposuit
2733 761 3032 837 agendum,
3071 765 3395 821 omnimodis

157 861 509 928 licitndinem,
562 862 789 918 Domine
834 862 911 916 mi
958 862 1149 929 David,
1195 877 1406 932 semper
1453 878 1636 918 amare
1668 870 1725 919 et
1823 872 2082 927 prospere
2110 855 2242 935 mibi
2280 854 2590 924 pervenisse
2624 853 2869 923 probavi.
2909 853 3044 909 Nam
3073 854 3187 913 fere
3210 868 3233 896 ε
3267 866 3396 913 ante

156 955 450 1026 pradicare
494 955 879 1026 agnoscebam;
912 970 1210 1024 omnesque
1254 956 1321 1009 ad
1358 970 1479 1009 eam
1508 955 1721 1011 discen-

157 1046 278 1102 dam
297 1046 594 1111 exhortari,
627 1045 736 1101 imo
756 1053 812 1100 et
839 1046 1076 1116 prtemiis
1115 1046 1516 1116 honoribusque
1568 1046 1722 1102 solli-

158 1131 351 1199 citare,
376 1144 541 1205 atqne
563 1148 630 1189 ex
657 1134 886 1188 diversis
938 1134 1121 1188 mundi
1166 1135 1413 1203 partibus
1457 1143 1727 1190 amatores

160 1226 297 1282 illius
322 1232 519 1282 vestra:
543 1226 697 1280 bona;
722 1225 982 1279 voluntati
1004 1224 1276 1293 adjutores
1300 1241 1596 1283 convocare
1615 1234 1727 1281 stu-

159 1318 367 1373 duistis.
384 1317 533 1372 Inter
544 1332 680 1388 quos
700 1334 787 1373 me
807 1318 970 1373 etiam
1002 1318 1244 1373 inﬁmum
1269 1317 1507 1387 ejusdem
1531 1327 1729 1374 sanctae

159 1406 434 1476 sapientia:
459 1406 831 1471 vernaculum,
860 1408 925 1462 de
949 1408 1154 1463 ultimis
1201 1407 1489 1463 Britannia:
1536 1407 1730 1462 finibus

158 1495 459 1550 adsciscere
475 1495 735 1560 cerastis;
762 1505 925 1565 atque
940 1498 1143 1550 utinam
1170 1504 1278 1550 tam
1299 1496 1484 1550 utilem
1504 1497 1556 1550 in
1574 1497 1731 1550 domo

160 1583 249 1636 Dei
271 1582 569 1648 semidam,
594 1598 757 1654 quam
786 1584 1151 1654 promptnlum
1170 1593 1363 1639 vestra:
1386 1584 1606 1639 obedire
1639 1600 1732 1639 vo-

162 1670 356 1727 luntati
372 1672 542 1739 lonia
554 1672 783 1743 diligens
795 1673 1081 1744 diligebam
1097 1675 1149 1728 in
1167 1675 1529 1730 sacratissimo
1551 1684 1733 1745 pecto-

158 1776 218 1819 re
234 1770 439 1829 vestro,
454 1762 597 1833 quod
616 1763 672 1817 in
701 1778 787 1819 me
808 1779 905 1819 vos
927 1764 1059 1819 velle
1090 1765 1330 1820 invenire
1350 1765 1728 1836 intelligebam.

228 1853 383 1911 Unde
400 1854 637 1924 quotidie
666 1855 819 1911 avida
836 1855 1014 1911 cordis
1036 1856 1349 1921 intentione,
1377 1858 1649 1926 suspensis
1680 1859 1732 1913 in

159 1944 319 1999 verba
344 1919 675 1999 venientium
703 1945 942 2011 auribus,
972 1946 1233 2002 sollicitus
1258 1919 1429 2011 eram,
1453 1919 1587 2016 quid
1600 1948 1731 2003 mihi
1766 1919 1809 1977 Β

166 2034 481 2089 nuntiarent
500 2034 566 2089 de
592 2034 808 2090 domino
832 2051 953 2091 meo
976 2035 1285 2092 dulcissimo
1307 2037 1505 2092 David:
1524 2040 1735 2108 quando

168 2126 381 2181 domum
406 2127 638 2191 rediret;
684 2129 898 2197 quando
919 2130 1150 2198 patriam
1188 2139 1567 2185 reverteretur.
1597 2131 1737 2185 Tan-

167 2213 285 2269 dem
309 2213 617 2284 aliquando,
641 2217 887 2285 quamvis
910 2232 1051 2282 sero,
1082 2234 1181 2274 vox
1204 2227 1386 2288 optata
1414 2234 1738 2274 concurren-

168 2303 300 2359 tium
355 2304 609 2359 desiderii
654 2306 758 2359 mei
814 2304 1049 2362 insonuit
1083 2308 1303 2362 auribus
1334 2326 1347 2360 :
1378 2306 1496 2361 Jam
1520 2306 1739 2377 jamque

165 2393 375 2459 veniet;
406 2406 433 2435 ι
456 2392 569 2462 jam
615 2395 775 2465 Alpes
814 2396 1082 2463 transivit,
1107 2411 1265 2466 quem
1296 2406 1446 2452 tanto
1470 2398 1634 2452 animi
1663 2399 1737 2453 tui

162 2483 396 2551 fervore,
423 2500 458 2540 ο
484 2486 696 2549 Al’xine,
726 2487 914 2541 adesse
941 2488 1160 2556 optasti.
1193 2486 1328 2542 Tum
1366 2503 1467 2557 ego
1492 2496 1741 2557 repetens

166 2575 361 2631 iterum
380 2583 542 2644 atque
562 2575 758 2630 iterum
778 2576 1263 2647 lacrymabili‘voce
1288 2576 1514 2631 clamavi
1537 2594 1553 2630 :
1574 2575 1619 2631 0
1634 2578 1736 2632 Do-

170 2666 312 2721 mine
324 2666 480 2721 Jesu!
506 2679 673 2734 quare
694 2681 799 2720 non
824 2666 922 2720 das
944 2665 1074 2721 mihi
1095 2680 1299 2734 pennas
1327 2665 1554 2734 aquilze?
1570 2681 1741 2735 quare

169 2774 274 2812 non
306 2756 713 2811 translationem
762 2754 1014 2811 Habacuc
1055 2758 1336 2827 praplicta:
1387 2772 1491 2810 una
1520 2758 1625 2821 die,
1654 2756 1739 2811 vel

163 2848 324 2902 etiam
355 2846 488 2901 liora
516 2845 786 2909 concedis,
807 2852 867 2899 ut
895 2845 1185 2915 amplectar
1203 2854 1258 2900 et
1281 2841 1491 2901 dsculer
1519 2847 1740 2916 vestigia

173 2934 328 3005 151
361 2934 504 2989 illius
535 2934 838 3009 charissimi
861 2935 989 2997 mei,
1032 2943 1088 2990 et
1109 2950 1271 3005 super
1306 2950 1467 2991 omne
1504 2937 1645 3005 quod
1685 2937 1739 2990 in

171 3028 276 3083 hoc
306 3027 507 3081 mundo
536 3028 705 3083 amari
742 3035 939 3097 potest,
970 3028 1264 3083 dulcissimi
1306 3028 1489 3083 oculos
1530 3028 1739 3083 videam

168 3117 527 3183 clarissimos;
575 3117 736 3170 verba
780 3117 993 3171 audiam
1011 3116 1436 3186 iucundissima?
1484 3118 1581 3173 Vel
1613 3119 1741 3189 quid

168 3215 237 3259 tu.
248 3205 489 3271 inimica,
507 3213 745 3275 tempore
761 3206 1085 3275 importuno,
1102 3221 1187 3261 me
1197 3208 1472 3278 Oppi-imis,
1489 3207 1672 3274 febris,
1688 3217 1744 3263 et
1766 3240 1814 3299 ο

166 3309 274 3349 non
297 3295 568 3363 permittis
588 3310 674 3350 me
701 3295 857 3350 solita
885 3297 1126 3366 corporis
1150 3298 1253 3352 mei
1277 3298 1552 3353 alacritate
1570 3299 1740 3370 fungi,

167 3393 228 3439 ut
256 3384 339 3439 vel
369 3385 521 3440 tarde
549 3384 664 3450 ﬁat,
693 3389 833 3454 quod
859 3387 968 3441 cito
993 3402 1119 3441 ~non
1154 3386 1330 3442 valet?
1366 3386 1617 3443 Attamen
1639 3390 1743 3443 hoc

166 3475 436 3531 adventus
485 3477 652 3531 vestri
695 3464 1001 3545 gratissimo
1030 3478 1185 3532 laetus
1210 3478 1418 3543 nuntio,
1462 3478 1742 3533 confestim

168 3567 198 3606 ι)
224 3565 527 3622 Candidum
550 3573 793 3620 nostrum
818 3554 1011 3622 vestra:
1037 3568 1248 3623 obviam
1278 3569 1631 3623 sanctissimae
1659 3569 1743 3622 di-

167 3654 389 3711 lectioni
415 3655 648 3725 dirigere
669 3656 871 3721 studui,
893 3656 1101 3713 babcns
1125 3658 1177 3711 in
1218 3673 1378 3712 manu
1407 3659 1741 3721 munuscula,

166 3748 345 3818 gratia
370 3746 619 3812 senioris,
668 3754 847 3801 certus
874 3747 1127 3802 clientelli
1159 3747 1361 3819 ποντα,
1389 3759 1541 3819 grata
1569 3750 1745 3803 senio-

167 3838 247 3895 ris
286 3838 455 3893 vestri
500 3837 799 3910 clientelli],
824 3846 880 3893 et
923 3840 979 3892 in
1022 3851 1116 3893 ore
1141 3839 1474 3894 necessarias
1502 3840 1742 3907 magistri

166 3931 497 3994 voluntates,
520 3944 679 3999 quem
698 3926 1003 4001 benignitas
1021 3939 1222 3995 vestra,
1252 3939 1313 3984 ut
1333 3930 1624 3986 clementer
1649 3924 1736 3985 aii-

169 4022 310 4084 diat,
336 4020 584 4074 obsecro.
1410 4040 1413 4041 ν
1628 4026 1631 4029 ’

239 4109 478 4177 Tempus
515 4116 599 4163 est
652 4117 712 4163 ut
758 4114 1013 4179 agnoscat
1066 4110 1351 4165 inﬁrmitas
1398 4112 1742 4182 fragilitatem

169 4203 348 4266 Suam,
376 4210 431 4255 et
457 4208 565 4255 tota
596 4214 653 4255 se
674 4201 915 4256 conferat
943 4202 995 4254 iu
1013 4201 1358 4255 stabilitatem
1387 4202 1579 4255 animte
1600 4216 1741 4256 sum:

170 4301 231 4347 ut
250 4292 500 4362 quamvis
525 4291 759 4347 exterior
779 4278 939 4346 homo
962 4306 1224 4345 annorum
1251 4306 1474 4345 numero
1498 4291 1581 4346 vel
1601 4307 1744 4345 mor-

169 4382 367 4438 borum
400 4381 642 4436 molestia
677 4391 1017 4445 conteratur,
1057 4391 1231 4437 tamen
1278 4393 1567 4437 renovetur
1606 4383 1746 4437 desi-

172 4467 329 4522 derio
351 4466 544 4521 salutis
582 4476 798 4522 atteram
839 4468 1064 4524 interior
1100 4469 1165 4523 de
1200 4467 1288 4523 die
1312 4469 1367 4522 in
1392 4468 1554 4525 diem.
1593 4456 1765 4534 Quod

1824 956 1928 1010 hoc
1974 951 2398 1024 quinquennium
2447 949 2733 1004 smeulares
2777 950 3177 1019 occupationes,
3223 950 3393 1006 Deum

1824 1054 2015 1108 testor,
2065 1057 2175 1099 non
2202 1040 2327 1097 ﬁcto
2363 1041 2529 1095 corde
2566 1038 2837 1094 declinare
2870 1038 3123 1109 cogitavi.
3164 1038 3269 1094 Sed
3304 1055 3399 1093 ve—
3442 1046 3445 1047 '

1825 1145 1953 1192 strre
1984 1136 2088 1204 pia:
2125 1132 2476 1204 providentia
2517 1129 2745 1185 consilio
2766 1169 2782 1193 ,
2848 1128 3138 1184 translatus
3181 1145 3301 1184 sum
3343 1131 3397 1184 in

1826 1227 2106 1283 servitium
2131 1224 2305 1279 sancti
2331 1222 2563 1283 Martini,
2612 1221 2734 1276 ﬁdei
2763 1222 3041 1276 catholica:
3064 1229 3119 1277 ct
3140 1221 3399 1277 ecclesia-

1826 1320 1978 1375 stica:
1996 1316 2261 1373 sanctioni
2284 1354 2299 1379 ,
2346 1315 2582 1370 donante
2616 1312 2754 1376 Deo,
2792 1312 3111 1382 proficuum.
3170 1311 3288 1367 Non
3310 1328 3400 1367 re-

1827 1411 1994 1466 cessit
2018 1420 2197 1464 tamen
2223 1408 2291 1462 de
2312 1406 2473 1461 corde
2498 1405 2694 1473 prioris
2715 1404 3004 1457 voluntatis
3022 1402 3265 1469 allectus,
3291 1403 3402 1459 sic-

1829 1509 1891 1554 ut
1919 1507 2193 1554 transacto
2216 1511 2356 1551 anno
2381 1503 2573 1549 vestr-.e
2596 1493 2780 1563 pietati
2797 1491 2909 1561 jam
2938 1492 3183 1562 prmdixi.

1903 1591 2029 1645 llaec
2054 1588 2235 1643 omnia
2262 1594 2438 1641 vestra
2483 1584 2787 1638 consideret
2811 1582 3043 1646 bonitas,
3088 1589 3143 1637 et
3164 1582 3252 1652 pia
3277 1598 3403 1652 pro-

1832 1682 2089 1736 missione
2124 1680 2389 1748 disponat,
2420 1676 2571 1747 quia,
2598 1683 2659 1729 ut
2682 1674 2926 1743 pnedixi,
2956 1681 3067 1729 tota
3096 1689 3229 1729 mea:
3250 1690 3401 1730 men-

1835 1774 1902 1828 tis
1943 1771 2169 1825 intentio
2213 1769 2282 1823 ad
2324 1767 2579 1823 bonitatis
2624 1773 2817 1820 vestrm
2861 1764 3141 1820 verissime
3185 1766 3405 1836 respicit

1833 1861 2135 1917 consilium.
2178 1858 2287 1912 Nec
2309 1857 2414 1911 alio
2435 1872 2494 1911 sc
2516 1855 2756 1926 quolibet
2781 1852 2965 1926 [Forte
2985 1894 3000 1919 ,
3043 1855 3133 1910 alii
3169 1871 3228 1910 se
3250 1857 3404 1912 cuili-

1834 1950 1947 2022 bet]
1991 1949 2192 2013 credit;
2241 1947 2366 2016 quia
2408 1946 2463 1999 in
2501 1954 2553 1999 te
2590 1952 2702 1999 tota
2732 1938 3060 1999 inﬁrmitatis
3086 1947 3407 2001 senectutis-

1834 2057 1939 2112 quc
1963 2056 2095 2095 mea:
2124 2037 2418 2093 consolatio
2456 2035 2704 2089 intendit.
2759 2034 2906 2090 Inter
2929 2033 3126 2090 fratres
3152 2035 3207 2089 in
3236 2037 3408 2092 eccle-

1835 2132 1913 2187 sia
1943 2130 2117 2186 sancti
2137 2127 2348 2181 Martini
2374 2126 2483 2181 Deo
2510 2123 2739 2179 fideliter
2767 2124 3064 2179 servientes
3106 2126 3285 2180 vivere
3321 2125 3405 2179 vel

1838 2220 2205 2290 requiescere,
2252 2216 2363 2270 Deo
2411 2214 2731 2277 miserante,
2780 2212 2899 2266 sine
2944 2212 3050 2266 ulla
3076 2212 3407 2267 dubitatione

1835 2310 2111 2373 desidero;
2180 2305 2526 2375 ejusdemque
2584 2302 2880 2358 beatissimi
2929 2303 3163 2371 pectoris
3206 2301 3407 2372 [Forte

1836 2394 2179 2471 protectoris]
2220 2394 2387 2450 vestri
2431 2393 2749 2463 participem
2804 2406 2923 2447 esse
2971 2391 3025 2445 in
3065 2386 3174 2446 vita
3207 2400 3407 2448 mterna

1838 2499 2074 2544 vestram
2139 2486 2482 2542 dilectionem
2535 2482 2919 2553 perpetualiter
2965 2491 3112 2552 opto.
3191 2482 3408 2554 Hocque

1838 2578 2006 2632 Deum
2053 2576 2284 2631 assiduis
2322 2572 2575 2643 precibus
2624 2573 2872 2637 obsecro,
2916 2578 2979 2626 ut
3019 2586 3259 2641 prtesens
3300 2572 3409 2628 vita

1838 2667 2166 2725 excellentia:
2188 2673 2381 2720 vestrae
2398 2663 2515 2733 ejus
2542 2663 2715 2718 sancti
2757 2662 3233 2718 intercessionibus
3259 2662 3409 2731 adju-

1837 2768 2014 2821 vetur,
2039 2762 2372 2826 protegatur,
2400 2752 2463 2809 et‘
2479 2753 2770 2817 consistat;
2816 2760 2873 2807 et
2893 2760 3014 2821 post
3036 2752 3176 2807 hanc
3209 2760 3410 2808 aeterna

1839 2865 1962 2905 cum
1991 2849 2185 2903 eodem
2204 2846 2534 2901 beatitudine
2557 2842 2759 2915 perfrui
2784 2843 3065 2908 merearis,
3088 2843 3303 2901 domine
3324 2845 3409 2900 di—

1837 2938 2131 2993 lectissime
2162 2940 2217 2991 et
2238 2933 2728 2990 desiderantissime
2749 2932 2936 2986 David.

2225 3044 2381 3115 152
2405 3043 2433 3084 ἀ
2460 3040 2791 3098 EPISTOLA
2825 3040 3034 3097 CXXX.

2435 3153 2499 3190 AD
2548 3149 2814 3189 ARNONEI.

2456 3227 2633 3298 (Anno
2657 3227 2804 3294 θοι.)

1849 3316 2095 3395 Ερίειοιίξ
2118 3319 2421 3395 respondet;
2447 3318 2712 3395 sinistram
2756 3316 3096 3394 suspicionem
3124 3332 3163 3395 ρ
3192 3333 3246 3370 se
3269 3334 3410 3395 amo:

1912 3396 2010 3441 ret.
2049 3387 2178 3457 Regi
2197 3384 2251 3457 se
2270 3389 2528 3457 suasisse,
2544 3386 2666 3457 _ait,
2711 3384 2851 3457 quos“
2879 3400 3064 3438 missos
3084 3384 3311 3457 eligeret,
3339 3388 3410 3440 ad

1903 3453 2147 3527 justitias:
2185 3456 2496 3527 faciendas,
2536 3454 2643 3527 Pro
2683 3453 2738 3507 se
2761 3454 2928 3527 D_eum
2954 3453 3224 3527 orarium
3251 3453 3412 3527 Leoni

1910 3518 2078 3596 papte,
2110 3518 2339 3596 Paulino
2362 3525 2693 3596 patrigrcltw,
2710 3533 2758 3577 et
2783 3521 2937 3596 Petro
2963 3518 3336 3596 Mediolartensi
3359 3540 3411 3576 se

1911 3591 2264 3648 commendari
2287 3591 2447 3663 cupit.
2490 3592 2749 3645 Hortatur
2766 3592 2973 3663 demum
3006 3591 3073 3663 ad
3114 3592 3257 3660 pacis
3280 3591 3412 3645 inter

1911 3663 2288 3716 ecclesiasticas
2314 3660 2561 3730 personas
2587 3660 2915 3714 restituenda:
2935 3660 3130 3713 studia.

1893 3759 2207 3815 Venerando
2220 3756 2363 3811 Patri
2378 3758 2581 3827 Aquila:
2595 3757 2915 3825 evangelica:
2924 3757 3151 3811 Albinus
3162 3757 3387 3812 salutem
3398 3800 3411 3811 .

1911 3855 2187 3909 Venerunt
2209 3852 2336 3905 mihi
2364 3859 2555 3905 vestrae
2583 3849 2884 3915 dilectionis
2911 3850 3092 3919 apices
3117 3849 3273 3905 melle
3296 3850 3425 3925 duI-g

1845 3943 2039 4006 ciores,
2064 3954 2197 3996 auro
2233 3940 2433 4010 οιιιγῑο
2464 3940 2725 4009 gratiores
2748 3978 2763 4001 ,
2809 3938 3138 3993 munusculis
3172 3938 3416 4007 sigillatte

1846 4029 2212 4086 suavissimis:
2256 4030 2308 4083 in
2339 4029 2533 4100 quibus
2556 4035 2872 4098 perpetuum
2899 4034 3098 4082 sancta:
3132 4027 3414 4081 cbaritatis

1845 4121 2083 4188 vigorem
2128 4119 2183 4173 in
2210 4117 2389 4173 cordis
2419 4118 2584 4171 vestri
2630 4129 2828 4171 arcano
2857 4116 3080 4187 agnovi,
3127 4132 3288 4187 quam
3313 4132 3415 4171 nec

1844 4208 2034 4277 Alpina
2066 4207 2264 4276 frigora
2288 4246 2304 4270 ,
2349 4221 2449 4260 nec
2489 4205 2657 4259 ltalici
2691 4214 2852 4258 tostus
2891 4205 3202 4259 subvertere
3226 4213 3418 4273 potuc-

1845 4309 1999 4358 runt;
2052 4297 2147 4351 sed
2177 4298 2317 4350 inter
2361 4309 2548 4349 omnes
2578 4293 2735 4363 hujus
2778 4293 2956 4347 szeculi
2998 4293 3340 4349 diversitates
3360 4303 3416 4349 et

1846 4389 2166 4460 caliginosas
2211 4394 2553 4456 tempestates
2614 4386 2767 4454 quasi
2824 4386 3121 4439 matutinus
3174 4386 3410 4451 Lucifer,

1848 4492 2059 4547 semper
2099 4492 2235 4531 nova
2275 4476 2533 4529 exoritur.
2578 4476 2662 4529 De
2690 4490 2793 4544 qua
2832 4483 2885 4528 et
2909 4476 3021 4543 ipsa
3052 4476 3265 4531 Veritas
3288 4479 3362 4531 ait
3394 4498 3406 4532 :

172 4554 410 4625 qualiter
450 4553 565 4608 ﬁeri
608 4555 797 4609 debet“
814 4595 830 4620 ν
874 4571 1024 4611 mens
1050 4572 1169 4610 mea
1193 4565 1386 4612 vestra?
1412 4558 1629 4626 Pietatis
1651 4552 1744 4614 ex?
1771 4567 1821 4627 D
1848 4567 2155 4621 Mandatum
2177 4582 2360 4619 novum
2384 4565 2454 4617 do
2486 4564 2624 4616 vobis
2646 4565 2826 4633 (Joan.
2854 4580 2972 4625 xm,
3009 4564 3121 4633 34).
3164 4564 3404 4629 Novum;

172 4652 384 4715 spectat
437 4636 739 4699 conSilium.
830 4645 965 4699 Nam
1018 4646 1063 4700 si
1108 4658 1348 4715 praeceps
1394 4648 1740 4715 pugnantium

172 4737 523 4807 prmsumptio
555 4751 698 4806 smpe
724 4736 786 4798 in
822 4737 1114 4811 periculum
1141 4738 1316 4802 cadit,
1344 4746 1544 4806 quanto
1574 4740 1744 4808 magis

175 4826 272 4897 qui
301 4824 541 4895 spiritale
573 4825 709 4879 inire
738 4824 937 4894 cogitat
962 4836 1231 4880 certamen
1252 4865 1266 4889 ,
1315 4826 1357 4879 si
1386 4825 1610 4881 consilio
1636 4842 1741 4881 non

178 4917 388 4988 regitur
425 4916 715 4985 prudenti,
760 4931 857 4983 per
890 4917 1035 4971 vices
1071 4916 1274 4973 incerta
1300 4917 1458 4971 sudat
1482 4917 1749 4971 victoria?

174 5006 333 5074 Quod
363 5021 433 5060 ne
456 5005 634 5065 lieret,
677 5012 861 5058 saneta
888 5005 1162 5072 prohibuit
1189 5006 1494 5074 Scriptura,
1522 5007 1704 5061 dicens
1728 5026 1741 5060 :

172 5098 373 5155 Omnia
423 5096 508 5150 fac
554 5110 651 5165 per
695 5095 1012 5159 consilium,
1062 5104 1246 5163 postea
1294 5092 1413 5150 non
1464 5099 1749 5165 pmnitebis

177 5184 569 5254 (Ecdi.,xxxn,
611 5182 722 5254 2i).
780 5182 892 5236 Hoc
931 5183 1132 5251 optime
1178 5183 1383 5246 sciens,
1431 5185 1537 5238 mei
1582 5186 1750 5253 ipsius

176 5275 364 5328 minus
399 5272 674 5328 conlidens
717 5271 1064 5341 dispositione
1085 5281 1294 5328 vestrm
1327 5274 1623 5343 prudentiae
1663 5290 1749 5330 me

251 5396 295 5465 '_
316 5382 625 5465 Jam‘tl‘l‘pes
655 5385 911 5465 transivit.
939 5381 974 5465 ς(
1001 5382 1117 5465 Ipse
1140 5400 1271 5465 vero
1292 5384 1577 5465 (Carolus)
1609 5386 1748 5465 cele-

175 5452 337 5528 brato
375 5452 543 5528 natali
559 5453 736 5528 sancti
763 5452 992 5528 Joannis
1021 5452 1273 5522 Baptista:
1304 5452 1445 5524 apud
1466 5452 1749 5528 Eporejatn

178 5521 233 5595 (1
236 5524 378 5588 vrée,
404 5517 536 5577 urbs
559 5516 909 5595 Pedemontii)
930 5516 1114 5595 alpes-
1128 5516 1492 5595 transgressus
1509 5516 1587 5579 "in
1606 5524 1750 5595 ﬁal-

177 5588 311 5646 liam
331 5606 584 5646 reversus
611 5597 714 5644 est.
734 5589 767 5639 ἰ
791 5588 1303 5648 Αιιηαιίιοίδεὶίειιῆ
1317 5594 1383 5645 ad
1409 5608 1540 5647 ann.
1560 5594 1656 5649 80l
1672 5634 1685 5647 .

252 5662 280 5700 δ
319 5658 635 5731 candidum.
670 5658 765 5727 Hic
784 5659 872 5715 ille
896 5669 981 5717 est
1001 5660 1181 5731 )Vitso
1200 5662 1407 5731 Alcuini
1434 5662 1747 5731 discipulus,

179 5744 342 5795 quem
368 5730 562 5784 Pelius
576 5724 861 5799 perperam
879 5722 1162 5787 confundit
1185 5747 1306 5785 cum
1324 5730 1492 5785 altero
1511 5722 1751 5799 Candida

182 5798 435 5855 t-‘uldensi
483 5797 768 5868 monacho,
806 5797 1011 5868 dequo
1058 5801 1110 5853 in
1145 5800 1300 5864 _llist.
1357 5799 1459 5851 Lit.
1514 5798 1751 5852 Francia-

188 5873 317 5921 uini.
343 5868 412 5933 γ,
442 5883 564 5933 pag.
598 5866 681 5920 10.
717 5865 1043 5921 Cumifvor.

1845 4655 1971 4725 quia
2000 4654 2362 4724 evangelicum
2391 4671 2404 4705 :
2458 4660 2645 4719 vetus;
2682 4654 2805 4721 quia
2845 4653 3012 4721 legale
3038 4672 3050 4706 :
3077 4655 3132 4707 in
3168 4671 3275 4724 quo
3304 4668 3414 4711 tota

1844 4744 1927 4797 lea:
1950 4744 2133 4814 pendet
2159 4751 2206 4796 et
2246 4744 2506 4813 propheta:
2554 4741 2765 4811 (Matth.
2813 4759 2948 4806 xxxi,
2970 4742 3059 4804 40)
3081 4760 3097 4807 ;
3122 4744 3174 4796 in
3200 4760 3308 4814 quo
3334 4757 3415 4801 ιο-

1846 4834 1951 4887 tius
1971 4832 2155 4907 gratiae
2180 4847 2387 4886 summa
2409 4832 2673 4886 consistit.
2712 4831 2913 4885 Novum
2939 4847 2951 4883 :
2980 4833 3101 4900 quia
3126 4832 3268 4899 foras
3295 4837 3415 4887 mit-

1844 4924 1902 4975 tit
1934 4925 2169 4977 timorem
2222 4922 2273 4993 (1
2297 4923 2456 4975 Joan.
2489 4938 2564 4985 tv,
2595 4921 2702 4991 18).
2761 4920 2893 5002 Quia
2937 4922 3081 4989 quod
3123 4938 3283 4990 grave
3316 4923 3416 4978 fuit

1845 5030 1941 5084 per
1977 5015 2219 5066 timorem
2238 5051 2254 5073 ,
2295 5012 2406 5064 leve
2432 5012 2532 5065 erit
2560 5024 2657 5077 per
2685 5024 2940 5073 amorem,
2986 5017 3213 5063 testante
3236 5010 3412 5064 chari-

1847 5103 1973 5154 tatis
2000 5100 2176 5153 fonte:
2210 5099 2402 5166 Jugun‘t
2442 5112 2609 5150 meum
2652 5114 2805 5150 suave
2846 5105 2941 5159 est,
2983 5105 3031 5149 et
3074 5112 3202 5149 onus
3237 5114 3409 5149 meum

1846 5188 1951 5241 leve
1991 5199 2065 5241 est
2114 5186 2327 5259 (Matth.
2358 5196 2432 5250 XI,
2467 5186 2577 5256 50).
2616 5187 2692 5240 Ex
2721 5184 2875 5252 hujus
2908 5185 3029 5238 favo
3059 5184 3221 5238 totius
3253 5186 3410 5239 char—

1850 5276 1972 5331 tula:
1999 5287 2102 5332 tuae
2144 5276 2478 5345 resplenduit
2526 5276 2711 5329 series.
2771 5273 2974 5329 Credas
3014 5273 3202 5340 velim,
3251 5272 3411 5328 Pater

1919 5398 1941 5424 ε
1985 5387 2116 5439 Ante
2166 5363 2726 5452 Itemqut'oquennium.
2766 5375 2967 5450 Nempe
2998 5395 3137 5452 anno
3163 5374 3289 5452 796.
3331 5382 3409 5435 Ex

1850 5458 1951 5510 hoc
1967 5455 2087 5508 loco
2114 5454 2275 5523 igitur
2303 5446 2569 5523 colligitur
2586 5446 2946 5523 tempusid-li
2980 5449 3048 5503 ab
3071 5446 3295 5504 Alcuino
3324 5466 3411 5505 re—

1850 5520 2852 5598 gimicisumcpesxsriimellinae:
3160 5582 3169 5598 ς

1918 5589 2346 5669 ἀ,ιεδέι.ὶςεὺίι1.
2379 5589 2883 5669 l6nubi_inscriptio
2924 5582 3048 5669 talis
3256 5582 3414 5669 γεκε-

1855 5652 2016 5713 rando
2038 5648 2209 5729 Patri,
2234 5659 2550 5729 fevangeliea
2577 5647 2807 5729 lectionis
2827 5658 3045 5729 doctgrt'.
3072 5647 3413 5729 integra

1850 5728 2321 5867 ἓὲἑιωθὲιὲξιῗιιίο
2342 5722 2516 5797 ρῑιοάὶι
2541 5740 2605 5779 ex
2650 5728 2766 5780 eod.
2802 5743 2900 5805 ms.
2931 5722 3123 5779 Satisb.
3156 5722 3411 5781 (Froben.
