4400 6414
813 495 912 550 Sil

1674 498 1732 550 Β.
1776 497 1835 549 Ι·“.
1877 495 2100 549 ΑΜΞΙΣΙ
2141 493 2270 549 SEU
2311 491 2585 547 ALCUINI
2623 494 2902 548 OPEIUJM
2937 494 3115 548 ΡΜιὸ
3151 495 3188 547 l.

3946 491 4050 548 571

811 607 1060 662 munibus
1089 609 1444 691 supercellere
1471 605 1614 662 fecit.
1642 608 1903 677 Perpetua
1925 609 2222 678 gratiarum
2242 606 2386 660 actio
2414 606 2456 662 Α
2487 607 2602 659 Act.
2629 622 2749 670 xm,
2779 606 2893 676 2:).
2922 607 2978 661 Id
3005 615 3108 668 est.
3137 605 3266 660 mihi
3299 615 3509 660 servate
3527 605 3840 669 lvindictam,
3866 613 3924 660 et
3953 620 4053 675 ego

810 706 1042 759 resonet,
1065 705 1120 752 et
1151 698 1364 752 assidua
1393 705 1700 753 sanctarum
1736 697 2050 752 intercessio
2076 697 2383 751 orationum

813 787 882 841 ad
913 787 1078 841 Deum
1129 788 1411 859 dirigatur,
1465 795 1730 857 quatenus
1753 788 1994 859 longmva
2024 787 2384 857 prosperitate

811 879 1043 933 feliciter
1070 879 1220 934 vivas
1251 919 1268 945 ,
1317 879 1496 934 valeas
1524 887 1579 934 et
1602 891 1797 950 regnes
1819 880 1889 934 ad
1912 878 2301 934 correctionem
2327 884 2384 932 et

806 968 1190 1023 exultationem
1219 971 1420 1025 sanet-.e
1446 985 1558 1024 sum
1600 969 1855 1024 Ecclesim
1883 1009 1899 1034 ,
1970 977 2033 1023 ut
2081 968 2184 1022 sub
2206 975 2383 1037 prote-

809 1059 990 1115 ctione
1017 1069 1122 1114 tum
1147 1059 1465 1115 venerandm
1491 1060 1776 1130 potestatis
1819 1074 2006 1115 secura
2045 1058 2227 1130 quiete
2273 1059 2382 1114 Deo

809 1148 1095 1202 deserviat.
1133 1145 1307 1202 Eﬂudi
1333 1148 1539 1218 pridem
1582 1140 1770 1218 preces
1801 1147 2206 1218 supplicationis
2248 1161 2382 1202 mea:

807 1251 906 1305 per
932 1236 1230 1292 Candidum
1269 1228 1529 1291 famulum
1562 1246 1824 1302 vestrum,
1871 1252 2007 1306 quas
2039 1251 2233 1306 precor
2272 1235 2381 1290 cle-

807 1327 972 1382 menti
1001 1327 1181 1382 animo
1205 1337 1439 1382 vestram
1477 1328 1751 1398 suscipere
1792 1327 2070 1397 pietatem.
2111 1324 2381 1405 Quidquid

806 1420 1020 1474 animus
1045 1421 1310 1490 suggessit
1343 1435 1495 1474 meus
1549 1420 1698 1484 mihi,
1748 1427 1920 1474 totum
1959 1416 2081 1472 misi
2127 1417 2182 1471 in
2221 1430 2380 1470 aures

803 1511 943 1582 ejus,
967 1520 1028 1565 ut
1049 1519 1394 1566 conservaret
1413 1511 1466 1566 in
1495 1509 1677 1575 corde,
1703 1517 2002 1579 vestrmque
2022 1507 2260 1562 veridico
2282 1521 2380 1563 ore

805 1609 1106 1670 patesceret
1130 1601 1340 1671 pietati.

873 1694 980 1750 Sed
1002 1693 1125 1748 novi
1158 1708 1337 1746 rerum
1376 1701 1602 1747 eventus
1643 1707 1811 1746 novos
1842 1693 2071 1758 iterum,
2099 1690 2379 1746 charitatis

799 1801 976 1859 penna
1001 1828 1017 1851 ,
1061 1801 1285 1842 exarare
1312 1799 1486 1839 meam
1514 1785 1848 1840 devotionem
1875 1783 2054 1853 apices
2084 1784 2377 1839 exhortan-

800 1889 911 1935 tur.
929 1878 1131 1934 Audivi
1157 1877 1443 1948 siquidem,
1491 1877 1636 1947 quod
1675 1877 1793 1931 sine
1821 1876 2006 1931 dolore
2035 1883 2090 1930 et
2122 1874 2376 1945 lacrymis

802 1989 911 2028 non
955 1973 1150 2036 dicam,
1184 1983 1210 2011 ι
1240 1969 1641 2041 Ilaganfredum
1668 1971 1702 2022 ti
1722 1967 1879 2022 lelem
1921 1978 2159 2022 vestrum
2193 1967 2375 2022 nobis-
2405 1947 2452 2007 Β

797 2078 906 2134 que
952 2063 1328 2118 charissimam
1383 2061 1616 2116 amicum
1673 2060 1726 2115 in
1791 2059 2164 2115 Beneventana
2230 2059 2372 2114 diem

797 2154 996 2209 abiisse
1016 2153 1211 2223 patria.
1241 2151 1395 2208 Unde
1424 2159 1644 2221 rogatus
1672 2164 1791 2206 sum
1810 2165 1840 2203 a
1869 2149 2129 2204 fratribus
2151 2149 2180 2189 δ
2199 2149 2373 2203 sancti

803 2243 949 2299 Petri
995 2243 1203 2298 litteras
1232 2243 1465 2311 dirigere
1501 2241 1725 2295 bonitati
1762 2249 1951 2294 vestrm
1972 2280 1988 2304 ,
2019 2253 2118 2309 pro
2166 2237 2375 2293 cellulis

801 2335 870 2390 ad
893 2349 1010 2390 eam
1041 2333 1338 2402 antiquitus
1361 2329 2071 2401 pertinentibuseeclesiam,
2088 2337 2148 2383 ut
2167 2343 2374 2384 merces

799 2433 976 2480 vestra
1004 2432 1152 2480 esset
1176 2438 1239 2478 ex
1273 2423 1486 2476 illarum
1518 2421 1808 2492 aliquibus,
1837 2419 1884 2475 si
1913 2428 2105 2475 vestrm
2129 2417 2376 2472 videatur

797 2515 1177 2584 providentim;
1217 2513 1465 2568 similiter
1492 2521 1548 2566 et
1575 2527 1675 2580 pro
1697 2511 1839 2565 atrio
1866 2510 2009 2564 intra
2038 2523 2222 2564 muros
2248 2507 2376 2562 civi-

797 2605 924 2660 tatis
954 2645 970 2670 ,
1019 2603 1160 2658 unde
1189 2601 1446 2658 fratribus
1479 2602 1648 2656 sancti
1687 2599 1832 2656 Petri
1865 2599 2126 2654 habitatio
2147 2597 2372 2653 honesta

795 2694 1032 2749 construi
1055 2693 1337 2763 potuisset.
1363 2692 1441 2746 De
1465 2692 1549 2746 his
1573 2691 1825 2746 omnibus
1853 2697 2034 2744 vestra
2067 2685 2374 2744 consideret

795 2785 1028 2849 bonitas,
1053 2783 1183 2854 quid
1211 2783 1320 2837 Deo
1347 2769 1588 2851 placeat,
1615 2789 1905 2850 vestroque
1949 2779 2151 2834 nomini
2202 2779 2370 2834 hono-

803 2873 972 2927 rabile
1001 2872 1114 2936 ﬁat,
1142 2882 1198 2927 et
1227 2871 1453 2926 bonitati
1477 2871 1727 2927 amabile.

867 2961 974 3018 Sed
1003 2963 1172 3018 multo
1203 2961 1375 3031 major
1397 2970 1453 3018 et
1488 2961 1608 3032 plus
1656 2961 1962 3016 necessaria
1997 2958 2195 3031 populo
2215 2958 2373 3014 Chri-

795 3054 972 3109 stiano
997 3069 1155 3108 causa
1177 3054 1436 3119 occurrit,
1464 3050 1651 3124 preces
1669 3061 1942 3123 prostrato
1960 3051 2234 3108 effundere
2253 3067 2375 3107 cor-

795 3159 925 3215 pore
953 3151 1078 3198 ante
1105 3143 1270 3214 pedes
1298 3143 1512 3213 pietatis
1541 3153 1753 3199 vestrm.
1784 3143 1997 3208 Primo,
2024 3156 2094 3197 ne
2118 3141 2374 3197 irascaris

795 3235 1118 3290 ﬁdelissimm
1141 3235 1395 3290 charitati
1431 3249 1564 3289 mem
1587 3274 1604 3300 ,
1635 3249 1739 3304 qua
1765 3249 1851 3288 me
1888 3233 2122 3289 maxime
2158 3233 2372 3288 debito-

793 3341 908 3382 rem
937 3325 1254 3396 benignitati
1303 3331 1498 3380 vestrm
1539 3324 1817 3380 verissime
1840 3338 2093 3394 agnosco.
2121 3323 2370 3380 Secundo

791 3416 956 3470 etiam
995 3414 1214 3477 loco,.et
1242 3415 1345 3468 hoc
1377 3413 1568 3468 intimo
1593 3413 1772 3468 cordis
1804 3411 1996 3468 all'ectu
2021 3413 2274 3482 deposco,
2309 3419 2369 3466 ut

792 3508 1131 3565 sanctissima
1157 3509 1435 3578 sapientize
1457 3516 1649 3562 vestrm
1671 3508 2040 3576 consideratio.
2065 3507 2366 3577 provideat,

792 3602 920 3671 quid
950 3603 1058 3657 Deo
1077 3601 1319 3673 placeat,
1349 3601 1432 3657 vel
1461 3601 1590 3671 quid
1614 3601 1810 3672 populo
1834 3599 2091 3672 proﬁciat
2104 3599 2368 3656 Christia-

792 3708 862 3746 uo
897 3702 918 3728 ο
949 3691 1017 3745 de
1044 3691 1386 3760 expeditione
1410 3691 1590 3744 hostili
1621 3692 1672 3744 in
1697 3690 2070 3745 Beneventana
2104 3691 2272 3756 terra,
2301 3704 2369 3745 ne

792 3782 966 3851 majus
999 3781 1100 3835 sibi
1127 3781 1339 3834 eveniat
1365 3781 1619 3834 damnum
1639 3779 1707 3834 de
1733 3779 1977 3835 ﬁdelibus
1998 3780 2124 3834 tuis.
2156 3779 2370 3850 Optime

795 3870 955 3940 156
981 3869 1122 3925 nosti
1155 3869 1422 3938 quomodo
1466 3871 1644 3924 divina
1669 3884 1767 3939 pro
1806 3878 1858 3924 te
1883 3871 2153 3940 pugnabat
2184 3869 2366 3939 provi-

791 3958 992 4010 dentia.
1023 3959 1240 4011 Patrem
1266 3998 1280 4021 ,
1319 3957 1648 4028 fratremque
1678 3957 1836 4027 hujus
1860 3959 1885 3996 ά
1929 3958 2226 4027 impiissimi
2270 3959 2368 4014 h0—

793 4046 955 4101 minis
985 4045 1038 4100 in
1069 4047 1217 4100 brevi
1257 4047 1378 4100 tulit
1413 4046 1662 4102 articulo.
1705 4046 1797 4102 Sic
1843 4047 2024 4110 etiam,
2058 4047 2137 4102 sic
2163 4047 2322 4102 faciet
2351 4091 2366 4114 ,

791 4138 1061 4193 credimus
1090 4179 1106 4203 ,
1153 4137 1198 4192 si
1251 4138 1393 4192 illius
1422 4147 1603 4192 sancta
1631 4137 1875 4193 voluntas
1903 4138 2139 4208 disponit
2163 4179 2178 4204 ,
2230 4148 2290 4193 ut
2314 4149 2370 4194 et

793 4231 896 4285 iste
921 4237 1129 4300 pereat,
1148 4230 1264 4283 sine
1293 4229 1472 4298 aliquo
1508 4231 1742 4284 fidelium
1773 4231 1970 4286 damno
2011 4240 2225 4288 tuorum
2249 4246 2369 4285 eve-

792 4321 926 4375 niat.
959 4320 1108 4375 Talia
1142 4328 1367 4390 possunt
1416 4319 1529 4376 fere
1569 4321 1760 4376 melius
1791 4335 1858 4375 ex
1894 4321 2120 4376 consilio
2146 4361 2162 4388 ,
2205 4337 2368 4392 quam

794 4417 979 4480 aperta
1012 4411 1418 4478 expugnatione,
1448 4425 1546 4480 per
1571 4420 1782 4481 tempus
1813 4412 1973 4466 ﬁnem
2006 4411 2222 4466 habere.
2251 4411 2369 4478 Quo

795 4503 916 4570 plus
943 4499 1190 4554 humiliat
1215 4517 1272 4555 se
1295 4502 1454 4556 homo
1485 4503 1586 4557 sub
1629 4519 1788 4556 manu
1818 4503 2203 4573 omnipotentis
2233 4503 2325 4558 Dei
2349 4545 2365 4568 ,

794 4607 860 4646 eo
888 4591 1044 4645 citius
1078 4591 1310 4657 vindicat
1334 4593 1556 4662 injurias
1583 4608 1861 4649 servorum
1889 4633 1903 4656 ,
1931 4594 2022 4662 qui
2065 4595 2140 4648 ait
2177 4609 2193 4646 :
2232 4594 2366 4648 Mihi

2483 697 2734 768 pugnabo
2763 713 2863 767 pro
2890 697 3064 751 vobis.
3099 695 3234 750 Nam
3272 694 3462 761 David,
3487 697 3554 750 de
3577 707 3688 764 quo
3714 696 3829 764 ipse
3871 693 4052 750 Domi-

2481 803 2584 843 nus
2613 795 2720 842 tam
2743 787 2970 842 sublime
2983 787 3207 858 protulit
3231 787 3628 852 testimonium;
3661 784 3842 840 Intraui
3870 784 4044 840 David

2479 878 2650 946 [ilium
2671 878 2818 932 huc
2841 879 3010 932 virum
3045 877 3326 932 secundum
3357 892 3448 931 cor
3471 892 3641 930 meum
3669 875 3758 944 (ΙΙ
3781 874 3912 946 Reg.
3934 889 4051 940 xrx,

2478 968 2594 1041 25).
2622 969 2739 1038 Ipse
2781 970 2946 1040 igitur
2985 969 3163 1024 Semei
3203 969 3308 1023 sibi
3336 968 3739 1024 maledicentem
3779 967 4053 1036 prohibuit

2479 1061 2652 1116 occidi
2678 1102 2692 1124 ,
2725 1071 2915 1131 optans
2949 1061 3050 1115 sibi
3081 1076 3178 1131 pm
3217 1061 3473 1130 patientia
3523 1057 3843 1115 humilitatis
3877 1073 3990 1114 sum
4017 1073 4048 1111 a

2479 1151 2592 1207 Deo
2615 1153 2731 1207 dari
2762 1153 3208 1207 benedictionem.

2550 1263 2676 1319 llmc
2703 1265 2866 1318 etiam
2901 1265 3226 1320 acutissimm
3263 1264 3538 1335 sapientia:
3567 1264 3903 1334 investigatio
3943 1263 4050 1319 dis-
4083 1235 4089 1240 ν

2479 1363 2644 1424 ponat
2669 1396 2684 1420 ,
2727 1356 3020 1410 secundum
3043 1356 3268 1424 rationis
3293 1357 3628 1412 vivacitat
3673 1365 3730 1412 et
3755 1354 4046 1412 modum

2480 1444 2710 1500 salutem
2757 1444 2790 1499 ﬁ
2815 1445 2993 1500 Selium
3021 1444 3234 1501 tnbrum
3265 1447 3614 1502 considerans
3637 1447 3906 1517 quomodo
3924 1448 4042 1502 ani-

2479 1551 2599 1590 mus
2621 1535 2832 1591 illorum
2867 1537 2986 1593 sine
3027 1539 3309 1608 prmsentia
3332 1538 3682 1594 beatitudinis
3700 1536 4046 1610 tum'longum

2478 1626 2699 1680 suﬁ’erat
2729 1627 2986 1682 laborem.
3017 1629 3186 1682 Deum
3222 1630 3413 1683 invoco
3459 1637 3649 1685 testem
3684 1628 3863 1684 cordis
3891 1627 3999 1682 mei
4028 1669 4045 1696 ,

2479 1722 2593 1775 haec
2635 1721 2686 1790 pl
2708 1737 2787 1774 -na
2818 1721 2943 1782 fide,
2972 1731 3028 1776 et
3055 1720 3292 1796 perfecto
3321 1725 3692 1793 prosperitatis
3741 1732 3936 1780 vestrm
3987 1726 4042 1780 in

2477 1814 2728 1867 omnibus
2751 1811 3018 1867 desiderio
3050 1814 3348 1883 scripsisse,
3375 1816 3666 1870 obsecrans
3689 1813 3912 1884 supplici
3941 1815 4038 1885 de-

2478 1907 2712 1970 votione,
2740 1907 2856 1961 hmo
2896 1905 3082 1961 eadem
3107 1907 3374 1976 patienter
3399 1917 3631 1962 vestram
3654 1908 3831 1976 legere
3863 1909 4038 1964 beati-

2479 1999 2751 2063 tudinem,
2799 2015 2899 2054 nec
2945 1997 3144 2068 aliquid
3190 1999 3478 2052 iracundia:
3521 1999 3576 2052 in
3615 2013 3790 2054 meam
3844 2000 4047 2054 habere

2470 2089 2966 2159 praesumptionem,
3006 2089 3132 2142 talia
3180 2097 3375 2144 vestrm
3415 2089 3705 2158 mgerentis
3747 2089 4044 2158 sapientim.

2472 2178 2623 2234 Licet
2654 2179 2891 2233 charitas
2920 2193 3036 2233 mea
3076 2178 3238 2233 stulta
3268 2179 3434 2233 videri
3464 2178 3671 2246 valeat,
3696 2187 3876 2234 tamen
3902 2195 4042 2240 nun-

2471 2285 2630 2340 quam
2662 2268 2923 2332 inﬁdelis,
2947 2283 3048 2340 nec
3077 2269 3128 2324 in
3167 2269 3389 2324 minimo
3417 2285 3516 2325 nec
3541 2269 3594 2324 in
3636 2261 4045 2325 maximo'inve-

2471 2361 2575 2416 uiri
2615 2362 2832 2432 poterit.
2880 2360 3098 2416 Fiducia
3139 2360 3283 2416 enim
3306 2361 3698 2430 probatissimm
3721 2361 4048 2418 humilitatis

2473 2459 2666 2505 vestrm
2695 2451 2810 2505 hme
2839 2450 3077 2506 scribere
3101 2450 3460 2521 prmsumpsit.

2544 2561 2705 2617 Forte
2732 2561 2985 2631 quislibet
3022 2561 3153 2616 dicit
3195 2576 3210 2615 :
3258 2561 3387 2630 quid
3435 2561 3524 2616 ille
3562 2562 3723 2617 homo
3752 2561 3942 2619 alienis
3985 2576 4045 2616 se

2427 2702 2432 2707 .
2473 2655 2671 2724 ingerit
2717 2654 2923 2710 rebus?
2968 2653 3084 2709 Non
3139 2652 3381 2734 agnoscit
3425 2653 3558 2709 nihil
3625 2654 3755 2710 milii
3809 2655 4044 2712 alienum

2473 2755 2668 2801 vestrm
2693 2747 3070 2816 prosperitatis
3083 2761 3204 2801 esse
3217 2746 3434 2812 debere,
3453 2761 3614 2816 quam
3635 2747 3797 2816 super
3816 2746 4043 2801 salutem

2474 2837 2720 2908 corporis
2753 2837 2860 2892 mei
2884 2835 2966 2892 vel
2995 2837 3120 2891 vitm
3140 2850 3273 2891 mem
3301 2835 3687 2906 longmvitatem
3710 2834 3934 2906 diligere
3953 2851 4041 2888 me

2475 2936 2668 2983 testor.
2703 2926 2783 2981 Tu
2809 2927 3142 2998 prosperitas
3175 2926 3348 2995 regni,
3373 2934 3428 2980 tu
3457 2925 3604 2980 salus
3624 2923 3826 2996 populi,
3867 2933 3925 2980 tu
3952 2924 4047 2978 de-

2473 3035 2571 3076 cus
2595 3020 2874 3085 Ecclesim,
2905 3026 2964 3074 ιιι
2988 3018 3228 3074 omnium
3267 3017 3530 3088 protectio
3551 3000 3782 3073 ﬁdelium
3803 3015 4040 3080 Christi;

2473 3111 2629 3165 nobis
2673 3109 2841 3179 igitur
2890 3109 2991 3163 sub
3026 3108 3213 3164 umbra
3261 3107 3532 3178 potentiae,
3570 3115 3627 3162 et
3666 3107 3768 3162 sub
3811 3105 4047 3175 tegmine

2473 3201 2689 3272 pietatis
2714 3208 2818 3255 tum
2838 3241 2853 3265 ,
2886 3199 3068 3255 divina
3094 3200 3363 3255 concessit
3388 3199 3560 3269 gratia
3599 3198 3904 3269 religiosam
3946 3197 4044 3253 dn-

2395 3321 2442 3385 c
2474 3307 2601 3385 cere
2631 3292 2800 3385 vitam
2823 3332 2838 3355 ,
2871 3299 3040 3385 atque
3067 3278 3258 3372 secura
3282 3290 3462 3385 quiete
3475 3290 3600 3385 Deo
3630 3287 3846 3385 (ξιιτίαο
3866 3289 4047 3348 deser-

2470 3381 2606 3436 vire.
2630 3380 2770 3435 .ldeo
2809 3380 3037 3435 sollicita
3067 3386 3248 3435 mente
3271 3387 3328 3435 et
3355 3379 3444 3450 pia
3473 3379 3787 3441 intentione,
3824 3394 3923 3449 pro
3950 3386 4047 3433 tua

2467 3470 2832 3540 prosperitate
2864 3476 2920 3522 et
2962 3468 3136 3523 salute
3174 3483 3360 3522 curam
3396 3467 3593 3522 habere
3631 3475 3688 3521 et
3713 3467 4050 3523 intercedere

2461 3561 2669 3632 justum
2707 3569 2764 3614 et
2803 3559 3168 3615 necessarium
3191 3559 3476 3625 habemus,
3499 3558 3712 3614 domine
3734 3559 4049 3612 desideran-

2469 3652 2677 3706 tissime
2709 3661 2872 3721 atque
2894 3642 3040 3706 omni
3064 3650 3266 3704 honore
3291 3649 3600 3720 dignissime
3627 3649 3794 3704 David
3828 3654 3957 3708 rex!

2807 3785 2964 3858 157
2996 3798 3021 3826 ο
3058 3782 3386 3844 EPISTOLA
3423 3783 3704 3840 CXXXIV.

2983 3918 3050 3954 AD
3087 3915 3303 3955 DOINUI
3331 3915 3523 3955 ιιεοεν.

3073 4010 3251 4082 (Anno
3284 4008 3436 4081 son.)

2455 4091 2684 4177 .Cratias
2709 4121 2816 4192 agit
2840 4119 3273 4194 p_ro_bengfartis;
3312 4130 3359 4174 et
3387 4120 3532 4194 ut‘ob
3569 4121 3798 4194 corporis
3825 4120 4048 4194 inﬁrmi-

2540 4201 2710 4314 tate";-
2742 4189 2882 4261 apud
2928 4189 2989 4246 S.
3036 4189 3324 4244 Martinam
3369 4191 3465 4244 sibi
3512 4191 3824 4260 requiescere
3867 4189 4040 4255 licem,

2540 4279 2670 4314 anno
2692 4270 2817 4314 tcat.

2539 4270 2817 4332 supplicat.

2542 4392 2768 4447 Domino
2811 4390 3054 4460 piissimo
3101 4391 3267 4444 David
3312 4391 3453 4460 regi,
3501 4389 3726 4446 Albinus
3769 4400 4042 4459 perpetem

2471 4481 2819 4537 beatitudinis
2846 4480 3094 4534 salutem.

2541 4570 2760 4625 Summa
2801 4570 2940 4624 Deus
2973 4569 3212 4624 Trinitas
3265 4576 3455 4624 vestrm
3494 4570 3756 4634 bonitati,
3797 4571 4040 4627 omnium

795 4685 1092 4746 riudfrtam,
1123 4703 1214 4754 ego
1248 4660 1528 4739 retribuam
1553 4685 1732 4757 (Rom.
1753 4703 1848 4751 xu,
1878 4660 1978 4751 l9_;
2001 4684 2158 4740 Hebr.
2189 4703 2245 4752 x,
2270 4687 2362 4752 50;
2395 4675 2442 4734 Ι)

2395 4675 2442 4734 ι)
2465 4662 2809 4718 dilectissime
2866 4660 3032 4717 David
3055 4699 3073 4725 ,
3131 4669 3330 4715 mterna
3381 4662 3628 4716 restituat
3683 4660 4038 4725 beatitudine,

869 4869 893 4896 ι
932 4855 1358 4938 .llagunfredum.
1379 4857 1544 4938 ⁸Ιξιιιιε
1574 4858 1833 4938 eumdem
1855 4873 1974 4913 esse
1999 4859 2272 4924 existimo,
2301 4861 2370 4914 ad

794 4941 954 4996 quem
978 4926 1177 4994 scripta
1199 4934 1283 4979 est
1311 4945 1339 4978 e
1379 4927 1532 4980 istola
1562 4926 1651 4979 42.

869 4995 896 5034 ιι
922 4993 1198 5050 Fratribus
1231 4996 1291 5049 S.
1322 4943 1488 5049 [remi
1512 4995 1624 5050 Hoc
1652 4995 1718 5051 de
1745 4997 2076 5051 monasterio
2099 4997 2367 5052 Beneven-

799 5077 928 5120 tano
963 5065 1020 5119 ὃ.
1040 5065 1194 5136 Petri
1235 5067 1304 5120 ad
1341 5065 1539 5136 Corpus
1568 5068 1735 5130 dictu,
1779 5083 1898 5136 qum
1941 5068 2104 5126 modo,
2128 5068 2366 5122 Ecclesia

833 5135 1102 5191 armcialis
1128 5145 1231 5198 est,
1279 5135 1737 5206 interpretandum
1780 5135 1992 5192 videtur
2034 5136 2360 5204 Mabillonio,

821 5209 891 5260 ib.
920 5221 1062 5259 xxvii
1091 5205 1284 5259 Annal.
1313 5221 1458 5258 num.
1490 5206 1542 5260 6.

872 5290 891 5313 υ
930 5277 1013 5348 De
1031 5276 1352 5348 expeditione
1379 5275 1584 5348 hostili,
1608 5286 1712 5336 etc.
1741 5276 1866 5332 llaec
1888 5278 2228 5348 intelligenda
2247 5279 2366 5348 exl-

799 5346 960 5417 stimo
979 5346 1048 5417 Ade
1071 5346 1615 5417 expeditionekhostili
1637 5364 1796 5417 quam
1824 5346 2080 5417 Pippinus
2094 5347 2247 5417 jussu
2265 5347 2368 5404 Ca-

808 5416 926 5480 roli,
958 5415 1082 5487 dum
1105 5431 1246 5487 anno
1265 5416 1371 5471 800
1406 5415 1628 5470 Romam
1657 5415 2005 5487 'pergeret,'et
2031 5415 2223 5472 iterum
2238 5417 2364 5471 dum

802 5501 944 5566 aiin
974 5485 1071 5566 §0l
1118 5486 1336 5566 rediret,
1377 5485 2074 5566 adversuslieneventairos
2096 5489 2362 5566 suscepit.

806 5557 920 5608 Vid.
962 5556 1194 5610 Annales
1218 5555 1544 5611 Francorum
1573 5557 1790 5621 Tiliani,
1823 5558 2109 5614 Loiseliani
2132 5567 2185 5611 et
2215 5555 2325 5610 alii.

870 5625 896 5663 ἀ
923 5626 1225 5694 Impiiuimi
1245 5627 1486 5680 hominis.
1512 5626 1877 5682 Grimoaldum
1905 5629 2000 5682 abs
2025 5628 2187 5683 dubio
2215 5633 2366 5680 notat

798 5697 986 5750 ducem
1017 5696 1448 5750 Beneventanum
1472 5738 1486 5758 ,
1532 5698 1620 5766 qui
1666 5699 1803 5765 patri
1851 5698 2064 5765 Arigiso
2091 5740 2104 5762 ,
2136 5712 2363 5752 consen-

800 5768 962 5838 tiente.
983 5767 1176 5820 (Iarolo
1202 5766 1407 5834 Magno,
1437 5769 1692 5838 successit
1721 5784 1861 5821 anno
1880 5770 2000 5838 788,
2032 5780 2216 5838 postea
2238 5781 2366 5838 vero

803 5836 1012 5890 rebellis
1060 5840 1233 5889 lat-tus
1273 5838 1361 5888 diu
1404 5852 1523 5889 cum
1563 5836 1784 5906 ἰδῇ)ρὶηο
1819 5835 2073 5891 conﬂixit.
2104 5839 2222 5891 Vid.
2269 5835 2365 5889 Er-

801 5907 1091 5976 ι·Ιιριιψιί·ιὶ
1139 5908 1272 5960 llist.
1318 5907 1649 5977 Longoliard.
1687 5909 1968 5961 Beneventi
2009 5909 2146 5979 apud
2173 5907 2367 5961 Murali

2476 4859 2675 4929 Script.
2703 4858 2828 4929 lter.
2857 4857 2972 4910 Ital.
2997 4865 3126 4929 tum.
3143 4854 3207 4922 ll,
3229 4865 3369 4928 part.
3393 4873 3432 4922 ι,
3451 4871 3574 4929 pag.
3591 4855 3722 4929 238.’
3739 4855 4035 4929 Grimoaldi

2512 4925 2630 4983 ater
2653 4927 2915 4996 Arigisus,
2942 4936 2997 4981 et
3042 4925 3210 4982 frater
3231 4925 3564 4983 'Romoaldus
3607 4928 3661 4980 in
3696 4927 3856 4996 brevi,
3895 4928 4035 4996 quod

2523 4997 2732 5053 lcuinus
2757 4994 2859 5052 hic
2887 4997 3140 5062 insinuat,
3172 4997 3368 5053 sublati
3401 5005 3525 5052 sunt
3549 4994 3791 5051 articulo.
3837 4994 4036 5066 Nempe

2473 5085 2583 5123 uno
2607 5069 2903 5137 eodemque
2930 5082 3073 5122 anno
3096 5109 3112 5133 ,
3133 5084 3198 5122 ac
3217 5082 3352 5137 pene
3386 5067 3574 5122 eodem
3605 5081 3786 5137 mense
3812 5065 4032 5137 mortui.

2471 5139 2776 5218 Cppcordat
2803 5133 3081 5218 Adrianus
3105 5133 3248 5218 papa
3279 5137 3539 5218 limepist.
3571 5141 3642 5218 ~8_8
3674 5136 3812 5218 Clod.
3854 5133 4031 5218 gaiol.

2473 5210 2566 5264 ubi
2593 5210 2661 5264 ad
2687 5208 2935 5263 Carolum
2959 5203 3147 5262 scribit
3181 5203 3200 5258 Ξ
3225 5226 3243 5255 ι
3274 5204 3373 5272 Qui
3405 5203 3676 5260 venientes
3707 5203 4034 5275 (Athalgisus

2473 5295 2596 5334 cum
2641 5278 2904 5349 exercitu)
2935 5276 3028 5332 Dei
3044 5284 3204 5349 nutu,
3226 5290 3323 5349 per
3351 5275 3598 5344 suffragia
3628 5273 3984 5345 apostolorum
4016 5315 4029 5349 ε

2474 5346 2893 5416 ηιειίεηιιιιιίυω
2909 5346 3130 5402 consilia
3157 5346 3412 5416 dissipata
3443 5355 3778 5416 repererunt,
3802 5359 3869 5398 eo
3891 5346 4029 5416 quod

2471 5415 3000 5500 Aricbisumﬁucem
3031 5416 3113 5470 vel
3153 5415 3321 5500 ipsius
3347 5416 3525 5500 lilium
3546 5415 4026 5500 ΔδγιιΙιιοιιιξιιιιςιξιωο-

2475 5488 2746 5544 moaldum
2795 5485 3074 5544 legendum
3095 5483 3367 5541 existimat
3407 5484 3648 5540 Cointius
3698 5498 3837 5538 anno
3885 5483 3986 5538 787
4015 5524 4028 5544 ,

2469 5573 2618 5612 tium.
2655 5555 2744 5626 16)
2770 5555 3080 5611 defunctum
3107 5557 3444 5626 invenerunt.
3477 5575 3496 5608 ι

2539 5639 2564 5663 ο
2593 5621 3027 5692 Edit."Qnercet.
3063 5626 3128 5681 l9
3164 5640 3230 5679 ex
3259 5641 3359 5680 ms.
3391 5625 3621 5679 Froben.
3659 5621 3778 5678 106.
3826 5621 4027 5690 Scripta

2467 5694 2566 5748 fuit
2599 5712 2664 5750 eo
2692 5691 2934 5766 tempore
2980 5711 3096 5766 quo
3123 5693 3236 5762 jam
3282 5696 3424 5750 vires
3467 5691 3934 5766 sensimdeﬁcere
3978 5698 4028 5766 et

2468 5760 2818 5834 :egritui‘lines
2851 5760 3180 5820 iuvaléscei'c
3209 5767 3406 5830 sensit,
3449 5773 3508 5818 ut
3537 5764 3588 5818 in
3616 5763 3882 5834 prioribus
3917 5760 4027 5828 epi-

2469 5832 2620 5889 stolis
2671 5837 2830 5889 etiam
2877 5835 3258 5902 conqueritur;
3308 5835 3431 5890 data
3479 5832 3637 5904 igitur
3675 5832 3859 5886 eodem
3895 5843 4031 5884 anno

2471 5907 2565 5961 80l
2600 5907 2678 5958 vel
2708 5905 2883 5974 aliquo
2911 5905 3209 5974 lmsteriori.
