4400 6420
806 491 913 547 379

1657 485 1716 537 Β.
1753 482 1814 537 l".
1855 481 2076 536 ALBINI
2115 478 2246 534 SEU
2279 476 2556 533 ALCUINI
2589 475 2874 532 OPERUM
2910 474 3090 530 PARS
3123 474 3164 528 Ι.

3919 477 4022 532 380

802 615 868 654 ea
887 599 1190 668 perfectus,
1234 598 1367 650 sicut
1408 595 1570 648 Pater
1607 594 1698 663 qui
1740 593 1796 646 in
1819 589 1958 646 ccli:
1981 599 2079 655 eat,
2106 585 2364 659 perfectis
2392 589 2440 648 Α
2465 585 2647 653 generi
2689 583 2939 639 misertus
2964 591 3080 648 est;
3131 591 3187 636 et
3217 583 3474 650 quidquid
3500 584 3628 639 boui
3652 585 3922 655 egerimus
3956 589 4022 640 ad

802 699 879 743 εει
901 687 1112 757 (naut.
1136 703 1192 752 ν,
1219 685 1332 755 ts).

879 777 1018 846 Ergo
1059 774 1225 830 Filius
1258 773 1557 836 charitatis,
1604 770 1744 825 ﬁlius
1786 779 1872 826 est
1915 769 2030 834 Dei.
2074 768 2201 838 quin
2231 766 2371 823 Deus

2471 673 2619 730 illius
2655 687 2868 743 semper
2911 672 3115 727 referre
3142 671 3520 740 benignitatem
3549 711 3565 736 ,
3604 673 3721 728 sine
3743 688 3851 744 qna
3868 715 3886 739 ,
3912 676 4024 747 ipsa

2473 763 2708 818 Veritate
2734 769 3040 824 attestante,
3068 759 3203 816 nihil
3243 759 3455 815 edicere
3496 761 3732 818 valemus
3765 775 3782 816 :
3824 763 3885 817 in
3920 779 4029 835 qua

805 867 1036 921 dictitas
1076 875 1150 920 est
1181 864 1232 936 (l
1253 864 1412 917 Jouu.
1446 878 1520 927 tv,
1543 861 1654 933 t6),
1685 861 1838 929 cujus
1870 859 1962 913 lux
2001 859 2166 912 corda
2197 871 2372 915 νωιιι
2470 855 2712 909 bonitate
2739 861 2917 909 vestra
2958 866 3172 922 semper
3217 851 3540 914 unartitnitas
3562 852 3686 906 laeta
3721 861 4030 922 remaneat;

809 955 1134 1014 sullicicnter
1170 953 1423 1019 irradiet;
1464 952 1620 1021 cujus
1659 950 1883 1006 dulcedo
1929 958 2149 1020 pectora
2193 958 2371 1003 vestra

809 1044 1146 1099 abundanter
1176 1041 1400 1107 reficiat.
1443 1041 1568 1095 llaac
1593 1047 1678 1094 est
1703 1051 1910 1092 summa
1937 1036 2177 1090 omnium
2202 1035 2369 1088 bono-

812 1151 931 1189 rum
955 1150 971 1199 ;
1000 1134 1116 1188 bam
1140 1140 1221 1188 est
1243 1131 1444 1202 Optima
1471 1143 1764 1200 pars,lqute
1784 1140 2054 1198 nunquam
2077 1123 2374 1185 auferetur,

811 1223 911 1279 sed
939 1221 1108 1292 magis
1134 1229 1296 1290 atque
1321 1219 1490 1289 magis
1517 1217 1572 1272 in
1598 1229 1816 1288 pectore
1844 1215 2091 1270 habentis
2110 1213 2373 1276 ardescit;

813 1313 880 1367 de
899 1326 1004 1382 qua
1023 1309 1129 1365 duo
1139 1309 1388 1366 dixerunt
1411 1305 1676 1376 discipuli,
1693 1305 1906 1375 cognita
1916 1301 2140 1358 Domini
2163 1301 2302 1355 facie
2322 1300 2377 1380 in

812 1399 1072 1454 l'ractione
1093 1396 1247 1469 panis
1274 1413 1289 1449 :
1319 1395 1508 1449 Nonne
1543 1411 1635 1448 cor
1660 1404 1896 1448 nostrum
1938 1391 2127 1445 ardens
2171 1399 2282 1444 erat
2326 1376 2379 1442 iu

815 1489 982 1551 nobis,
1023 1486 1147 1540 dum
1175 1485 1474 1557 loqueretur
1502 1485 1560 1538 in
1589 1484 1695 1548 via,
1723 1491 1770 1536 et
1805 1481 2027 1551 aperiret
2052 1480 2198 1534 nobis
2236 1479 2383 1534 Scri-

805 1576 1182 1646 pturaa?(Luc.
1210 1591 1357 1640 xxiv,
1383 1573 1497 1644 32.)
1533 1575 1636 1629 Vos
1662 1588 1784 1627 eam
1811 1573 1866 1627 in
1907 1571 2206 1641 Scripturis
2236 1585 2383 1638 quae-

819 1669 922 1722 rite
951 1667 1153 1724 sanctis
1174 1707 1190 1731 ,
1221 1665 1576 1721 intentissime
1616 1673 1918 1720 scrutantes
1943 1678 2056 1730 eas,
2085 1670 2146 1716 ut
2187 1677 2383 1733 cogno-

816 1759 978 1813 scatis
1008 1757 1284 1812 Dominum
1313 1754 1464 1810 vobis
1490 1755 1792 1824 loquentem
1822 1756 1875 1808 in
1902 1755 2003 1808 eis.
2357 1789 2362 1797 ι

889 1846 1026 1912 Quid
1054 1845 1262 1901 dulcius
1287 1854 1370 1900 est
1411 1860 1569 1914 quam
1599 1843 1694 1898 Dei
1723 1842 2104 1912 omnipotentis
2132 1839 2235 1894 frui
2259 1854 2386 1894 con-

819 1933 1180 1989 fabulatione?
1224 1935 1347 2004 quia
1393 1934 1484 2002 qui
1532 1933 1659 2004 legit
1686 1931 2078 1986 sacratissimos
2110 1945 2387 1984 sermones

818 2025 1058 2088 Domini,
1095 2039 1190 2094 per
1217 2035 1430 2078 sanctos
1455 2039 1582 2078 suos
1618 2024 1773 2077 nobis
1803 2023 2058 2086 traditos,
2102 2022 2269 2075 Deum
2310 2020 2387 2074 lo-

818 2125 1072 2184 quentem
1099 2115 1316 2180 audiet;
1359 2122 1412 2168 et
1439 2113 1532 2183 qui
1555 2122 1695 2178 orat,
1741 2115 1849 2168 Deo
1885 2113 2141 2183 loquitur.
2182 2111 2275 2166 lia:
2301 2127 2386 2166 sa-

819 2209 1139 2263 cratissinuc
1187 2207 1582 2263 vicissitudines
1609 2206 1750 2269 diem
1778 2217 1833 2261 et
1862 2216 2072 2261 noctem
2101 2205 2298 2260 ducant
2333 2206 2386 2260 in

817 2296 1235 2368 iubilationem;
1272 2312 1371 2352 nec
1425 2296 1699 2358 saecularis
1755 2296 2036 2366 occupatio
2083 2293 2386 2365 spiritalem

819 2389 1047 2444 subruat
1088 2388 1510 2463 jucunditatem;
1550 2389 1677 2457 quia
1715 2389 1924 2442 vanitas
1952 2387 2244 2440 vanitatum
2281 2395 2386 2451 eat,

821 2474 980 2544 hujus
1020 2476 1198 2532 szeculi
1240 2477 1444 2532 delicia:
1487 2485 1544 2532 et
1585 2475 1707 2531 falsi
1749 2491 1990 2539 amores;
2040 2475 2165 2544 quia
2199 2489 2389 2529 omnes

823 2563 982 2631 hujus
1025 2566 1148 2623 vitae
1180 2565 1545 2636 jucunditates
1583 2565 1729 2620 velut
1755 2565 1944 2620 umbra
1989 2573 2304 2629 transetmt,
2333 2574 2390 2618 ct

824 2655 971 2707 velut
996 2670 1183 2724 spuma
1225 2670 1388 2731 super
1423 2669 1620 2724 aquam
1657 2653 1816 2708 facile
1851 2654 2196 2723 dissipantur.
2242 2653 2387 2716 ideo,

826 2744 1188 2799 dilectissimum
1210 2754 1266 2799 et
1291 2744 1637 2800 nobilissimae
1661 2744 1917 2815 virgines,
1947 2743 2160 2806 animas
2184 2751 2393 2797 vestras

825 2833 881 2887 in
910 2833 1056 2888 omni
1092 2834 1388 2912 sanctitate
1418 2840 1475 2886 et
1516 2830 1772 2902 religione
1822 2831 2173 2898 lectionisque
2216 2829 2392 2884 studio

825 2933 1074 2980 exercete
1092 2965 1108 2990 ,
1139 2933 1200 2979 ut
1237 2923 1472 2993 Spiritus
1506 2931 1724 2978 sanctus
1751 2922 1816 2976 de
1843 2921 1980 2978 coelo
2011 2929 2200 2977 vestra:
2227 2922 2390 2976 devo-

828 3015 991 3069 tionis
1027 3014 1188 3069 corda
1225 3013 1418 3083 saepius
1468 3013 1687 3068 visitare
1725 3013 2001 3083 dignetur,
2033 3012 2124 3080 qui
2163 3020 2392 3083 pectora

833 3105 1136 3159 inhabitare
1167 3104 1500 3181 dignoscitur
1528 3103 1792 3156 charitate
1829 3101 1984 3172 plena
2003 3141 2018 3166 ,
2051 3109 2105 3156 et
2131 3102 2184 3156 in
2210 3109 2394 3156 sancta

831 3195 1093 3267 sapientia
1115 3195 1342 3250 sollicita
1372 3203 1550 3249 niente
1580 3193 1854 3248 sudantes.

905 3286 1033 3342 llaec
1061 3286 1273 3340 interim
1313 3292 1513 3338 sancta:
1555 3283 1861 3337 dilectionis
1887 3281 2092 3336 calamo
2119 3280 2399 3351 praelibare

833 3378 1038 3435 curavi.
1067 3376 1331 3431 Caeterum
1356 3376 1399 3429 si
1424 3382 1659 3444 paterna:
1683 3373 1970 3427 voluntatis
1992 3371 2236 3427 eﬂ‘ecuuu
2264 3372 2402 3427 scire

835 3484 1023 3527 curam
1053 3468 1278 3533 habetis,
1301 3468 1492 3522 scitote
1512 3465 1749 3537 quotidie
1773 3465 2110 3520 inﬁrmitates
2134 3480 2401 3528 crescere,

835 3569 894 3613 et
915 3557 1079 3612 variis
1118 3571 1312 3625 corpus
1357 3554 1635 3610 debilitare
1685 3551 1978 3613 doloribus,
2023 3548 2092 3603 et'
2120 3549 2401 3603 Dominum

839 3646 1140 3718 pulsantem
1170 3643 1393 3712 jauuas,
1436 3643 1480 3698 si
1529 3641 1833 3712 vigilantem
1879 3639 2110 3694 inveniat
2148 3639 2404 3692 famulum

837 3748 1027 3796 suum;
1076 3731 1390 3802 vigiliasque
1430 3730 1625 3784 vestris
1673 3727 1885 3796 adjutus
1932 3727 2410 3808 intercessionibus

840 3825 1109 3880 custodire
1153 3834 1386 3888 sanctas,
1427 3835 1493 3876 ne
1537 3836 1623 3875 me
1662 3821 1714 3874 in
1756 3819 1933 3874 saeculi
1972 3818 2409 3889 occupationibus

815 3973 818 3976 .
842 3917 1196 3972 dormientem
1227 3915 1476 3976 inveniat,
1508 3913 1596 3983 qui
1623 3912 1880 3983 apostolis
1906 3912 2017 3967 suis
2044 3911 2300 3981 praecepit
2323 3911 2407 3965 di-

845 4020 974 4061 cens
1005 4022 1018 4058 :
1059 4002 1276 4072 Vigilnte
1314 4013 1361 4056 et
1405 4013 1571 4066 orate,
1616 4019 1680 4056 ne
1714 4003 1914 4071 intretis
1960 4003 2015 4054 in
2043 4001 2408 4062 tentatiouem;

845 4097 1060 4166 spiritus
1088 4094 1294 4164 quidem
1326 4102 1598 4168 promptus
1636 4101 1734 4156 est,
1775 4107 1897 4144 caro
1930 4089 2072 4162 [Ms.,
2101 4087 2209 4161 cor]
2239 4099 2410 4142 autem

847 4186 1060 4255 infirma
1093 4181 1310 4255 (Matth.
1357 4197 1504 4245 xxvi,
1538 4179 1649 4250 41).
1699 4180 1946 4235 Vestram
1986 4179 2324 4232 sanctitatem
2359 4179 2410 4232 in

849 4275 1098 4330 omnibus
1125 4273 1277 4329 bonis
1317 4271 1509 4326 florere
1528 4313 1543 4337 ,
1577 4281 1632 4327 ct
1658 4271 1722 4325 ad
1750 4278 2062 4341 perpetuam
2091 4271 2234 4325 Deus
2258 4269 2412 4326 Jesus

851 4363 1112 4437 proﬁcere
1139 4363 1304 4418 faciat
1333 4361 1638 4438 felicitatem
1657 4403 1672 4428 ,
1709 4377 1864 4416 soror
1887 4362 1939 4414 in
1965 4360 2181 4415 Christo
2210 4362 2412 4416 charis-

847 4455 990 4512 sima
1012 4454 1026 4507 ι

1345 4532 1372 4561 ι
1410 4517 1737 4574 EPISTOLA
1771 4518 1927 4574 CXL.

2423 3245 2472 3306 ϐ

2474 961 2573 1002 nec
2598 945 3010 1000 adversitatibus
3040 943 3219 1004 saeculi
3239 983 3256 1010 ,
3283 943 3368 999 vel
3405 943 3804 1001 inﬁdelitatibua
3846 946 4029 1003 mundi

2472 1047 2774 1092 amatorum
2800 1035 2974 1106 frangi
3003 1035 3161 1092 debet
3180 1073 3197 1100 ,
3234 1049 3336 1089 nec
3358 1033 3628 1102 tristitiam
3651 1034 3876 1100 habere,
3908 1035 4032 1092 licet

2475 1129 2631 1184 nobis
2657 1129 2822 1182 multa
2849 1129 3098 1183 eveniant
3124 1128 3368 1182 adversa.
3397 1125 3490 1181 Sic
3513 1115 3596 1183 est
3629 1125 3784 1195 hujus
3801 1143 4036 1198 praui-

2477 1219 2548 1274 tis
2565 1219 2689 1273 vitae
2714 1218 2968 1283 varietas,
2997 1226 3058 1271 ut
3077 1230 3332 1287 prospera
3355 1231 3567 1288 semper
3589 1218 3914 1274 misceantur
3943 1220 4036 1274 ad-

2478 1311 2669 1375 versis,
2698 1309 2837 1364 sicut
2859 1309 2973 1364 dies
2995 1317 3152 1382 nocte
3171 1316 3452 1375 mutatur;
3467 1309 3607 1364 sicut
3629 1310 3830 1366 sanitas
3849 1326 4040 1382 corpo-

2481 1401 2557 1456 ris
2586 1371 2790 1454 morbis
2824 1371 3324 1470 supen'etiientibus
3357 1371 3614 1465 adicitur;
3651 1400 3789 1456 sicut
3820 1399 3920 1456 ﬂos
3947 1371 4041 1469 ju-

2479 1489 2713 1543 ventutis
2769 1495 3043 1543 senectute
3093 1488 3502 1557 superveniente
3539 1490 3852 1557 marcescit;
3903 1492 4044 1546 sicut

2480 1581 2684 1653 uastatis
2711 1575 3070 1648 tranquillitas
3097 1578 3464 1634 hibernalibus
3487 1581 3736 1635 atteritur
3758 1589 4044 1651 tempesta-

2482 1671 2642 1724 tibus.
2680 1671 2750 1723 At
2791 1667 2924 1723 nihil
2969 1669 3157 1722 hormn
3202 1667 3504 1736 religiosam
3544 1678 3773 1724 mentem
3820 1669 4048 1747 fatigare

2482 1758 2660 1824 debet,
2685 1759 2778 1831 sed
2804 1772 3015 1828 semper
3041 1755 3218 1812 stabili
3255 1765 3440 1816 tenore
3461 1767 3638 1814 erecta
3665 1774 3758 1829 spe
3784 1760 3852 1820 ad
3871 1752 4046 1824 Deum

2486 1850 2639 1905 ﬁrma
2669 1848 2936 1904 soliditate
2964 1847 3253 1902 immobilis
3274 1862 3609 1918 permanere.
3644 1849 3793 1905 Unde
3817 1860 3874 1906 et
3895 1852 4051 1908 testi-

2415 1915 2458 1973 Β
2487 1939 2734 1995 ficatione
2770 1937 2938 2008 ipsius
2961 1937 3215 1993 Veritatis
3253 1915 3486 1993 Joannes
3511 1937 3745 2010 Baptista
3775 1939 4049 2024 laudatur,

2485 2031 2626 2103 quod
2674 2045 2781 2084 non
2809 2037 2954 2084 esset
2993 2028 3196 2083 arundo
3223 2037 3368 2083 uento
3401 2029 3601 2098 agitata
3625 2028 3775 2098 (Lac.
3806 2046 3905 2094 vn,
3929 2029 4071 2101 ει),-

2487 2121 2540 2175 id
2564 2128 2670 2184 est,
2711 2134 2812 2173 nec
2840 2116 3255 2172 adversitatibus
3277 2117 3480 2183 steeuli,
3504 2133 3609 2174 nec
3638 2120 4056 2188 reprehensione

2485 2208 2777 2273 invidiosa;
2805 2207 2889 2263 vel
2915 2207 3078 2267 etiam
3105 2205 3410 2260 adulatione
3439 2204 3680 2270 subdola,
3721 2208 3804 2262 vel
3834 2223 4054 2278 prospe-

2488 2299 2646 2354 ritate
2674 2296 2944 2351 arridente
2970 2311 3002 2349 a
3030 2293 3338 2349 stabilitatis
3366 2294 3682 2352 rectitudine
3703 2305 3937 2350 mentem
3960 2298 4054 2353 de-

2488 2388 2690 2443 elinare
2708 2385 2876 2440 voluit
2901 2383 3054 2456 [ιιι.
3069 2382 3278 2454 valuit];
3295 2383 3387 2438 sed
3409 2397 3619 2453 semper
3637 2369 3827 2453 azquali
3855 2387 4062 2440 meritis

2487 2477 2754 2532 soliditate
2777 2489 2895 2546 qua!
2922 2474 3148 2530 adversa
3173 2472 3414 2542 pertulit,
3437 2472 3520 2526 vel
3546 2471 3668 2527 beta
3700 2475 4054 2542 temperavit;

2488 2567 2641 2638 cujus
2666 2566 2912 2637 exemplo
2953 2575 3146 2621 vestra:
3171 2567 3414 2620 firmetur
3455 2565 3505 2618 in
3533 2564 3661 2628 Deo,
3692 2565 4062 2624 dilectissime:

2489 2677 2750 2732 personat,
2780 2658 3097 2714 exercitatio
3135 2657 3350 2712 mentis.
3395 2655 3688 2711 Proficiunt
3731 2657 3876 2712 enim
3914 2670 4066 2726 saepe

2492 2750 2834 2812 tentationes,
2857 2757 2916 2802 ut
2937 2746 3156 2818 probata
3171 2746 3431 2816 patientia
3453 2745 3505 2800 in
3530 2746 3827 2801 mercedem
3847 2756 4070 2802 eterna:

2495 2837 2865 2896 retributionis
2889 2845 3118 2904 crescat,

2563 2928 2718 2984 Sicut
2764 2941 2955 2984 aurum
2999 2926 3121 2995 igne
3153 2926 3409 2995 probatur
3429 2964 3446 2988 ,
3504 2923 3577 2978 ita
3624 2923 4066 2980 tribulationibus

2496 3035 2648 3075 mens
2669 3017 2974 3073 Christiana
2994 3016 3349 3079 examinatur,
3372 3015 3582 3069 dicente
3593 3013 3900 3084 Scriptura:
3927 3013 4070 3078 Fili,

2497 3110 2746 3164 accedens
2774 3107 2843 3162 ad
2863 3106 3158 3162 seruitutem
3170 3105 3292 3176 Dei,
3317 3120 3556 3176 prwpara
3581 3104 3814 3158 animum
3830 3114 3980 3167 lauat
3995 3107 4069 3161 ad

2500 3198 2837 3278 mutationem
2856 3195 3047 3267 (Εεειὲ.
3076 3213 3139 3260 ιι,
3166 3195 3245 3267 .l),
3273 3210 3376 3250 non
3405 3195 3472 3250 ad
3500 3193 3861 3250 securitatem.
3891 3193 4069 3247 Rohov

2510 3294 2624 3342 rate
2653 3286 3007 3356 vosmetipsas
3049 3285 3311 3352 exemplis
3352 3292 3679 3346 sanctorum,
3713 3283 3951 3352 legentes
3974 3296 4065 3351 pet

2508 3378 2656 3440 vices
2682 3376 2893 3432 illorum
2917 3375 3042 3429 vita:
3069 3373 3376 3428 dulcissima
3397 3371 3658 3441 exempla,
3683 3380 3738 3425 et
3761 3380 4074 3427 sanctorum

2510 3469 2796 3528 verborum
2841 3466 3175 3522 hortamenta
3225 3461 3564 3526 necessaria;
3617 3462 3686 3516 sit
3724 3459 3934 3516 illorum
3962 3462 4076 3516 vita

2515 3558 2664 3612 vobis
2691 3557 2743 3613 in
2775 3553 3068 3626 speculum.
3096 3552 3227 3608 Nam
3258 3553 3412 3606 fessa:
3435 3545 3630 3606 mentis
3658 3566 3881 3605 acumen
3910 3550 4076 3605 levio-

2517 3647 2591 3702 ris
2633 3645 2878 3700 lectionis
2907 3643 3239 3713 interpositio
3275 3658 3416 3711 smpe
3445 3641 3635 3696 reﬁcit.
3664 3641 3786 3695 ldeo
3811 3639 4078 3696 difﬁcilior

2515 3735 2568 3790 in
2614 3732 2906 3804 apostolica
2955 3731 3274 3786 auctoritate
3317 3743 3509 3786 sensus
3546 3743 3642 3781 vos
3683 3727 3868 3797 procul
3916 3728 4082 3782 dubio

2513 3827 2708 3896 smpius
2736 3823 2961 3895 fatigare
2986 3824 3181 3888 habet;
3211 3821 3305 3876 sed
3334 3827 3510 3874 tenete
3534 3834 3676 3872 nunc
3701 3821 3752 3872 in
3783 3834 3976 3872 manus
3997 3820 4082 3873 vel

2516 3919 2664 3972 Vitas
2685 3915 2908 3970 Palmm
2927 3954 2942 3976 ,
2971 3912 3053 3967 vel
3077 3910 3333 3976 miracula
3368 3918 3713 3973 sanctorum,
3753 3924 3983 3978 quorum
4028 3910 4082 3963 in

2515 4006 2737 4075 dialogis
2776 4003 2921 4058 beati
2950 4001 3212 4072 Gregorii,
3244 3999 3477 4056 doctoris
3504 3999 3698 4066 nostri,
3743 3999 3905 4054 multa
3932 4000 4082 4054 inte-

2515 4097 2736 4151 niuntur
2763 4091 3089 4147 lucidissima
3117 4098 3334 4145 exarata
3368 4090 3690 4160 eloquentia,
3717 4098 3772 4143 et
3798 4091 4086 4145 sententiis

2515 4195 2714 4242 saucue
2744 4185 3036 4255 Scripturze
3061 4198 3271 4253 semper
3305 4181 3634 4237 confirmata.
3682 4181 3807 4235 Hch
3843 4189 3899 4236 et
3942 4182 4087 4236 inter

2516 4295 2612 4332 vos
2629 4276 2891 4341 conferre,
2921 4283 2976 4329 ct
3002 4275 3055 4328 in
3087 4273 3344 4328 conviviis
3379 4271 3501 4327 aliis
3529 4271 3686 4325 edere
3707 4268 3819 4335 jam
3848 4272 3928 4325 sic
3956 4287 4086 4325 con-

2518 4366 2851 4435 suetudinem
2877 4362 3144 4432 iacipietis
3155 4362 3366 4425 habere,
3385 4361 3536 4415 valde
3552 4359 3703 4412 vobis
3713 4374 3831 4413 esse
3843 4359 4084 4428 jucunda

2454 4485 2460 4490 -
2517 4449 2912 4511 arbitrantium.
2965 4452 3115 4506 Sicut
3165 4451 3472 4506 diversitate
3516 4451 3756 4504 ciborqu
3811 4449 4086 4506 fastidium

2445 4580 2492 4636 ο
2519 4547 2859 4602 manducanti
2887 4543 3105 4607 tollitur,
3138 4543 3213 4597 ita
3236 4543 3493 4596 varietate
3523 4540 3764 4596 lectionis
3789 4556 3940 4602 mens
3966 4542 4087 4597 reti.-

2517 4640 2656 4694 citur
2673 4637 2901 4706 legentis
2929 4651 2948 4690 :
2986 4649 3213 4705 quorum
3235 4635 3472 4689 omnium
3497 4643 3677 4688 vestra
3705 4632 3944 4687 charitas
3962 4648 4090 4687 con-

2518 4726 2751 4782 siderata
2778 4723 3112 4795 providentia
3167 4723 3364 4783 videat,
3419 4721 3545 4788 quid
3582 4721 3666 4775 cui
3720 4719 3950 4788 tempori
4007 4713 4091 4773 vel

2520 4833 2624 4887 qua
2661 4832 2888 4887 persona
2917 4815 3235 4879 conveniat,
3294 4823 3354 4868 ut
3390 4811 3601 4881 plurimi
3646 4811 3834 4865 vestris
3869 4811 4089 4882 optimis

2521 4906 2974 4966 admonitionibus
3009 4904 3077 4958 ad
3113 4902 3338 4957 salutem
3376 4901 3671 4955 animarqu
3709 4916 3926 4956 suarum
3962 4918 4089 4974 pro-

1289 4608 1357 4645 AD
1394 4606 1630 4645 εοιιοιιειι
1670 4603 1738 4643 ΕΤ
1777 4605 1980 4643 ιἰιιιιιι.

863 4685 1058 4741 Suadet
1079 4684 1130 4737 in
1148 4686 1403 4753 prosperis
1428 4695 1475 4736 ct
1501 4684 1726 4738 adversfs
1749 4701 1953 4738 servare
1980 4685 2418 4753 mqnanimitutcm

929 4752 1159 4823 exemplo
1180 4762 1496 4823 ιιιηειοηιιη,
1525 4769 1741 4821 quorum
1766 4755 1895 4806 vita:
1919 4752 2024 4806 vult
2055 4770 2144 4807 eoa
2169 4753 2336 4822 tegere
2357 4769 2423 4806 ea:

933 4822 1166 4893 DialOgis
1187 4823 1350 4876 sancti
1374 4822 1607 4892 Gregorii
1631 4839 1798 4892 papas.

933 4915 990 4968 In
1018 4913 1233 4968 Christo
1259 4913 1586 4968 charissimis
1610 4913 1853 4981 personis
1885 4913 2054 4966 sorori
2087 4923 2140 4966 et
2162 4912 2283 4967 filiae
2311 4913 2424 4984 pie-

869 5022 952 5063 tas
979 5015 1196 5076 patcrua
1224 5004 1467 5059 salutem.
2525 4993 2728 5053 ticiant.

937 5097 1150 5152 Gratias
1189 5095 1394 5164 agimus
1433 5094 1624 5148 divinae
1654 5092 1950 5148 clementia
1995 5092 2062 5146 de
2090 5099 2268 5146 vestra
2306 5106 2430 5159 pro-
2598 5093 2934 5164 ﬂmscripsi
2965 5101 3187 5164 paterna
3207 5091 3586 5155 admonitione,
3607 5089 3892 5144 utdilectio
3914 5100 4090 5143 vestra

873 5189 1123 5256 speritate
1148 5194 1206 5238 ct
1231 5184 1401 5238 salute
1420 5224 1432 5245 ,
1470 5192 1526 5238 et
1551 5185 1615 5238 de
1643 5183 1889 5237 omnibus
1914 5182 2066 5236 bonis
2089 5222 2102 5244 ,
2143 5197 2262 5250 qum
2291 5180 2433 5234 illius
2532 5187 2584 5238 in
2614 5187 2752 5252 hanc
2778 5185 3019 5238 chartam
3059 5198 3231 5237 meam
3281 5182 3473 5251 saepius
3501 5181 3691 5234 habeat
3733 5180 4087 5248 praesentiam,

875 5273 1154 5329 itu-flabilis
1194 5272 1552 5327 mliericordia
1600 5272 1750 5326 vobis
1795 5270 2143 5332 condonavit;
2181 5269 2343 5323 etiam
2381 5275 2436 5320 et
2531 5275 2670 5330 sicut
2717 5274 2956 5327 Charitas
3006 5282 3181 5326 vestra
3229 5279 3424 5329 nostra:
3469 5269 3632 5324 menti
3674 5268 3898 5322 tirmitcr
3931 5269 4088 5323 inﬁxa

878 5369 1016 5422 illius
1063 5383 1126 5419 co
1149 5367 1312 5419 Itinua
1360 5365 1627 5418 voluntate
1678 5365 1953 5418 laudamus
2002 5363 2252 5432 pietatem
2278 5401 2292 5425 ,
2343 5361 2433 5428 qui
2537 5365 2788 5419 manebit.
2820 5364 3005 5417 Videte
3030 5379 3189 5432 quam
3215 5362 3428 5431 planum
3451 5368 3533 5416 est
3564 5359 3863 5429 intelligere
3884 5360 3937 5413 in
3962 5361 4086 5414 cha-

881 5458 1032 5511 nobis
1058 5457 1181 5509 licet
1212 5455 1439 5524 indignis
1468 5466 1572 5508 tam
1605 5453 1758 5507 ﬁdele
1790 5455 2042 5508 solatium
2061 5493 2073 5514 ,
2110 5459 2162 5504 et
2191 5460 2297 5504 tam
2325 5450 2429 5502 dulo
2540 5457 2696 5508 mute
2720 5461 2920 5514 mutua,
2950 5452 3089 5522 quod
3128 5453 3180 5514 in
3210 5449 3621 5528 Evmonoipse
3648 5449 3902 5504 Dominus
3923 5449 4052 5505 dixit
4077 5464 4090 5502 :

879 5561 994 5599 rem
1025 5546 1338 5600 charitatem
1376 5545 1425 5596 in
1468 5555 1641 5599 vestra
1671 5543 1952 5598 dilectione
2005 5541 2228 5595 contulit
2255 5556 2268 5592 :
2302 5539 2440 5593 unde
2541 5544 2640 5598 ι’ὸὶ
2671 5552 2786 5596 sunt
2819 5541 2922 5594 duo
2947 5540 3022 5595 vel
3051 5551 3154 5594 tres
3185 5539 3478 5609 congregati
3503 5537 3557 5592 in
3603 5542 3805 5592 nomine
3837 5554 3948 5591 meo
3973 5577 3988 5600 ,
4026 5537 4091 5590 ibi

881 5648 934 5690 et
960 5637 1314 5690 necessarium
1341 5643 1422 5689 cst
1446 5636 1690 5689 omnibus
1716 5635 1765 5687 in
1795 5633 2009 5689 Christo
2032 5635 2119 5704 pic
2144 5634 2441 5686 viventibus
2542 5650 2654 5686 sunt
2691 5633 2744 5684 in
2783 5631 2950 5685 medio
2976 5647 3155 5686 eorum
3190 5629 3398 5700 (Matth.
3435 5643 3588 5692 xvut,
3610 5627 3722 5697 20).
3750 5625 3864 5680 Non
3895 5634 4090 5679 tantum

885 5727 1026 5781 illitis
1054 5727 1533 5795 supercminentem
1563 5725 1779 5778 laudare
1805 5724 2052 5794 gratiam,
2086 5739 2186 5793 qua
2214 5725 2443 5776 humano

1025 5859 1245 5913 Froben.
1273 5858 1426 5927 epist.
1467 5856 1562 5909 190

2549 5725 2644 5777 hoc
2697 5722 2763 5775 de
2807 5720 3086 5790 pt‘mscutia
3123 5717 3382 5786 corporali
3422 5715 3616 5771 dictum
3667 5724 3951 5786 putemus,
4005 5711 4090 5766 sed
