4400 6414
863 437 970 496 387

1731 431 1790 484 ll.
1830 431 1890 484 Ρ.
1925 428 2148 484 ΔΙΒΙΜ
2186 427 2314 483 51⁸3ιῖ
2351 425 2624 483 ALCCISI
2654 427 2934 484 OPERUM
2970 427 3145 484 PARS
3181 428 3220 483 1.

3973 427 4083 483 383

865 562 962 606 nos
1019 547 1245 603 ﬁdeliter
1293 511 1493 598 habere
1545 539 1933 596 consuevimus.
1998 538 2110 609 Ego
2165 535 2433 604 siquidem
2455 537 2509 597 Α
2597 533 2847 591 Currenti
2871 537 3162 606 legatione,
3183 535 3375 591 littera:
3396 534 3743 591 beatitudinis
3789 544 3894 590 tum
3933 551 4091 592 vene-

861 648 1124 695 nvoeatus
1151 638 1216 692 ael
1246 635 1525 706 palatium,
1557 639 1775 702 propter
1807 619 2182 684 inﬁrmitatem
2208 641 2430 704 corpus-

861 732 968 788 culi
1004 730 1107 784 mei
1140 729 1326 783 venire
1359 735 1586 794 nequeo,
1615 731 1669 776 te
1699 719 1858 790 159
1897 727 2168 789 Spectans,
2199 710 2312 771 vita’
2328 733 2431 775 co-

863 824 1015 888 mite,
1040 821 1095 875 in
1119 821 1278 875 domo
1317 817 1418 870 D‘ei
1438 822 1495 870 et
1533 812 1705 868 sancti
1750 807 2006 880 Martini].
2037 808 2095 864 Si
2125 823 2232 878 quo
2271 808 2429 862 moio

863 912 1019 986 [ϐοά.
1046 909 1214 971 llam,
1235 905 1292 961 Si
1321 901 1627 973 aliquando]
1657 899 1978 956 desiderium
2003 899 2105 952 hoc
2129 897 2256 986 mihi
2283 910 2430 950 ama-

863 985 992 1061 bile,
1021 1001 1133 1054 Deo
1161 997 1470 1058 miserante,
1495 990 1712 1046 evenire
1753 986 1930 1046 valeat
1957 985 2026 1040 ad
2051 985 2282 1039 invicem
2303 998 2430 1038 eon-

863 1086 1132 1156 templari,
1162 1091 1448 1152 antequam
1493 1083 1772 1146 rumpatur
1798 1076 1920 1130 vitta
1952 1089 2133 1136 aurea,
2158 1082 2216 1126 et.
2252 1082 2428 1125 conte-

865 1186 1016 1230 ratur
1039 1183 1153 1227 rota
1178 1187 1336 1241 super
1361 1170 1556 1239 fontem
1602 1163 1799 1237 (Eccle.
1828 1179 1926 1226 xu,
1947 1161 2024 1231 6),
2071 1169 2128 1215 et
2154 1169 2245 1215 eat
2270 1161 2430 1215 homo

861 1266 1102 1320 exterior
1163 1263 1216 1316 in
1272 1261 1484 1314 domum
1535 1253 1852 1310 aeternitatis
1895 1267 2004 1306 sua:
2056 1249 2429 1320 plangentibus

861 1356 1012 1410 circa
1037 1368 1156 1407 eum
1179 1350 1402 1417 amicis;
1431 1356 1487 1402 et
1513 1346 1732 1416 spiritus
1759 1351 2062 1397 revertatur
2083 1341 2148 1394 ad
2166 1339 2428 1408 judicium

864 1443 1024 1505 illius,
1049 1441 1138 1511 qui
1164 1429 1305 1494 dI'dit
1333 1453 1451 1492 eunt
1475 1433 1670 1506 (Ercle.
1694 1449 1794 1496 xit,
1826 1432 1900 1502 7).
1951 1429 2118 1498 Hujus
2143 1445 2272 1484 vero
2285 1428 2431 1497 judi-

859 1532 929 1585 cii
969 1540 1186 1585 terrore
1219 1534 1363 1582 totus
1387 1523 1743 1580 contremisco
1765 1560 1781 1585 ,
1812 1519 2190 1588 smeularisque
2232 1519 2428 1588 negotii

859 1618 1101 1688 deposito
1124 1631 1289 1671 onere
1313 1615 1422 1669 Deo
1457 1613 1556 1668 soli
1583 1610 1808 1674 servire,
1847 1609 1973 1664 licet
1999 1609 2154 1679 pigro
2178 1609 2339 1663 corde
2375 1618 2432 1663 et

862 1711 1110 1781 imposito
1129 1707 1317 1778 gradu,
1331 1705 1541 1776 eligam,
1555 1717 1622 1757 ne
1642 1716 1728 1756 me
1749 1701 1925 1754 minus
1942 1706 2186 1769 paratum
2211 1697 2327 1753 dics
2341 1698 2428 1753 illa

858 1815 958 1873 per
978 1794 1158 1856 omnia
1178 1796 1435 1851 inveniat.
1466 1793 1572 1848 Sed
1601 1792 1710 1846 Deo
1737 1791 2048 1852 miserante,
2090 1789 2306 1857 vitaque
2339 1803 2430 1842 co-

2529 634 2654 679 runt
2672 627 2738 680 ad
2760 626 3209 692 me,suavissim.'e
3223 625 3558 681 salutationis
3581 635 3882 682 asserentes
3898 629 4089 690 verba.

2527 715 2721 784 quibus
2742 715 2866 771 laeto
2900 715 3149 785 perlectis
3167 716 3349 771 animo
3373 723 3502 788 nota
3543 716 3758 786 agnovi,
3786 715 4088 772 desiderata

2527 803 2882 868 eonsideravi,
2909 804 3031 860 lasta
3053 802 3247 876 μω..
3277 803 3452 878 hctus]
3477 804 3712 875 legebam
3759 805 3814 858 in
3839 805 4091 860 omnibus

2528 896 2693 950 vestri
2716 896 2881 950 animi
2905 896 3299 952 sanctissimam
3321 897 3388 953 de
3419 896 3574 952 nobis
3593 896 3929 953 devotionem
3957 898 4091 968 vigi-

2529 982 2660 1038 lare.
2712 982 2814 1055 [Ad
2858 999 2994 1054 quas
3017 985 3191 1040 accito
3215 985 3424 1040 notario
3449 993 3666 1055 propter
3693 984 4089 1042 festinationem

2525 1075 2803 1148 portitoris
2820 1089 2988 1144 pauca
3014 1075 3312 1132 rescribere
3333 1076 3547 1141 curavi;
3586 1075 3815 1130 maxime
3841 1075 3966 1144 quia
3991 1090 4091 1144 per

2527 1164 2824 1220 Candidum
2858 1165 3026 1220 ﬁlium
3058 1175 3319 1229 nostrum,
3342 1163 3551 1220 ﬁdelem
3575 1163 3828 1218 [annulum
3849 1172 4088 1218 vestrum

2531 1265 2552 1291 '-
2592 1256 2722 1310 duas
2752 1263 2878 1309 ante
2905 1255 3076 1310 direxi
3104 1249 3406 1317 chartulas,
3428 1267 3588 1307 unam
3617 1252 3685 1306 ad
3721 1251 3750 1290 ἀ
3785 1250 4081 1306 .Gandolfo-

2529 1343 2731 1406 villam,
2756 1343 2914 1397 aliam
2949 1342 3016 1396 ad
3053 1343 3223 1412 Aquis
3248 1341 3534 1417 palatium;
3565 1353 3722 1409 quem
3754 1353 3898 1404 reor,
3927 1341 4089 1395 mise-

2531 1433 2838 1496 rante.Deo,
2867 1441 2920 1486 te
2950 1444 2974 1471 °
3005 1440 3358 1487 revertentem
3387 1431 3459 1486 ibi
3485 1430 3774 1494 invenisse,
3793 1429 3886 1499 qui
3907 1431 4088 1484 omnia

2529 1523 2598 1576 de
2615 1523 2770 1577 nobis
2789 1521 2885 1576 tibi
2911 1523 3028 1576 viva
3069 1536 3200 1577 voce
3228 1520 3460 1592 pandere
3481 1520 3678 1589 potuit,
3700 1519 3968 1588 quomodo
3991 1520 4085 1573 Dl'l

2528 1609 2809 1666 clementia
2831 1626 2994 1680 super
3022 1611 3384 1665 inﬁrmitatem
3409 1617 3464 1664 et
3491 1597 3817 1664 senectutem
3846 1616 4084 1663 nostram

2528 1701 2786 1770 respexit,
2813 1709 2869 1756 et
2897 1717 2996 1756 nos
3019 1701 3241 1771 paciﬁee
3264 1715 3296 1754 a
3321 1700 3546 1769 strepitu
3569 1699 3726 1770 hujus
3751 1698 3930 1754 seculi
3953 1698 4086 1754 libe-

2529 1794 2698 1860 ravit;
2725 1803 2785 1857 ut
2817 1796 2998 1863 quieta
3026 1794 3758 1863 conversationerspectarem
3796 1793 3936 1848 diem
3982 1807 4082 1846 ex-

858 1870 989 1947 iuite
1013 1889 1235 1944 vulnera
1257 1899 1377 1956 quae
1402 1881 1562 1951 hujus
1595 1879 1776 1936 saeculi
1805 1878 2021 1934 miseria
2046 1877 2177 1932 mihi
2202 1875 2426 1931 infeliti-
2459 1870 2500 1928 Β
2527 1891 2780 1951 tremum,
2805 1885 2898 1954 qui
2924 1898 3058 1954 pene
3087 1885 3284 1940 nemini
3307 1883 3462 1955 longe
3487 1891 3592 1949 ρει,
3615 1884 3710 1938 δεά
3740 1884 3986 1938 ωαιῑωε·
4007 1884 4082 1941 ii.

857 1993 946 2037 ter
975 1980 1265 2040 inﬂixerat,
1309 1975 1602 2029 secundum
1644 1969 1867 2025 consilia
1909 1977 2100 2022 vestra:
2132 1966 2429 2022 sanctitatis

861 2069 1062 2125 mederi
1085 2065 1362 2137 aggrediar
1386 2080 1400 2116 :
1430 2062 1622 2130 hisque
1649 2058 1935 2113 transactis
1969 2057 2110 2112 inter
2132 2071 2231 2110 nos
2253 2055 2428 2110 cousi-

857 2159 944 2213 liis
967 2156 1134 2228 (quod
1158 2155 1272 2210 sine
1313 2151 1567 2223 lacrymis
1595 2165 1700 2203 non
1727 2147 1871 2218 dico)
1919 2147 2164 2202 ultimum
2191 2146 2310 2200 vale
2335 2147 2428 2200 ﬁat

857 2251 1022 2323 [inter
1045 2247 1289 2317 Aquilam
1308 2253 1364 2298 et
1387 2240 1682 2313 Albinum].
1713 2241 1778 2294 Et
1798 2254 1897 2308 ego
1922 2238 2300 2308 perpetualiter
2321 2239 2427 2292 tuis
2464 2270 2472 2280 -

856 2336 1210 2394 sanctissimis
1237 2333 1613 2389 corroboratus
1631 2329 1869 2385 consiliis
1892 2337 2050 2398 atque
2073 2327 2424 2390 orationibus,

855 2437 1106 2498 spectans
1145 2424 1396 2493 spectabo
1422 2422 1500 2494 [in
1529 2422 1647 2475 loco
1669 2417 1976 2490 praﬁnito].
2025 2417 2234 2486 quando
2260 2433 2427 2470 reser-

855 2525 1001 2569 tatur
1026 2513 1277 2566 Dominus
1315 2525 1461 2564 meus
1485 2525 1520 2562 a
1546 2509 1738 2578 nuptiis
1783 2505 1994 2577 pulsare
2011 2506 2235 2574 januam
2272 2504 2422 2574 (an.

856 2619 956 2667 xtl,
980 2602 1094 2671 36),
1146 2617 1213 2655 an
1242 2600 1518 2656 custodem
1565 2599 1756 2652 domus
1789 2595 2097 2666 vigilantem
2150 2595 2421 2656 inveniat;

855 2691 1122 2760 huiusque
1166 2687 1588 2743 timcndtehorae
1630 2691 1902 2738 momento
1944 2692 2181 2752 peracto,
2219 2683 2423 2736 utinam

855 2789 1005 2836 tuam
1043 2775 1425 2832 beatitudinem
1456 2782 1675 2843 propter
1708 2773 2040 2827 necessarias
2069 2787 2166 2842 pro
2189 2773 2426 2842 peccatis

856 2869 992 2924 meis
1051 2865 1459 2920 intercessiones
1513 2864 1854 2932 superstitem
1911 2863 2228 2931 relinquam.
2288 2862 2422 2928 Quia

856 2959 990 3015 ﬁdes
1015 2959 1069 3011 in
1090 2955 1347 3011 extremis
1380 2953 1652 3024 probatur.
1703 2968 1822 3021 qua:
1846 2965 1981 3022 pene
2008 2966 2130 3005 rara
2156 2951 2425 3005 invenitur

856 3053 912 3106 in
937 3049 1262 3106 hominibus.
1312 3045 1512 3102 Omnes
1537 3045 1680 3099 enim
1711 3044 1866 3099 valde
1909 3059 1970 3098 ea
2021 3043 2288 3112 indigent,
2330 3044 2424 3098 sed

854 3139 1010 3209 pauci
1033 3136 1233 3192 habere
1254 3136 1520 3190 videntur.
1546 3133 1679 3204 [llas
1709 3141 1760 3186 te
1785 3147 1889 3186 non
1919 3133 2096 3202 pigeat
2133 3133 2325 3201 saepius
2349 3133 2425 3187 le—‘

2523 1975 2748 2030 meudus
2773 1983 2857 2031 est
2884 1975 2936 2029 ei
2962 1976 3049 2030 cui
3087 1990 3252 2045 prope
3280 1989 3400 2030 esse
3427 1975 3733 2043 agnoscitur
3775 1981 3830 2029 et
3860 1972 3974 2041 jam
4025 1975 4080 2029 in

2516 2065 2698 2133 januis
2719 2065 2908 2138 stare]
2933 2065 3048 2120 Tua
3067 2081 3195 2120 vero
3218 2066 3476 2121 sanctitas
3489 2065 3671 2136 vigilet
3689 2079 3848 2135 super
3862 2081 4078 2136 gregem

2523 2157 2746 2219 Christi,
2770 2171 2836 2210 ne
2863 2155 3060 2225 lupinis
3079 2156 3364 2210 ‘morsibus
3397 2155 3591 2226 aliquis
3638 2154 3831 2227 [Μαι.
3853 2154 4077 2226 aliquid]

2527 2246 2686 2316 ια)
2714 2245 2853 2300 desit
2874 2245 3060 2316 gratim
3079 2244 3276 2300 Christi
3303 2245 3409 2300 tuis
3428 2243 3680 2314 subjectis
3705 2243 3820 2316 [Ρη
3833 2243 4076 2316 abiectis]

2523 2337 2975 2392 admonitionibus
2994 2339 3067 2392 ad
3086 2345 3140 2392 te
3168 2336 3478 2406 respiciens,
3497 2337 3622 2406 quia
3650 2337 3876 2406 perditio
3902 2334 4077 2402 cujus-

2523 2427 2653 2484 libet
2675 2429 2868 2482 animu:
2887 2429 3117 2497 pastoris
3137 2435 3220 2482 est
3247 2427 3643 2482 detrimentum.
3669 2425 3689 2498 [
3710 2425 3727 2464 τ
3747 2425 3981 2481 Vocatus
4003 2424 4075 2478 l'ui

2522 2517 2591 2570 ad
2623 2517 2894 2572 dominum
2922 2531 3099 2572 meum
3129 2517 3318 2581 David,
3343 2517 3436 2572 sed
3483 2515 3789 2571 inﬁrmitate
3837 2516 4077 2570 tardatus

2525 2623 2628 2662 non
2649 2608 2794 2670 veni,
2815 2620 2911 2661 seu
2932 2615 2987 2662 et
3009 2607 3281 2662 voluntate
3303 2606 3376 2661 fui
3401 2604 3691 2677 detentus.]
3719 2605 3811 2660 Ille
3843 2605 3970 2660 felix
3996 2614 4078 2660 est

2523 2697 2615 2766 qui
2639 2696 2988 2765 castigatione
3014 2696 3111 2751 Dei
3137 2703 3412 2751 catenatus
3431 2703 3538 2759 est,
3556 2704 3612 2748 et
3626 2695 3695 2749 ah
3716 2691 3872 2761 hujus
3895 2695 4074 2750 seculi

2525 2787 2751 2861 turbatis
2773 2786 3030 2841 liberatus
3051 2786 3316 2856 procellis.
3340 2785 3450 2842 Nec
3468 2799 3698 2854 unquam
3722 2792 3927 2838 tantum
3943 2785 4071 2838 divi-

2525 2875 2613 2930 tiis
2638 2876 2815 2932 steculi
2839 2876 3201 2934 circumfusutl
3224 2877 3470 2941 laetabar,
3488 2884 3746 2945 quantum
3771 2875 4074 2929 considera-

2524 2966 2666 3019 tione
2692 2967 2872 3036 quieta
2899 2967 3024 3022 vita:
3051 2981 3182 3022 mea:
3199 2967 3412 3037 gavisus
3439 2982 3578 3022 sum.
3605 2963 3768 3037 Opto,
3789 2965 3898 3019 Deo
3919 2965 4075 3019 mise-

2525 3064 2696 3120 rante,
2721 3065 2782 3110 ut
2816 3073 2913 3128 per
2938 3067 3086 3113 tuam
3115 3058 3375 3114 etiiciatur
3420 3057 3751 3113 dilectionem
3769 3096 3784 3120 ,
3815 3056 3955 3126 quod
3980 3071 4074 3124 per

2525 3159 2698 3199 meam
2727 3148 3008 3217 segnitiem
3048 3148 3164 3203 ﬁeri
3198 3163 3301 3203 non
3340 3148 3556 3218 poterit,
3585 3147 3636 3202 id
3659 3156 3760 3212 est,
3789 3155 3850 3202 ut
3873 3147 4073 3219 ample-

855 3200 1283 3298 gere‘litterulas,
1329 3234 1464 3291 quas
1495 3200 1745 3290 lacrymis
1772 3200 1968 3274 dictavi
1984 3200 2240 3282 vobortisi;
2293 3235 2424 3288 qua-
2449 3200 2498 3264 ο
2525 3234 2593 3286 χει

2336 3235 2424 3273 ua-
2449 3200 2498 3264 ο
2525 3234 2682 3307 nam
2699 3200 3015 3305 cuiusq—dii;
3035 3200 3316 3292 gaesa;
3325 3200 3513 3291 ea};
3523 3200 3683 3291 12...;
3699 3200 4074 3305 tantum

855 3329 1012 3370 tenus
1054 3315 1108 3370 in
1136 3313 1391 3367 memoria
1419 3311 1633 3373 habeas,
1673 3308 1799 3378 quid
1839 3309 2071 3363 maxime
2105 3322 2135 3363 a
2163 3316 2213 3363 tc
2242 3324 2438 3364 meum
2524 3323 2711 3376 ιιοηιη
2737 3323 2958 3392 pel-fma,
2984 3324 3099 3380 Non
3124 3333 3205 3380 est
3227 3325 3522 3395 episcopus,
3548 3325 3698 3392 cujus
3721 3325 3893 3395 magis
3919 3325 4075 3378 velim

854 3413 1058 3476 spectet
1101 3401 1458 3466 desiderium;
1495 3407 1552 3456 et
1579 3399 1722 3470 quod
1746 3398 1834 3452 vix
1859 3399 2128 3453 invenitur
2157 3399 2209 3452 in
2232 3413 2421 3468 quam—
2520 3427 2592 3480 pr;

2343 3414 2421 3452 ῐη·
2520 3415 2807 3480 praesentia
2855 3414 2955 3478 uti,
2999 3415 3289 3469 secundum
3336 3414 3429 3469 Dei
3467 3415 3882 3477 miserationem,
3913 3429 4074 3484 quam

854 3493 1115 3565 plurimis,
1145 3492 1198 3546 in
1225 3499 1280 3545 te
1314 3499 1523 3556 certum
1561 3489 1694 3543 mihi
1721 3488 1921 3541 habere
1964 3493 2218 3555 agnoscat
2243 3486 2419 3540 anima
2519 3518 2592 3557 γε,

2335 3501 2419 3539 “‘3
2519 3511 2718 3558 vestra.
2747 3503 2899 3570 Quod
2924 3513 2984 3558 ut
3010 3505 3132 3569 ﬁat,
3162 3505 3248 3560 ille
3277 3503 3490 3569 eiliciat,
3516 3504 3606 3574 qui
3634 3506 3710 3560 ait
3751 3522 3765 3556 :
3817 3503 3916 3558 L’bi
3950 3505 4073 3557 sunt

855 3599 974 3639 mea
1011 3585 1062 3636 ίη
1092 3581 1208 3636 ιοοο
1235 3579 1608 3650 Pl'aidesumn0
1650 3575 1797 3648 δίδίο]
1846 3577 1925 3630 Te
1944 3587 2070 3631 "ero
2107 3577 2285 3632 (“an
2313 3577 2422 3632 de“
2519 3592 2624 3645 duo
2643 3577 2720 3646 vel
2739 3603 2842 3646 tres
2865 3595 3159 3663 congregati
3179 3595 3234 3648 in
3257 3595 3459 3648 nomine
3487 3610 3620 3658 meo,
3645 3589 3715 3646 ibi
3742 3609 3854 3646 sunt
3888 3593 3942 3645 in
3972 3609 4075 3645 me-

855 3673 1074 3733 mentia,
1117 3669 1276 3724 Pater
1313 3665 1828 3730 desiderantissime,
1879 3665 2044 3720 multo
2089 3673 2326 3736 tempore
2362 3667 2416 3721 in

852 3761 1074 3816 servitio
1098 3767 1297 3813 sanctae
1334 3756 1582 3811 Ecclesiae
1615 3764 1670 3808 et
1694 3756 1982 3809 multarum
2025 3753 2267 3825 profectu
2302 3758 2418 3812 aui-

855 3863 1064 3904 marum
1086 3848 1346 3917 prolicere
1371 3845 1550 3907 faciat,
1577 3852 1636 3897 ut
1665 3858 1784 3898 cum
1813 3842 2089 3912 multiplici
2117 3843 2315 3899 laboris
2341 3845 2418 3899 tui

853 3939 1030 3992 {ructu
1060 3935 1126 3990 ad
1170 3943 1422 3988 mternam
1465 3931 1804 3986 laudabiliter
1841 3932 2125 4000 pervenire
2161 3935 2419 3989 merearis

854 4026 1256 4082 lx-atittrdinem.
1271 4022 1466 4077 lterum
1481 4029 1642 4090 atque
1663 4021 1857 4075 iterum
1877 4017 2016 4086 dico,
2030 4029 2087 4076 et
2103 4036 2226 4076 cum
2245 4022 2419 4094 lacry-

854 4117 958 4168 mis
983 4115 1121 4177 dico,
1165 4112 1268 4166 mei
1294 4125 1500 4165 memor
1519 4117 1654 4164 esto.
1699 4108 2047 4181 Omnipotens
2075 4106 2214 4168 Deus
2241 4121 2292 4168 te
2325 4128 2417 4169 cu-

854 4202 1050 4256 stodiat
1068 4210 1123 4254 et
1162 4200 1218 4254 in
1242 4199 1388 4254 omni
1420 4199 1654 4254 bonitate
1677 4198 1868 4254 ﬂorere
1891 4202 2173 4282 concedat,
2216 4201 2413 4258 dulcis~

855 4292 989 4345 sime
1017 4300 1071 4343 et
1091 4291 1326 4344 omnium
1347 4289 1690 4344 dilectissime
1711 4290 1923 4360 przesul.
1982 4287 1989 4322 ’

1310 4395 1339 4436 δ
1387 4392 1710 4451 EPISTOLA
1751 4394 1954 4452 CXLV.

1211 4481 1278 4522 Αυ
1303 4480 1544 4520 ABNONEI
1581 4479 2043 4520 Αιειιιεριθοονωι.

855 4603 1195 4676 Epistolch
1213 4621 1267 4676 se
1289 4533 1995 4676 missaSéenstgasdf’eitgﬁursus
2012 4609 2287 4676 prasentia
2311 4608 2411 4660 Ar-

923 4675 1070 4794 "nonis
1088 4673 1194 4742 frui
1214 4672 1495 4736 desiderat,
1521 4668 1792 4742 impeditus
1825 4673 1932 4744 ipse
1969 4668 2138 4728 uenire
2167 4677 2237 4728 ad
2265 4677 2410 4745 pala-

965 4756 1072 4794 um.

922 4756 1145 4880 ἔξω
1171 4823 1365 4878 merito
1392 4823 1451 4877 in
1488 4819 1743 4878 membris
1787 4822 1985 4879 Christi
2038 4831 2407 4888 amantissimo

853 4913 1081 4986 [Aquila
1112 4911 1529 4982 archiepiscopo]
1558 4911 1782 4966 Albinus
1809 4914 2204 4971 matricularius
2234 4922 2403 4975 sancti

727 4979 732 4988 θ
817 5033 823 5039 ~
1093 4979 1468 5070 sempiternam
1504 4979 1748 5054 salutem.

919 5169 945 5196 ι
992 5155 1210 5210 Vocatus
1256 5155 1326 5208 ad

1405 5153 1619 5225 altilium
1660 5167 1862 5225 propter
1904 5158 2250 5225 inﬁrmitates,
2295 5170 2399 5215 etc.

854 5223 969 5278 vm.
993 5225 1150 5292 epist.
1175 5225 1275 5277 ist
1301 5241 1331 5277 ει

1409 5223 1667 5296 Carolina
1694 5223 1850 5296 pa'ulp
1895 5223 2019 5281 ante
2054 5224 2396 5296 descriptam.

851 5290 1061 5362 Scripta
1088 5300 1169 5345 est
1195 5293 1412 5360 epistula
1431 5333 1446 5356 ,
1473 5293 1596 5362 dum
1625 5290 1771 5362 Αιῗιιο
1806 5293 1975 5348 Roma
2019 5298 2215 5351 rediret
2233 5290 2402 5352 'anuo

849 5358 1128 5416 80lfVide
1155 5358 1312 5430 etiam
1339 5360 1615 5430 epistulam
1646 5361 1731 5414 hic
1759 5373 2084 5430 sequentem.

922 5431 950 5470 δ
989 5429 1126 5484 Em.
1158 5422 1892 5505 Habiti.30_(l-‘robgt._l9§).
1927 5429 2025 5487 llic
2069 5451 2194 5490 vero
2229 5438 2400 5505 magis

851 5499 1057 5571 integra
1081 5499 1258 5569 prodit
1279 5515 1344 5571 ex
1369 5487 1489 5571 cod:
1516 5515 1634 5571 ms-._
1646 5487 1838 5552 Salish.

2516 3682 2604 3734 dio
2624 3698 2801 3735 eorum
2841 3682 3053 3752 (Matth.
3089 3699 3240 3748 xvm,
3264 3683 3374 3756 20).
3427 3683 3725 3738 Periculum
3774 3691 3858 3737 est
3899 3682 4072 3753 fragili

2516 3771 2697 3826 animo
2716 3772 2769 3827 in
2790 3773 2948 3842 hujus
2971 3774 3148 3828 seculi
3171 3780 3833 3844 perniauerelempestate.
3861 3772 4068 3826 Martha

2468 3876 2474 3881 ·
2517 3863 2863 3938 ministrabat
2884 3863 3120 3928 Christo,
3139 3867 3230 3919 sed
3259 3875 3440 3920 tamen
3467 3865 3611 3920 circa
3646 3865 3872 3933 plurima
3911 3880 4072 3918 occu-

2515 3960 2663 4020 pata,
2686 3953 2911 4009 Domino
2936 3953 3166 4017 dicente,
3195 3953 3389 4024 legitur
3405 3968 3527 4009 esse
3555 3972 3569 4007 :
3603 3952 3776 4008 Maria
3797 3970 3914 4008 vero
3935 3957 4068 4022 opti-

2515 4055 2654 4094 mam
2679 4051 2879 4112 partem
2894 4041 3062 4112 elegit,
3089 4059 3203 4112 quis
3233 4059 3334 4097 non
3354 4042 3623 4113 auferetur
3645 4043 3708 4113 ab
3747 4059 3810 4098 ea
3843 4044 3899 4098 ia
3922 4057 4068 4098 tuer-

2515 4150 2638 4187 num
2675 4133 2827 4205 (Luc.
2852 4151 2905 4197 x,
2928 4134 3023 4199 £0,
3046 4135 3159 4207 ιε).
3451 4145 3453 4147 ’

2502 4239 2504 4243 ·
2584 4219 2666 4291 [Si
2694 4221 2866 4302 placet
2901 4221 3033 4287 Deo,
3064 4231 3131 4278 ut,
3158 4224 3341 4292 venias
3383 4222 3451 4278 ad
3507 4222 3688 4277 limina
3737 4221 3794 4277 S.
3853 4219 4062 4283 Martini

2513 4311 2736 4365 multum
2765 4311 3034 4371 desidem.
3061 4322 3186 4380 opto
3213 4321 3371 4382 atque
3398 4312 3671 4381 deprecor.
3721 4311 3816 4367 Sin
3859 4322 4060 4368 autem.

2511 4397 2593 4479 vel
2623 4398 2815 4476 littera:
2839 4407 3030 4453 vestrze
3060 4401 3275 4455 veniant
3296 4400 3572 4468 loquentes
3609 4402 3662 4456 in
3707 4417 3865 4457 aures
3886 4402 4058 4456 Albini

2514 4484 2610 4546 tui,
2637 4485 2711 4538 uti
2738 4497 2835 4555 per
2861 4487 3174 4555 portitorem
3218 4487 3426 4542 illarum
3471 4489 3762 4560 longiorem
3804 4491 4058 4545 chartula:

2514 4575 2704 4628 seriem
2727 4576 2878 4630 vobis
2898 4576 3128 4647 dirigere
3157 4577 3403 4650 valeam.]
3448 4579 3679 4634 Mirabar
3724 4580 3776 4634 in
3830 4581 4057 4649 quadam

2511 4661 2750 4716 chartula
2788 4663 3086 4720 dilectidnis
3112 4655 3317 4721 vestra:
3363 4667 3630 4736 quoddam
3651 4660 3893 4734 verbum,
3916 4670 4055 4737 quod
4143 4657 4145 4679 '

2509 4753 2581 4805 ibi
2626 4753 2863 4823 legebam
2910 4755 2963 4808 in
2992 4769 3093 4820 eo;
3146 4755 3235 4809 ubi
3263 4762 3383 4824 post
3413 4763 3772 4824 competentes
3799 4764 3856 4811 et
3879 4757 4052 4812 animo
4139 4741 4143 4824 ,¹

2509 4856 2628 4895 meo
2650 4807 3237 4899 dcsiderabilesvsensus
3263 4807 3465 4910 dixisti,
4139 4807 4141 4859 l

2506 4933 2746 4998 pationes
2771 4932 2842 4986 nil
2873 4932 3001 4988 mihi
3031 4933 3390 4992 transmittere
3416 4935 3679 5004 potuisses
3723 4935 4044 4999 munusculi;
4137 4937 4139 4949 '

2506 5021 2655 5088 quasi
2685 5022 2736 5075 in
2758 5037 2895 5083 auro,
2925 5023 3006 5077 vel
3031 5032 3254 5094 argento
3284 5024 3522 5078 charitas
3549 5023 4047 5088 uostrsconsistat;
4135 5031 4137 5041 '

2504 5189 2597 5227 seu
2626 5134 3074 5228 Curtdumsrillam
3116 5182 3181 5244 ex
3213 5174 3393 5244 lineo
3421 5173 3488 5244 ad
3525 5184 3725 5244 pagum-
3747 5174 4040 5244 Tullensem

2503 5245 2686 5305 refert,
2707 5251 2762 5296 et
2787 5243 2852 5296 de
2875 5243 3202 5313 Condrevillr
3232 5244 3298 5296 ad
3325 5242 3612 5313 Mosellam
3630 5253 3791 5313 prope
3835 5242 4040 5300 Tullum
4129 5255 4131 5311 i

2502 5313 2912 5400 ister-pietatm;
2969 5312 3659 5400 quamvisucelebtcrrirnns;
3690 5314 3927 5394 Valesius
3950 5318 4035 5400 “in

2501 5379 2620 5433 Not.
2653 5379 2965 5442 Galliarum,
2989 5396 3040 5448 p.
3071 5382 3196 5443 239,
3218 5381 3270 5434 id
3294 5383 3359 5435 de
3382 5380 3686 5436 Gondednr
3707 5385 3762 5435 in
3789 5397 3926 5452 pth
3950 5386 4031 5439 Vs

2500 5451 2679 5518 brensi
2706 5463 2870 5518 prope
2889 5448 3134 5518 Conﬂans
3155 5449 3408 5504 declaret.

2572 5529 2596 5556 ο
2624 5516 2998 5588 tiatur-tentem.
3027 5517 3376 5587 Roms,puto,
3406 5531 3500 5588 per
3511 5519 3948 5576 Ouudolfovillatn
3971 5519 4031 5574 ad

921 5566 1220 5654 ξ
1270 5567 1746 5654 εξι-ιξτίειξειξίςρξιεις
1802 5569 2039 5636 priores,
2093 5566 2398 5628 immediate
2493 5566 2966 5654 Aquigpmiiu’m‘.

855 5636 991 5691 hanc
1015 5631 1375 5703 pra‘eedentes
1395 5635 1668 5688 fortaSsis?

916 5705 942 5742 ά
981 5707 1058 5757 Ad
1087 5704 1536 5773 Candolforillam.
1565 5705 1691 5758 Rev.
1719 5712 1906 5773 auctor
1927 5704 2203 5762 Prodrouti
2224 5709 2394 5762 Chro-

851 5773 951 5829 nit'i
974 5770 1367 5831 Gottwicensis.
1399 5778 1534 5838 part.
1567 5789 1623 5831 ll,
1649 5790 1699 5834 ι).
1725 5774 1846 5837 819,
1869 5770 2165 5845 Cundulphi
2196 5779 2389 5846 rillam,

2567 5651 2865 5733 {Vocatus
2904 5655 2980 5721 [ai
3028 5656 3094 5706 ad
3143 5655 3403 5711 domintum
3452 5669 3620 5716 meum
3678 5659 3860 5712 David.
3916 5658 4025 5712 Vid.
4120 5709 4121 5733 ξ

2494 5731 2650 5791 epist.
2674 5731 2928 5790 priorem.
