4400 6454
205 418 309 473 589

202 528 331 582 dum
366 535 511 581 tanta
542 536 647 591 est,
669 535 727 581 ut
757 542 879 582 vcrc
907 526 1096 591 fateor,
1124 529 1175 582 in
1224 532 1402 583 animo
1435 540 1553 582 meo
1603 545 1615 579 :

199 612 366 665 etiam
383 649 401 675 ,
429 620 492 665 ut
513 612 707 674 credo,
738 621 794 665 et
821 611 872 664 in
899 620 990 665 tuo
1019 630 1031 664 :
1062 622 1121 666 ut
1145 614 1197 666 in
1222 613 1617 681 comparatione
1637 610 1753 676 ejus

201 699 483 755 claritatis
504 701 682 755 ominis
706 700 1013 756 divitiarum
1039 703 1243 770 species
1266 704 1503 781 vilescat.
1540 702 1630 754 llla
1671 712 1754 755 est

198 804 350 850 vera,
372 789 439 843 de
465 803 571 858 qua
601 789 757 843 modo
779 791 1061 859 scripsisti,
1085 792 1316 858 pericula
1336 790 1612 844 ﬂuminum
1648 807 1751 843 non

196 864 483 943 subinﬁe
498 879 694 947 quibus
718 880 944 935 dicitur:
968 879 1215 934 Flumina
1236 881 1397 934 multa
1417 898 1520 934 non
1539 883 1749 935 obruent

196 966 505 1020 duritatem
530 965 703 1036 (Cant.
728 969 934 1039 vnt,7).
963 969 1085 1023 llaec
1111 969 1287 1038 vigeat
1318 970 1367 1022 in
1387 971 1634 1024 cordibus
1660 986 1755 1023 no-

196 1054 350 1117 stris,
374 1068 479 1108 non
516 1070 653 1109 vana
679 1058 795 1109 auri
820 1056 903 1110 vel
936 1057 1140 1125 argenti
1170 1058 1374 1125 species
1420 1074 1433 1109 :
1486 1072 1603 1125 qua:
1649 1072 1751 1109 non

198 1151 429 1211 prosunt
456 1145 857 1213 possidentil-ns
879 1132 989 1209 illa,
1018 1144 1111 1197 scd
1138 1146 1309 1213 magis
1335 1145 1622 1204 obsistunt.
1649 1146 1750 1198 nisi

195 1232 281 1286 eis
297 1233 387 1301 qni
413 1232 501 1286 illa
517 1235 592 1288 uti
614 1235 682 1288 ad
705 1234 928 1289 salutem
954 1236 1143 1288 anima:
1165 1251 1274 1289 sua:
1302 1235 1752 1305 inlargiuoniius

195 1337 493 1392 pauperum
525 1323 808 1379 didicerint
853 1332 910 1379 et
940 1339 1101 1393 Opere
1118 1324 1459 1395 perfecerint.
1494 1325 1749 1394 Omnipo-

198 1420 319 1464 tens
346 1410 488 1466 Deus
504 1414 839 1467 sanctitatem
867 1421 1012 1467 tuam
1043 1414 1111 1467 ad
1141 1414 1426 1467 multorum
1462 1414 1749 1483 profectio-

195 1511 322 1551 nem
345 1498 519 1553 salute
546 1509 823 1571 perpetua,
842 1502 1212 1557 benedictione
1252 1501 1390 1556 felici
1435 1503 1748 1557 incolumem

194 1598 477 1661 protegere
513 1599 569 1645 et
610 1590 879 1646 custodire
904 1592 1171 1662 dignetur,
1193 1592 1407 1645 domine
1434 1592 1591 1645 Pater
1618 1593 1749 1646 dile-

91 1676 97 1681 ”
192 1675 437 1730 ctissime
479 1685 532 1730 et
554 1677 1065 1740 desiderantissime,
1091 1687 1251 1747 atque
1295 1680 1495 1733 honore
1540 1681 1590 1732 in
1641 1682 1749 1734 Deo

193 1764 527 1834 dignissime.
667 1766 678 1778 '

649 1892 676 1922 ι
713 1880 1039 1937 EPISTOLA
1072 1882 1293 1937 CXLVI.

296 1984 366 2022 AD
403 1983 648 2025 annos“
686 1986 1128 2027 ιιιοιιιειοιεεοιυωι
1164 1989 1638 2029 θλιιειιυιιϐεκδιῖιι.

787 2061 963 2131 (Anno
986 2062 1135 2133 80%.)

193 2169 653 2256 Signiﬁcat‘satmt
684 2188 809 2256 (ergo
834 2171 1089 2256 Anionem
1114 2175 1376 2256 angelum.
1417 2176 1742 2256 ddqmpitu

262 2240 572 2311 respondere
590 2240 781 2311 partim
816 2250 1048 2305 recusat,
1080 2240 1267 2311 partim
1292 2240 1561 2312 promittit.
1594 2244 1743 2313 Regis

262 2308 482 2369 iustitia:
526 2325 753 2362 amorem
796 2309 977 2362 laudat
1016 2328 1035 2363 :
1073 2312 1425 2364 ministrorum
1472 2315 1744 2367 avaritiam

260 2379 450 2448 carpit.
480 2375 639 2448 linit
671 2394 787 2448 cunt
826 2380 1121 2448 muneribus
1153 2380 1453 2448 opusculum
1480 2382 1535 2435 in
1566 2382 1746 2436 Eccle-

259 2442 457 2499 siaiten
477 2442 771 2499 Salomonis
793 2445 861 2498 ad
882 2442 1291 2501 describendum.
1640 2462 1655 2477 ·

262 2571 725 2630 Reverendissimo
749 2574 892 2627 Patri
922 2572 1126 2643 Aquila:
1151 2577 1548 2648 archiepiscopo
1572 2581 1746 2634 humi-

191 2658 261 2714 lis
282 2660 679 2716 matricularins
697 2661 923 2718 Albinus
946 2665 1190 2720 salute.

261 2748 417 2804 Nono
452 2750 567 2805 Kal.
603 2749 747 2806 Junii
787 2753 919 2808 hora
966 2756 1121 2809 tertia
1171 2757 1514 2812 beatitudinis
1556 2768 1744 2814 vestra:

190 2839 394 2895 misum
417 2840 485 2893 ad
510 2855 609 2894 nos
635 2843 896 2910 pervenit,
922 2843 1155 2912 horaque
1180 2861 1319 2899 nona
1366 2846 1600 2912 ejusdem
1639 2848 1743 2901 diei

193 2928 501 2983 necessario
534 2942 594 2983 se
630 2932 971 2985 reversurum
992 2932 1253 3001 praedixit.
1298 2931 1648 3003 Quapropter,
1690 2936 1744 2988 in

194 3023 306 3069 tam
332 3024 559 3085 angusto
585 3019 838 3087 temporis
871 3019 1097 3075 articulo
1143 3037 1229 3076 me
1274 3025 1596 3089 constituto,
1639 3026 1743 3079 alia

191 3104 400 3159 dictare
419 3119 525 3159 non
545 3106 712 3174 potui,
730 3106 830 3160 nisi
857 3108 1058 3177 gratias
1082 3110 1446 3163 tantummodo
1466 3125 1621 3180 agere
1648 3128 1744 3180 pro

190 3193 507 3250 dulcissima
521 3194 797 3251 cbaritatis
827 3206 1016 3252 vestrae
1036 3198 1409 3254 munificentia
1423 3239 1439 3263 ,
1460 3210 1516 3255 et
1533 3201 1598 3253 de
1621 3218 1745 3257 san-

188 3291 296 3337 ctae
318 3281 443 3339 ﬁdei
463 3282 991 3357 probatione,iquam
1021 3303 1232 3359 semper
1256 3300 1433 3346 vestro
1460 3292 1635 3347 inesse
1653 3309 1745 3361 pe-

188 3372 332 3426 ctori
360 3373 517 3443 ιθι
547 3376 814 3431 veraciter
829 3379 1159 3447 agnovimus.
1198 3378 1303 3433 Sed
1352 3380 1573 3435 multum
1614 3398 1747 3437 mea:

190 3469 353 3516 nocet
374 3462 641 3517 devotioni
677 3464 957 3535 infidelitas
984 3466 1354 3535 accipientium
1378 3468 1581 3524 litteras
1599 3486 1746 3525 meas

188 3550 346 3605 vobis
375 3550 697 3621 dirigendas.
724 3552 857 3607 Nam
890 3554 1105 3609 memini
1136 3570 1221 3609 me
1264 3570 1406 3609 anno
1447 3567 1742 3621 transacto,

193 3639 222 3678 δ
243 3640 399 3694 vobis
422 3641 494 3693 de
519 3639 668 3694 Italia
695 3643 1101 3708 revertentibus,
1120 3643 1256 3699 duas
1276 3646 1504 3714 dirigere
1524 3648 1741 3700 chartu-

191 3726 309 3791 las;
363 3728 610 3781 similiter
654 3730 809 3782 modo
856 3730 1067 3783 obviam
1107 3739 1288 3784 vestro
1333 3734 1561 3786 adventu
1614 3734 1745 3788 duas

191 3817 464 3871 transmisi
496 3817 563 3871 ad
588 3818 873 3886 palatium;
920 3818 1012 3872 sed
1059 3821 1237 3873 nescio
1282 3835 1401 3888 qua:
1439 3837 1503 3875 ex
1545 3822 1647 3877 illis
1677 3826 1743 3878 ad

190 3914 426 3960 vestram
454 3916 809 3975 pervenerunt
835 3906 1191 3976 pra-sentiam.
1220 3906 1387 3978 [Quia
1430 3911 1567 3965 sicut
1614 3912 1742 3965 mihi

190 3996 358 4061 suave
385 3993 486 4049 fuit
509 4004 699 4051 vestrae
723 3996 1059 4051 allocutiouis
1086 3997 1332 4062 e'ollatio,
1362 4000 1440 4053 sic
1491 4002 1621 4055 mihi
1658 4001 1745 4068 ju-

190 4087 426 4141 cundum
448 4098 529 4141 est
551 4089 681 4141 satis
695 4088 951 4142 litteraria
970 4089 1288 4142 salutatione
1299 4089 1491 4155 sa‘pius
1510 4094 1741 4142 vestram

190 4176 463 4248 appellare
483 4178 883 4242 auctoritatem;
919 4184 1075 4247 atque
1103 4178 1155 4231 in
1202 4178 1522 4246 accipiendis
1551 4186 1742 4232 vestra:

191 4263 495 4320 dilectionis
524 4265 748 4330 litteris,
775 4266 997 4320 multum
1032 4281 1127 4321 me
1170 4268 1401 4337 gaudere
1446 4267 1741 4322 certissime

191 4355 353 4418 scito,
376 4340 501 4422 quia
524 4370 630 4408 non
656 4363 738 4409 est
764 4355 1010 4423 pontifex"
1028 4356 1081 4409 in
1120 4357 1220 4409 hoc
1263 4372 1452 4425 regno,
1469 4356 1619 4423 cujs
1656 4371 1743 4410 me

82 4438 85 4441 ⁷
191 4442 366 4511 magis
396 4441 517 4495 ﬁdei
542 4442 880 4506 crediderim,
906 4453 998 4498 aut
1015 4445 1185 4512 magis
1202 4445 1321 4512 ejus
1338 4445 1563 4498 salutem
1592 4454 1741 4513 cpta-

1625 417 1997 472 EPiSTOLxﬁ.

3301 426 3402 473 590

1666 527 1744 579 vel
1776 530 1819 585 Α
1850 524 2040 578 tiones.
2082 526 2183 579 Sed
2211 526 2343 586 licu,
2373 527 2504 595 proh
2542 525 2719 581 dolor!
2775 526 2926 580 multi
2967 535 3090 579 sunt
3137 539 3406 585 amatores

1852 614 2007 680 hujus
2036 615 2384 681 deccptionis,
2411 623 2465 668 et
2509 615 2661 683 pauci
2710 616 2942 670 cultorcs
2972 632 3219 671 veraniui
3266 619 3404 674 clivi-

1854 706 2043 756 tiarum
2090 704 2172 770 (ll
2202 704 2333 756 Tim.
2362 721 2443 766 ut,
2475 704 2528 771 4)
2548 744 2564 767 ,
2586 705 2795 758 dicente
2826 706 2936 774 ipsa
2964 706 3217 768 V'eritatc,
3251 708 3404 763 Multi

1851 801 1967 845 sunt
2009 794 2204 851 uocaui.
2239 794 2389 859 pauci
2418 806 2537 846 tero
2577 793 2723 846 electi
2772 792 2985 863 (Matth.
3018 810 3109 857 xx,
3142 796 3246 864 l6).
3299 796 3405 852 Sed

1852 881 1993 933 inter
2031 898 2228 949 paucos
2265 883 2649 936 contendamus
2686 896 2825 944 esse,
2847 893 2906 937 ut
2950 884 3089 938 inter
3113 886 3401 941 clectorum

1852 985 2131 1024 numerum
2160 983 2461 1024 mereantur
2495 970 2784 1040 deputari.]

1920 1059 1995 1112 De
2022 1061 2275 1112 canonica
2298 1060 2405 1113 vita
2430 1068 2488 1113 et
2510 1058 2740 1128 regulari
2767 1059 3112 1119 institutione,
3137 1062 3263 1129 quid
3284 1078 3400 1115 mca

1853 1150 2060 1218 ignavia
2089 1151 2345 1209 scribere.
2374 1150 2456 1203 vel
2487 1160 2664 1203 vestra
2688 1151 2967 1216 occ-.tpatio
3001 1151 3219 1218 implere
3251 1162 3400 1219 pote-

1851 1238 1951 1291 rit?
2004 1238 2084 1292 vel
2122 1240 2248 1307 quid
2275 1241 2475 1293 sanctis
2500 1241 2793 1293 canouibns
2814 1241 3031 1295 addere.
3060 1240 3141 1292 vel
3172 1242 3399 1309 regulari

1851 1328 2154 1383 diseretioni
2180 1344 2294 1381 mea
2317 1328 2510 1381 snflicit
2538 1328 2823 1395 inperitia,
2846 1328 2929 1381 vel
2967 1336 3019 1382 te
3057 1330 3178 1382 inde
3220 1331 3401 1384 admo—

1852 1431 2001 1479 nere,
2028 1418 2167 1470 unde
2185 1418 2253 1469 ab
2283 1417 2503 1469 infantia
2526 1417 2766 1470 eruditus
2786 1415 2967 1469 fuisti?
2990 1416 3081 1470 \‘cl
3113 1418 3238 1484 quid
3266 1418 3401 1470 seire

1850 1504 1989 1558 valet
2008 1505 2071 1558 de
2080 1503 2281 1571 judicio
2294 1505 2533 1557 sa-cnlari
2552 1520 2669 1557 mea
2688 1505 2951 1566 socordia,
2976 1506 3114 1559 inter
3129 1521 3248 1573 qua!
3270 1523 3402 1560 nun-

1848 1610 2007 1660 quam
2034 1594 2148 1645 fieri
2193 1594 2367 1647 volui?
2414 1603 2591 1646 tamen
2636 1593 2683 1647 si
2725 1607 2844 1645 mea
2884 1590 3151 1661 diligentia
3203 1594 3401 1662 aliquid

1850 1685 1969 1738 inde
1998 1697 2286 1751 agnoscere
2313 1683 2531 1751 poterit.
2557 1683 2681 1736 dum
2708 1691 2887 1736 certus
2914 1682 3079 1736 sciam
3104 1685 3230 1752 quid
3260 1701 3401 1754 qua:-

1850 1787 1938 1824 ras
1972 1772 2181 1827 exinde.
2214 1771 2391 1838 segnis
2420 1786 2522 1822 non
2552 1786 2644 1823 cro
2671 1771 2795 1838 qni-,I
2828 1772 3052 1823 sentiam
3098 1775 3397 1827 ostendere.

1777 1844 1819 1901 Β
1851 1876 1871 1902 ε
1906 1866 1978 1918 Dc
1997 1864 2269 1918 catholica:
2294 1864 2413 1917 fidei
2441 1877 2566 1917 vero
2590 1864 2793 1918 ratione
2820 1872 3056 1932 tempore
3084 1874 3397 1933 opportuno.

1845 1953 2023 2012 divino
2044 1954 2332 2021 inspirante
2357 1952 2583 2019 Spiritu,
2603 1967 2709 2005 non
2730 1966 2815 2005 me
2836 1954 3039 2020 abnego
3059 1953 3256 2022 aliquid
3281 1956 3402 2008 inde

1844 2042 2181 2094 considerare
2206 2043 2493 2094 secundum
2510 2041 2903 2095 catholicorum
2932 2046 3128 2112 scripta
3153 2043 3392 2106 Patrum,

1844 2139 2004 2197 atque
2026 2132 2090 2183 ad
2106 2139 2295 2183 vestra:
2314 2140 2655 2199 augmentum
2676 2131 2972 2185 sanctitatis
2995 2133 3351 2187 transcribere
3382 2152 3396 2188 :

1844 2220 1983 2286 quod
2014 2220 2164 2273 valde
2194 2220 2551 2273 necessarium
2582 2219 2761 2273 multis
2789 2220 2962 2282 video,
2990 2224 3078 2291 qui
3104 2225 3271 2290 magis
3300 2240 3398 2275 sm-

1844 2309 2041 2361 cularia
2073 2317 2313 2377 qummnt
2340 2324 2499 2376 quam
2542 2308 2865 2377 spirituulia,
2889 2304 3186 2364 nescientes
3230 2314 3390 2379 quod.

1845 2398 2134 2450 secundum
2160 2398 2399 2467 Apostoli
2438 2398 2656 2461 dictum,
2686 2399 2998 2455 impossibile
3023 2407 3097 2452 est
3144 2401 3253 2453 sine
3291 2400 3394 2467 ﬁm-

1804 2482 1809 2486 ’
1844 2486 1951 2538 Deo
1981 2486 2184 2554 placere
2223 2485 2407 2555 (Hebr.
2438 2500 2519 2546 ιι,
2544 2484 2619 2552 6).
2666 2484 2763 2554 [De
2787 2486 3117 2541 orationibus
3142 2498 3270 2539 vero
3299 2501 3397 2555 pro

1845 2574 1994 2626 vobis
2017 2573 2314 2626 nullatenus
2341 2588 2457 2626 mea
2485 2585 2635 2625 meus
2658 2572 2895 2627 oblivisci
2930 2582 3127 2643 potest,
3148 2574 3240 2629 scd
3263 2591 3396 2643 qua-

1845 2663 1965 2714 dam
1998 2662 2147 2715 suavi
2178 2662 2544 2716 recordatione
2580 2662 2632 2714 in
2669 2671 2953 2731 conspectu
3001 2662 3093 2717 Dei
3134 2674 3235 2716 tua!
3271 2665 3396 2716 hea-

1846 2750 2085 2804 titutlinis
2124 2764 2319 2805 nomen
2365 2752 2511 2806 cordi
2549 2767 2668 2807 meo
2710 2752 2929 2805 infixum
2963 2753 3402 2814 teneo,maxime

1844 2847 1966 2891 ante
1987 2837 2287 2905 sepulcrum
2312 2839 2633 2892 confessoris
2668 2838 2865 2893 Christi
2896 2849 3055 2906 atque
3085 2840 3397 2893 intercesso-

1844 2927 1919 2981 ris
1957 2929 2120 2980 vestri
2172 2929 2311 2981 beati
2353 2928 2584 2992 Martini,
2610 2931 2749 2983 inter
2782 2930 3151 2999 sacriticiaque
3184 2938 3396 2983 sancto-

1842 3029 1961 3068 rum
1984 3014 2181 3069 Christi
2208 3017 2543 3071 sacerdotum
2566 3018 2694 3071 illud
2720 3018 2955 3071 scribere
2980 3016 3123 3088 feci].
3156 3017 3229 3071 De
3250 3028 3388 3072 statu

1841 3118 1972 3158 vero
2006 3106 2330 3159 infirmitatis
2378 3120 2511 3160 mea:
2547 3115 2600 3161 et
2623 3108 2933 3171 voluntatis,
2960 3108 3216 3169 candidus
3243 3124 3393 3164 meus

1769 3180 1812 3237 C
1846 3193 1940 3246 tibi
1963 3194 2143 3247 omnia
2167 3195 2347 3249 dicere
2377 3196 2565 3264 potuit.
2596 3196 2930 3266 quapropter
2951 3196 3271 3267 superﬂuum
3310 3209 3394 3253 est

1847 3282 2045 3361 aliquid
2066 3282 2188 3337 inde
2208 3284 2466 3346 saltem,
2492 3286 2591 3339 nisi
2620 3287 2719 3340 hoc
2739 3292 2951 3339 tantum
2974 3287 3172 3348 dicere.
3198 3297 3256 3341 ut
3279 3304 3393 3342 om-

1846 3370 1930 3423 nis
1956 3371 2197 3439 eorporis
2221 3373 2325 3425 mei
2351 3371 2581 3440 dignitas
2613 3375 2853 3437 recessit,
2878 3382 2931 3429 et
2958 3376 3228 3429 saecularis
3253 3378 3396 3432 dele-

1844 3460 2009 3513 ctatio
2027 3459 2209 3527 procul
2238 3460 2460 3529 aufugit.
2511 3460 2585 3513 De
2630 3461 2767 3515 bona
2817 3462 3079 3529 siquidem
3124 3463 3393 3518 voluntate

1845 3550 2023 3603 domui
2074 3550 2412 3617 imperatoris
2454 3550 2609 3605 valde
2651 3560 2828 3606 certus
2870 3566 3021 3613 sum,
3049 3554 3187 3621 quod
3214 3555 3390 3605 omnia

1845 3639 1909 3691 ad
1934 3638 2265 3692 rectitudinis
2288 3653 2529 3693 normam
2558 3640 2611 3692 in
2638 3648 2800 3709 regno
2821 3641 2919 3693 sibi
2943 3654 2974 3692 a
2995 3639 3107 3693 Deo
3134 3641 3259 3693 dato
3281 3642 3389 3694 dis-

1842 3726 1964 3794 poni
2005 3725 2311 3780 desiderat:
2352 3727 2445 3780 sed
2480 3735 2654 3781 tantos
2680 3740 2783 3779 non
2812 3726 2971 3780 habet
2990 3727 3210 3795 iustitia
3238 3728 3389 3795 adju-

1846 3824 2005 3877 tores,
2028 3824 2252 3884 quantos
2276 3816 2435 3869 etiam
2461 3816 2847 3879 subversores;
2874 3831 2973 3870 nec
2994 3816 3179 3871 tantos
3195 3816 3386 3886 pracdi-

1841 3912 2070 3967 catores,
2084 3914 2313 3971 quantos
2326 3904 2677 3972 prcedatores;
2697 3904 2819 3972 quia
2836 3904 3013 3972 plures
3028 3913 3173 3968 sunt,
3188 3908 3275 3973 qui
3293 3922 3389 3958 sua

1840 3994 2320 4063 desiderant,qu
2334 3994 2427 4046 Dei
2443 3993 2659 4063 (Philip.
2678 4008 2738 4057 ιι,
2750 3994 2809 4047 2|
2823 3994 2978 4062 ).'l‘ua
2990 4010 3120 4049 vero
3137 3997 3393 4049 sanctitas

1840 4094 1871 4134 a
1887 4082 2096 4134 nemine
2107 4096 2327 4135 munera
2350 4083 2601 4150 suscipiat
2621 4098 2718 4152 pro
2736 4083 2929 4146 causis,
2944 4084 3067 4150 quia
3083 4084 3280 4152 optime
3299 4100 3391 4136 no-

1840 4170 1907 4222 sti
1936 4170 1987 4222 in
2011 4168 2126 4239 lege
2144 4166 2367 4233 dictum,
2388 4187 2601 4223 niunera
2628 4181 2885 4225 exsiccant
2901 4172 3063 4224 cardo
3082 4174 3387 4241 sapientum.

1840 4270 1885 4310 et
1914 4257 2206 4311 subcenant
2233 4257 2381 4312 verba
2411 4259 2676 4327 jastorunt
2704 4259 2907 4326 (Exod.
2932 4274 3065 4314 χχιιι
3084 4263 3200 4329 ,8).
3235 4261 3387 4327 Quod

1840 4347 2037 4400 malum
2054 4346 2214 4400 nimie
2240 4347 2376 4400 inter
2392 4346 2722 4401 Christianos
2743 4348 2903 4418 viget,
2918 4350 3041 4417 quia
3065 4352 3154 4417 qui
3176 4352 3387 4417 propria

1840 4446 2089 4507 spernere
2101 4437 2376 4504 iubentur,
2392 4438 2563 4495 aliena
2583 4454 2705 4494 cum
2720 4440 2998 4508 iniquitate
3023 4442 3252 4508 rapiunt.
3278 4442 3389 4511 ll‘oc

192 4545 310 4584 rem
334 4530 386 4583 in
414 4529 658 4596 Domino,
680 4530 762 4583 vel
790 4530 928 4584 illius
972 4540 1157 4585 sancta
1206 4527 1564 4587 causolatione
1610 4535 1737 4599 frui,
1766 4515 1817 4573 Ι)
1842 4541 1966 4579 vero
1982 4525 2209 4578 maxime
2230 4533 2319 4579 tua
2342 4527 2477 4581 bona
2499 4527 2827 4594 providentia
2842 4527 3120 4598 prohibeat
3141 4530 3387 4581 omnibus

192 4619 282 4672 vel
327 4620 379 4672 in
425 4618 651 4688 loquela,
675 4618 758 4673 vel
786 4620 838 4672 in
868 4614 1061 4673 litteris
1091 4608 1465 4673 desiderarem.
1500 4618 1606 4675 Sed
1642 4623 1741 4675 mi-

189 4708 334 4766 seria
360 4698 517 4774 huius
540 4708 721 4761 mundi
749 4706 1003 4777 disiungit
1030 4708 1220 4762 charos
1236 4748 1250 4770 ,
1287 4716 1341 4761 et
1367 4709 1741 4762 convenientes

150 4782 151 4785 “
187 4801 410 4863 separat
433 4794 662 4857 animos,
691 4802 850 4861 atque
870 4796 1142 4850 ardentius
1162 4796 1354 4850 exinde
1378 4811 1475 4849 nos
1497 4798 1650 4854 docet
1671 4799 1737 4851 ad

190 4897 312 4937 eam
342 4880 601 4937 festinare
619 4882 813 4948 vitam,
851 4884 941 4937 ubi
986 4896 1254 4953 nunquam
1304 4886 1495 4939 charos
1546 4886 1734 4950 deerit,

187 4975 464 5041 nunquam
488 4970 744 5044 inimicus
766 4965 963 5035 aderit;
1010 4966 1161 5040 cuius
1193 4974 1313 5027 vitae
1356 4974 1737 5028 beatitudinem

186 5060 289 5127 qui
302 5059 562 5128 agnoscit,
590 5057 744 5113 facile
762 5056 922 5126 hujus
937 5058 1115 5113 secuti
1134 5050 1347 5127 spernit
1360 5061 1596 5122 delicias,
1619 5061 1764 5127 quae‘

188 5164 296 5201 non
325 5148 456 5203 subi
472 5147 696 5224 delicia,
722 5148 820 5203 sed
855 5147 1223 5216 deceptiones;
1281 5163 1387 5203 non
1412 5138 1737 5213 dulcedines,

185 5237 283 5290 sed
315 5234 727 5300 Mantinea;
755 5248 862 5292 non
882 5249 1023 5291 vera
1048 5236 1265 5300 divitia,
1280 5238 1372 5292 sed
1392 5238 1535 5292 lalsre
1556 5238 1737 5291 adula—

260 5386 286 5413 ι
316 5371 466 5427 Hanc
484 5372 642 5441 epist.
672 5373 929 5428 hactenus
953 5373 1204 5428 ineditam
1226 5371 1409 5425 damus
1431 5369 1593 5441 (nunc
1615 5372 1734 5441 HO)

188 5456 257 5498 ex
285 5442 494 5497 duobus
682 5453 845 5505 ωδε..
872 5452 979 5498 uno
1004 5442 1293 5509 Salisburg.
1312 5478 1327 5502 ,
1354 5439 1521 5492 altero
1548 5439 1735 5493 Sanct-

188 5510 637 5579 Emmeramiaqo.
669 5509 797 5576 Qum
820 5512 971 5567 tineis
993 5510 1193 5565 inclusa
1218 5508 1344 5563 sunt
1377 5509 1430 5561 in
1476 5508 1591 5562 solo
1613 5510 1730 5562 cod.

191 5576 384 5643 Salisb.
406 5576 695 5643 habdtnr.
789 5617 792 5621 η
1392 5629 1401 5635 .

219 5683 228 5690 .
261 5640 291 5687 ι
314 5632 481 5700 ινδιξ.
507 5632 572 5699 de
591 5632 750 5700 Italia
767 5647 1142 5700 revertentibus.
1165 5632 1422 5699 Nimirum
1444 5658 1585 5697 anno
1606 5646 1726 5697 εστ.

192 5709 343 5778 Quod
374 5731 499 5777 vero
525 5713 782 5769 Alcuinus
808 5715 893 5767 hic
931 5728 1033 5767 non
1063 5715 1128 5769 de
1150 5714 1312 5781 priori
1338 5714 1511 5781 aliqua
1554 5728 1731 5765 rever-

1844 4622 1946 4667 tua:
1963 4613 2277 4667 veneranda:
2297 4615 2536 4668 veritatis
2561 4614 2878 4684 legationem
2899 4615 3278 4682 spectantibus.

1910 4702 2125 4756 Munera
2151 4719 2279 4758 vero
2325 4703 2621 4759 dilectionis
2665 4712 2854 4757 vestrm
2903 4704 3218 4758 suavissima
3265 4720 3387 4758 cum

1839 4796 1983 4847 omni
2036 4796 2231 4849 mentis
2284 4794 2558 4850 alacritate
2606 4795 2970 4863 suscepimus,
3017 4795 3141 4847 licet
3192 4793 3386 4845 nullius

1841 4899 1979 4937 nunc
2011 4899 2161 4939 mens
2182 4900 2298 4938 mea
2325 4886 2592 4939 desideret
2614 4882 2922 4936 munuscula
2960 4890 3179 4949 propter
3222 4882 3381 4932 animi

1841 4974 1940 5026 ιιιοί
1966 4974 2234 5043 requiem;
2272 4982 2360 5027 tua
2390 4982 2563 5025 tamen
2597 4968 2726 5025 mihi
2771 4978 2896 5023 sunt
2940 4982 3148 5037 semper
3187 4968 3384 5027 dulcia.

1840 5065 2066 5118 maxime
2087 5064 2139 5116 in
2169 5064 2516 5124 vestimentis,
2540 5066 2659 5130 qua:
2701 5074 2819 5115 meo
2845 5060 3055 5128 corpori
3102 5058 3236 5112 satis
3283 5072 3381 5124 op-

1835 5161 2062 5218 portuna
2114 5165 2324 5220 semper
2367 5151 2600 5204 fuerunt.
2647 5150 2947 5204 Direximus
3004 5146 3385 5200 benedictionis

1834 5239 2003 5308 gratia
2043 5241 2290 5294 charitati
2315 5247 2503 5292 vestrae
2531 5238 2635 5291 duo
2660 5237 2831 5313 capita
2848 5275 2861 5297 ,
2882 5242 3101 5303 propter
3119 5227 3225 5287 duo
3246 5248 3380 5301 pne-

1836 5373 1987 5426 slone
2013 5368 2324 5439 Amoniscx
2350 5365 2500 5439 italia
2523 5363 2739 5439 intelligi
2764 5362 2948 5428 possit.
2980 5360 3218 5439 ratioest

1839 5443 1949 5493 hmo
1985 5436 2205 5506 epistola
2234 5435 2433 5506 directa
2460 5434 2544 5506 sit
2557 5433 2627 5486 ad
2664 5427 2932 5506 Κτήσιππε
2984 5427 3246 5506 legatione

1838 5491 1972 5561 ὗιίθῲ
2000 5491 2066 5559 εἶά
2081 5500 2355 5585 faciendas
2375 5501 2640 5569 justitias,
2661 5506 2821 5565 atque
2869 5499 3000 5550 adeo
3043 5491 3219 5556 inlssi,
3242 5491 3378 5611 regi

1838 5583 2052 5611 mulum
2080 5587 2185 5611 mm
2208 5576 2539 5611 nominatum.
2567 5568 2705 5611 nnml
2740 5568 2949 5611 dmum
2978 5577 3115 5611 anno
3157 5561 3259 5611 802
3356 5590 3378 5598 -

1837 5583 2053 5629 munere
2074 5574 2185 5641 jam
2208 5561 2540 5641 commntum,
2567 5561 2719 5641 quod
2736 5561 2955 5641 domum
2976 5577 3115 5641 ἔδεκτο
3157 5561 3380 5641 goat-'23-

1836 5628 1976 5697 ctum
1999 5628 2138 5702 esse,
2152 5628 2389 5693 dicemus
2409 5628 2539 5690 infra
2553 5628 2619 5689 ad
2637 5635 2911 5704 epistolam
2937 5632 3034 5683 H2
3060 5632 3221 5704 (nunc
3239 5628 3374 5704 liii).

1908 5725 1927 5750 ε
1973 5711 2045 5763 De
2070 5697 2335 5761 catholica
2361 5705 2483 5772 ﬁdei
2509 5697 2724 5758 ratione.
2741 5703 2872 5756 Vide
2898 5710 3053 5753 notas
3072 5697 3231 5769 epist.
3255 5697 3374 5749 lS‘t.
