4400 6466
200 502 312 562 393

326 612 430 662 Hoc
449 621 586 670 opus,
611 611 702 660 hoc
720 611 900 658 etenim
919 607 1072 657 Man
1095 614 1145 656 te
1167 604 1402 656 subtrahit
1423 608 1521 664 ικοι

323 672 426 722 Hoc
441 683 580 733 opus,
606 672 694 717 hoc
717 670 894 718 etenim
917 670 1101 717 eadesti
1125 677 1174 717 te
1197 671 1367 716 luserit
1387 675 1522 715 aut-.e.

269 773 386 830 Hoc
416 781 591 841 poeta.
635 769 740 824 Sed
781 767 1066 837 apostolica
1110 769 1401 822 auctoritas
1429 767 1530 820 hoc
1557 766 1752 834 ubique

199 865 489 920 admonere
517 860 802 928 probatur;
841 857 942 912 hoc
970 864 1025 910 et
1055 857 1165 925 ipsa
1189 855 1398 909 Veritas
1420 855 1657 924 prmeipii
1676 855 1754 908 di-

199 964 368 1005 oens:
400 946 498 1010 Ite,
537 946 710 1000 docete
743 960 917 998 omnes
955 953 1125 1013 gentes
1164 940 1378 1012 (Hattli.
1421 957 1619 1008 xxvm,_
1647 941 1750 1006 l9).

198 1033 336 1092 Item
373 1035 653 1090 Psalmista
693 1033 894 1085 beatum
937 1045 1055 1086 esse
1083 1029 1263 1093 refert,
1301 1030 1388 1098 qui
1431 1028 1758 1081 meditabitur

198 1128 258 1179 in
281 1125 391 1194 lege
418 1124 627 1179 Domini
650 1123 735 1176 die
758 1138 820 1174 ac
853 1131 998 1175 nocte
1020 1119 1190 1191 (ἔνιαι.
1221 1135 1261 1182 I,
1283 1119 1360 1188 2).

273 1232 510 1286 Plurima
555 1228 690 1282 forte
748 1235 940 1282 vestras
987 1226 1194 1280 videtur
1249 1224 1543 1295 prudentiae
1587 1238 1757 1277 meam

203 1321 411 1391 garrire
461 1318 824 1385 imperitiam;
873 1315 966 1369 sed
1024 1313 1224 1383 majora
1274 1323 1400 1382 opto
1442 1313 1592 1366 vobis
1628 1313 1759 1366 divi-

203 1421 306 1461 nat
332 1406 547 1476 pietatis
588 1402 812 1473 gratiam
848 1401 1100 1468 spiritalis
1145 1401 1488 1454 beatitudinis
1521 1399 1761 1454 conferre

205 1509 452 1552 munera.
473 1492 635 1562 Igitur
659 1507 721 1546 ea
755 1491 946 1544 ﬂducia
988 1491 1084 1543 lias
1106 1490 1298 1544 dictavi
1328 1489 1606 1551 litterulas,
1637 1491 1759 1557 quia

203 1575 445 1637 sciebam
491 1591 722 1634 vestram
768 1580 1104 1633 sanctitatem
1144 1579 1243 1648 pia:
1293 1579 1568 1632 charitutis
1612 1579 1763 1630 donis

207 1671 430 1726 divitem
457 1685 594 1729 esse.
626 1678 682 1724 et
708 1669 933 1722 libenter
968 1669 1228 1722 sustinere
1258 1669 1538 1721 verborum
1569 1668 1762 1735 ponde-

207 1775 293 1824 ra,
327 1776 448 1830 qua:
471 1775 538 1814 ex
563 1761 673 1814 veri
713 1760 910 1814 amoris
943 1759 1087 1813 fonte
1128 1757 1290 1812 ﬂuere
1322 1767 1629 1813 noscuntur.
1659 1758 1765 1812 Sed

207 1850 316 1904 hoc
347 1849 576 1902 maxime
611 1847 830 1916 supplici
863 1847 1118 1915 deprecor
1140 1855 1373 1914 pectore,
1395 1854 1453 1899 ut
1482 1861 1566 1900 me
1597 1846 1765 1900 famu-

1605 491 1971 548 EPISTOI..E.

1763 613 1807 672 Α
1834 617 2017 671 perum
2032 601 2213 656 dividit
2227 603 2376 656 solati
2397 626 2431 661 ι,
2448 604 2618 657 sciens
2636 619 2921 672 pauperum
2938 619 3123 656 manus
3140 609 3361 674 gazOpli}
3378 635 3394 645 -

1847 691 2037 745 lacium
2056 689 2401 751 esseChristi,
2416 691 2502 758 qui
2520 706 2576 744 se
2587 692 2868 743 testabitur
2883 692 2932 742 in
2947 692 3030 742 die
3044 706 3230 756 magno
3247 707 3398 743 acru-

3287 491 3391 546 394

1849 780 2017 846 pisse,
2043 777 2297 848 quidquid
2323 779 2555 832 minimis
2580 781 2690 832 suis
2718 781 2770 832 in
2802 781 2899 832 hac
2925 780 3230 846 erogabitur
3259 780 3395 831 lure.

2276 889 2302 926 δ
2338 887 2663 942 EPISTOLA
2702 889 2969 942 CXLVIII.

2463 993 2526 1030 AD
2566 991 2797 1030 El'ﬂbﬁbl.

1855 1063 2093 1132 Epistolis
2119 1063 2332 1133 penitus
2353 1063 2650 1133 allegorica,
2678 1066 2731 1116 in
2758 1082 2856 1133 qua
2886 1078 3213 1133 comparatur
3243 1067 3403 1119 Thro-

2301 1132 2478 1199 dulfus
2509 1131 2654 1184 Patri
2683 1131 2962 1189 vinearum.

1925 1220 2163 1275 Pontiﬂci
2192 1235 2382 1288 magno
2406 1229 2459 1272 et
2481 1218 2622 1272 Patri
2653 1221 2925 1274 vinearum
2945 1222 3234 1277 Tbeodulfo
3263 1215 3404 1277 Albi-

1858 1327 1956 1364 nus
1980 1310 2225 1364 salutem.

1926 1399 2172 1467 Legimus
2211 1401 2264 1452 in
2299 1399 2721 1468 Paralipominon
2757 1399 2901 1453 cellis
2932 1415 3158 1470 praeesse
3194 1403 3408 1455 vinariis

1859 1487 2107 1540 Zabdiam
2129 1495 2363 1555 tempore
2381 1487 2564 1548 David,
2585 1488 2692 1541 Deo
2710 1488 3034 1542 dilectissimi
3057 1491 3195 1558 regis
3208 1490 3260 1554 (1
3281 1491 3404 1544 Par.

1861 1587 2024 1633 sxvu,
2056 1572 2176 1638 27);
2213 1574 2386 1633 modo,
2419 1575 2701 1626 miserante
2733 1575 2860 1636 Deo,
2886 1575 3086 1629 meliori
3114 1579 3305 1646 populo
3330 1594 3409 1632 se~

1861 1663 2061 1715 eundus
2092 1671 2282 1730 prmest
2311 1663 2488 1722 David,
2516 1672 2569 1716 et
2598 1665 2695 1716 sub
2717 1679 2780 1717 eo
2810 1665 3032 1719 nobilior
3058 1664 3282 1720 Zabdias
3307 1668 3412 1720 eel-

1861 1751 1926 1803 lis
1953 1759 2146 1817 przeest
2173 1753 2446 1804 vinearum
2465 1791 2479 1813 ,
2508 1767 2664 1818 quem
2690 1753 2932 1806 ordinata
2965 1755 3220 1809 charitate
3244 1756 3408 1809 intro-

1862 1839 2012 1890 duxit
2049 1853 2140 1893 rex
2175 1840 2228 1892 in
2267 1840 2451 1893 cellam
2486 1840 2774 1905 vinariam,
2810 1850 2869 1894 ut
2901 1841 3161 1895 scolastici
3196 1842 3412 1897 ﬂoribus

207 1937 320 1992 lum
341 1946 530 1991 vestra:
552 1936 848 1990 sanctitatis
869 1935 919 1988 in
942 1935 1137 1990 sanctis
1153 1935 1482 1988 orationibus
1500 1949 1761 1988 cnmmen-
1797 1927 1838 1985 Β
1865 1925 2110 1980 fulcirenl
2140 1941 2278 1989 eum.
2310 1937 2364 1981 ct
2390 1929 2642 1997 stiparcnt
2668 1931 2821 1984 malis
2844 1946 3025 1984 amore
3055 1932 3412 2001 languentium

206 2027 396 2082 datum
438 2027 656 2088 habeas,
699 2037 763 2078 eo
791 2024 958 2092 magis
991 2038 1096 2092 quo
1118 2024 1502 2091 appropinquat
1540 2023 1654 2075 dies
1679 2036 1759 2075 re-

209 2116 540 2171 tributionis.
567 2114 698 2167 Nam
729 2129 813 2168 me
853 2114 1014 2168 tacito
1039 2113 1173 2181 pede
1216 2128 1377 2166 curva
1418 2120 1662 2166 senectus
1690 2111 1761 2164 fe-

210 2208 417 2263 stinare
437 2207 578 2278 cogit
606 2207 672 2260 ad
692 2206 1027 2274 praesentiam
1051 2205 1243 2274 judicis
1267 2205 1400 2266 mei;
1431 2205 1524 2258 sed
1547 2214 1601 2258 et
1624 2206 1761 2256 viam

211 2296 424 2352 itineris
466 2296 590 2359 mei,
634 2296 784 2365 quasi
831 2295 970 2348 latro
1018 2295 1248 2358 rabidus.
1305 2294 1552 2347 continua
1602 2294 1764 2346 febris

209 2386 444 2447 obsidet,
480 2385 711 2453 spolians
751 2399 835 2438 me
867 2390 1059 2451 optata:
1103 2381 1287 2436 salutis
1313 2381 1664 2442 vestimentis,
1706 2389 1766 2433 ut

211 2473 308 2525 vix
334 2471 545 2539 aliquod
581 2471 853 2525 servitium
899 2471 950 2523 in
981 2471 1135 2523 domo
1164 2469 1256 2522 Dei
1291 2467 1505 2536 explere
1539 2467 1761 2520 valeam.

215 2561 372 2616 Unde
412 2575 500 2614 me
541 2558 708 2626 major
747 2559 999 2627 compulit
1038 2559 1324 2612 necessitas
1352 2557 1418 2609 ad
1452 2556 1765 2610 famulorum

211 2646 418 2703 Christi
459 2661 674 2702 currere
704 2646 1030 2714 suﬂ'ragium,
1076 2653 1134 2698 ut
1175 2659 1260 2699 me
1294 2644 1493 2697 sanctis
1525 2651 1768 2712 satagant

213 2735 474 2803 adjuvare
509 2735 998 2796 intercessionibus,
1035 2749 1101 2788 ne
1144 2733 1318 2786 anima
1367 2749 1483 2786 mea
1533 2735 1768 2786 tradatur

213 2817 452 2879 inimicis
479 2824 685 2878 Domini
729 2824 828 2878 mei
857 2821 980 2877 Jesu
1017 2822 1236 2876 Christi.
1260 2823 1338 2876 Tu
1378 2838 1521 2884 vero,
1557 2824 1638 2876 vir
1663 2824 1770 2876 cla-

215 2912 456 2976 tissime,
483 2912 569 2966 cui
594 2920 678 2965 est
708 2919 838 2965 aetas
865 2909 1046 2963 ﬂorida
1069 2919 1123 2964 et
1151 2909 1337 2963 vividze
1365 2909 1534 2962 virtus
1561 2911 1768 2978 sapien-

215 3002 330 3066 tizn,
357 3009 411 3055 et
435 3000 603 3055 sancti
631 3000 849 3055 honoris
886 2999 1201 3072 sublimitas,
1242 3013 1407 3051 saera:
1446 2997 1769 3064 praidicatio-

216 3090 308 3144 nis
349 3088 611 3142 ﬂoribusl
634 3089 747 3141 vias
774 3087 981 3141 itineris
1011 3087 1085 3139 tui
1139 3087 1356 3162 replere
1390 3094 1674 3147 memento,
1717 3085 1768 3137 in

217 3177 370 3231 omni
406 3175 520 3230 loco
551 3175 774 3244 vestigia
818 3174 890 3227 tui
917 3174 1173 3228 adventus
1197 3173 1518 3238 relinquens,
1544 3181 1770 3241 tuusque

1859 2015 2017 2076 illius,
2047 2016 2138 2084 qui
2163 2016 2391 2070 lzetilicat
2414 2032 2507 2070 cor
2530 2017 2776 2070 hominis.
2799 2017 2915 2070 iam
2943 2020 2987 2072 si
3012 2021 3146 2073 desit
3173 2020 3260 2086 qui
3285 2035 3412 2074 con-

1860 2102 2051 2166 ﬁrmet,
2082 2103 2219 2156 forte
2247 2119 2349 2157 non
2378 2106 2524 2158 deest
2552 2107 2641 2173 qui
2669 2105 2899 2160 laetificet
2926 2107 2978 2158 in
3005 2107 3151 2161 cellis
3175 2110 3413 2162 Aurelia-

1860 2192 1960 2249 nis,
1996 2191 2120 2244 dum
2155 2205 2277 2259 spes
2309 2200 2390 2246 est
2426 2193 2476 2245 in
2513 2193 2664 2246 vinea
2697 2193 2937 2258 ﬂorente,
2965 2211 3070 2248 non
3101 2197 3154 2250 in
3193 2197 3415 2251 ficulnea

1860 2287 2153 2333 arescente.
2200 2279 2532 2349 Quapropter
2573 2283 2803 2336 Joathan
2844 2286 3174 2339 consiliarius
3219 2287 3414 2350 Dat-id,

1860 2368 2009 2419 homo
2033 2368 2286 2420 litteratus
2309 2369 2495 2438 (Ibid.,
2516 2371 2627 2439 39.),
2651 2373 2815 2425 mittit
2838 2373 2903 2426 ad
2925 2373 3176 2428 Zabdiam
3200 2377 3410 2430 dicens:

1861 2452 2011 2506 Mane
2039 2469 2334 2523 surgamus,
2366 2457 2665 2519 videamus,
2700 2472 2856 2525 quam
2885 2461 3016 2514 bene
3049 2462 3202 2516 vinea
3233 2462 3417 2516 ﬂoreat

1862 2537 2086 2603 Sorech,
2128 2545 2465 2597 cantantibus
2492 2545 2728 2599 celeuma
2765 2550 2922 2615 super
2957 2564 3076 2603 eam
3109 2550 3414 2606 deriventur

1863 2625 2036 2683 fontes
2063 2629 2262 2698 cellarii
2292 2631 2454 2686 foras.
2491 2633 2558 2686 At
2586 2649 2724 2688 nunc
2755 2638 2953 2705 apertis
2978 2648 3212 2708 apote'ca:
3238 2643 3416 2696 chari-

1864 2722 1988 2774 tatis
2007 2721 2240 2776 clavibus
2267 2739 2297 2776 a
2323 2734 2666 2791 procuratore
2687 2727 2851 2781 vinea:
2872 2728 3170 2784 celebretur
3189 2732 3420 2787 versicu-

1866 2807 1948 2861 lus
1975 2809 2074 2864 iste
2098 2825 2193 2878 per
2220 2820 2392 2865 turres
2420 2813 2730 2868 Aurelianas
2755 2833 2766 2866 :
2793 2814 3073 2882 Comedite,
3109 2820 3264 2873 amici
3281 2824 3418 2882 mei,

1865 2897 2016 2950 bibite
2051 2909 2097 2951 et
2138 2900 2463 2953 inebriamini
2493 2902 2668 2973 (Cant.
2702 2919 2754 2968 v,
2787 2905 2838 2968 l,
2863 2905 2940 2974 2).
2987 2905 3098 2971 Ego
3138 2909 3338 2962 dormio
3367 2913 3419 2964 in

1864 2986 2156 3050 dulcedine,
2179 2997 2232 3042 et
2259 3006 2347 3042 cor
2372 3006 2539 3042 meum
2562 2991 2736 3061 vigilat
2759 2994 2810 3046 in
2835 2996 3086 3060 caritate;
3127 2999 3306 3063 venite,
3329 3015 3420 3051 ac-

1865 3076 2013 3144 cipite
2026 3075 2210 3144 absque
2227 3076 2333 3128 uila
2349 3081 2740 3134 commutatione
2751 3083 2922 3134 uiuum
2937 3092 2983 3135 et
2999 3082 3080 3135 lac
3094 3082 3226 3154 (lsa.
3244 3102 3329 3150 ιν,
3348 3088 3366 3139 1
3382 3095 3419 3154 ).

1866 3162 2056 3216 Cnttur
2073 3180 2242 3218 meum
2257 3166 2386 3218 sicut
2410 3168 2578 3218 vinum
2599 3169 2862 3235 optimum,
2881 3168 3002 3238 dign
3024 3187 3092 3223 tm
3107 3171 3290 3226 dilecto
3311 3189 3421 3226 meo

220 3271 424 3324 ιοωω,
467 3238 975 3329 ουρριῑίιῖάερτεοοι-
999 3266 1140 3322 voto,
1169 3259 1324 3311 vadat
1353 3258 1572 3312 Albinus
1599 3259 1651 3311 in
1675 3238 1768 3312 ore
1793 3238 1838 3297 C
1869 3250 1936 3302 ad
1955 3253 2254 3319 potandum,
2276 3251 2521 3321 labiisque
2542 3254 2679 3308 illius
2707 3257 3068 3310 ruminandum
3112 3257 3286 3328 (Cant.
3324 3275 3420 3324 vti,

218 3357 280 3403 et
308 3349 361 3402 in
402 3348 561 3403 corde
599 3362 914 3418 quocunque
957 3362 1084 3410 cas,
1127 3347 1218 3416 qui
1257 3355 1308 3401 te
1353 3347 1491 3414 apud
1529 3355 1770 3401 sanetum

220 3437 511 3492 Hartinum
543 3437 623 3490 sui
645 3437 876 3505 pectoris
897 3444 1077 3505 portat
1110 3435 1162 3488 in
1195 3449 1342 3495 arca,
1367 3444 1421 3488 et
1444 3436 1771 3490 orationibus

222 3527 328 3581 iter
362 3535 511 3580 tuum
547 3526 902 3595 prosequitur,
933 3533 1121 3592 optans
1157 3525 1400 3593 angelum
1437 3524 1527 3577 Dei
1576 3525 1771 3579 bonum

223 3621 404 3667 tecum
435 3613 529 3673 ire,
569 3622 627 3665 ut
667 3625 786 3664 cum
822 3613 1171 3679 prosperitate
1209 3626 1318 3675 eas,
1353 3620 1406 3666 et
1440 3627 1558 3665 eum
1583 3613 1774 3681 gaudio

227 3699 460 3755 feliciter
488 3699 775 3753 revertaris
800 3698 867 3752 ad
897 3714 1012 3752 nos.
1599 3758 1602 3762 _

302 3788 466 3843 Utere
478 3793 621 3840 sorte
634 3794 722 3839 tua
735 3785 975 3849 feliciter,
991 3793 1048 3838 ut
1061 3784 1254 3839 fruaris
1272 3787 1514 3840 mercede
1531 3797 1616 3841 tua
1629 3798 1774 3841 mter-

227 3873 442 3929 ualiter.
471 3873 569 3927 Via
593 3881 675 3927 est
693 3873 806 3926 h:ec
838 3871 1176 3935 vita;beatus
1197 3873 1285 3940 qui
1313 3880 1583 3941 pratorum
1607 3876 1776 3928 varie-

225 3973 340 4017 tate
356 3977 462 4015 non
486 3962 749 4014 tenebitur
769 3962 820 4014 in
844 3963 942 4022 via,
968 3976 1072 4029 quo
1095 3961 1267 4015 minus
1289 3962 1500 4016 festinet
1516 3963 1577 4016 ad
1593 3965 1777 4032 patriae

229 4049 700 4114 pulchritudinem.
714 4047 855 4103 Felix
865 4087 879 4114 ,
893 4050 980 4116 qui
993 4050 1254 4102 sarcinam
1268 4051 1568 4104 divitiarum
1580 4052 1633 4104 in
1647 4068 1778 4125 pau-

305 4232 332 4290 ε
369 4212 504 4290 AVias
527 4216 722 4290 itineris
745 4221 843 4290 tui.
873 4217 1022 4274 Hunc
1061 4221 1222 4288 igitur
1248 4221 1419 4275 locum
1461 4222 1779 4290 interpretor

233 4290 300 4342 de
322 4288 513 4342 itinere
533 4303 561 4341 a
585 4287 874 4342 'l‘beodulfo
895 4287 1137 4356 suscepto
1158 4299 1276 4355 post
1301 4287 1615 4344 conventum
1643 4309 1780 4346 anno

233 4357 340 4411 803
381 4368 565 4411 mense
606 4356 840 4417 Octobri,
885 4366 944 4410 ut
986 4366 1164 4411 narrat
1212 4359 1498 4412 chronicon
1547 4359 1780 4414 Moi~sia-

231 4439 425 4484 cense,
457 4422 772 4497 Aquisgraui
799 4426 1136 4497 celebratum,
1169 4427 1218 4497 in
1249 4443 1353 4496 quo
1377 4427 1594 4497 Carolus
1623 4430 1783 4497 impe-

233 4500 381 4562 rator
407 4491 617 4562 relegit
647 4506 714 4544 ex
733 4494 1088 4562 optimatibus
1124 4495 1234 4547 suis
1268 4491 1709 4562 prudentissimos
1731 4505 1784 4549 et

1871 3337 1947 3408 9).
1971 3338 2080 3408 Ego
2101 3338 2284 3391 dilecto
2305 3355 2418 3393 meo
2442 3350 2488 3392 et
2509 3339 2722 3396 dilectus
2745 3361 2885 3397 meus
2903 3347 3029 3397 mihi
3052 3345 3224 3414 (Cant.
3249 3360 3320 3413 vi,
3344 3349 3420 3417 2).

1871 3429 1985 3485 Non
2018 3437 2101 3483 est
2127 3429 2404 3484 dicendum
2434 3448 2446 3482 :
2481 3429 2778 3498 Exspoliavi
2805 3446 2884 3484 me
2919 3435 3092 3487 tunica
3116 3443 3259 3498 utea,
3293 3449 3424 3504 quo-

1873 3518 2025 3571 modo
2063 3519 2254 3571 induar
2293 3517 2423 3569 illa?
2465 3516 2588 3568 Lari
2635 3518 2785 3586 pedes
2837 3534 2993 3583 meos,
3041 3523 3297 3590 quomodo
3343 3525 3422 3577 in.

1871 3606 2093 3674 quinabo
2117 3606 2234 3660 illos
2267 3605 2316 3676 (1
2350 3606 2472 3676 Reg.
2511 3624 2582 3670 is,
2616 3608 2702 3677 7)?
2740 3608 2860 3662 Non
2895 3625 3100 3679 possum
3135 3626 3422 3682 surgerexct

1874 3694 1999 3746 dare
2022 3695 2110 3746 tibi
2139 3695 2287 3764 (Luc.
2319 3711 2393 3756 xi,
2424 3697 2495 3764 7).
2524 3696 2579 3749 Si
2604 3696 2740 3752 forte
2764 3707 2871 3752 tres
2896 3712 3058 3766 panes
3083 3717 3187 3755 non
3209 3711 3334 3756 sunt
3355 3706 3421 3757 ai

1876 3796 2086 3835 manum
2106 3822 2121 3847 ,
2148 3787 2236 3851 qui
2265 3784 2568 3838 defecerunt
2594 3786 2646 3837 in
2676 3785 2942 3840 sitarcbils
2972 3787 3417 3855 Gabaonitarum;

1876 3869 2084 3924 Christo
2121 3872 2456 3926 benedicente
2493 3882 2692 3940 septem
2727 3875 2927 3942 hydria:
2957 3875 3123 3944 plena:
3157 3886 3281 3931 sunt
3315 3881 3421 3932 vini

1876 3963 2056 4030 optimi
2074 3963 2250 4033 (Joan.
2268 3965 2349 4032 ιι),
2367 3966 2504 4033 quod
2529 3966 2839 4019 servabatur
2851 3981 3014 4035 usque
3027 3967 3198 4022 adhuc
3211 3986 3226 4032 ;
3241 3984 3303 4023 ex
3317 3985 3424 4038 quo

1878 4053 2522 4109 arcliitriclino'l‘urmiicte
2533 4054 2779 4118 civitatis,
2797 4057 3078 4110 mandante
3089 4056 3195 4112 filio
3207 4059 3426 4128 virginis

1880 4221 1947 4285 99
1989 4221 2270 4291 describit,
2316 4228 2598 4291 narratque
2641 4220 2867 4288 qualiter
2913 4223 3054 4291 ipse,
3101 4226 3262 4280 variis
3289 4227 3428 4284 .Iicet

1881 4290 2293 4366 querellantium
2315 4289 2464 4366 donis
2503 4297 2751 4350 tentatus.
2784 4289 2978 4366 munus
3006 4290 3201 4359 judicis
3229 4297 3428 4366 absque

1882 4357 2217 4428 corruptione
2244 4357 2436 4428 ubique
2461 4357 2968 4428 exsecutusiuerit,
3010 4357 3226 4428 prorsus
3273 4357 3428 4420 nimi—

1884 4439 2001 4479 rum
2039 4427 2104 4479 ad
2137 4437 2364 4478 mentem
2393 4426 2723 4492 imperatoris
2753 4427 2802 4479 in
2840 4426 2928 4482 illo
2963 4426 3428 4488 conventu-deela-

1886 4504 2076 4546 ratam.

234 4543 670 4631 sapientissimos,
696 4543 1018 4631 vitiositain
1035 4543 1701 4631 “iratii'épi'siaﬁi’s';"§i'i'.}i'
1817 4543 1862 4600 θ
1888 4543 1940 4631 ζ
1954 4543 2078 4631 sei};
2100 4553 2887 4631 celeberrimumAblabillonium
2925 4563 3043 4618 libr.
3083 4581 3204 4622 xxvi
3239 4569 3428 4624 Annal.

235 4628 468 4695 reliquos
492 4628 828 4698 episcopos...
854 4635 909 4680 et
923 4629 1126 4698 direxit
1154 4629 1204 4680 in
1231 4628 1533 4698 universum
1550 4628 1785 4698 regnum

237 4693 430 4764 suum:
467 4693 848 4764 s_’Capi’tulare
890 4693 1124 4762 ejusdem
1173 4697 1295 4749 anni
1337 4698 1472 4764 apud
1521 4693 1788 4751 Baliizium

237 4775 370 4835 tum.
411 4762 431 4835 1
471 4762 696 4835 Capitul.
741 4779 859 4835 pag.
903 4764 1024 4818 515.
1057 4764 1202 4835 iluic
1242 4762 1527 4835 concordat
1571 4768 1786 4820 citatum

239 4831 983 4902 cbfotiioo‘n’lioissiaceuse,
1019 4833 1106 4902 ubi
1159 4835 1428 4902 sequentia
1480 4834 1724 4901 leguntur
1772 4854 1783 4886 :

247 4918 268 4969 ι
299 4898 624 4969 Rewrdatus
650 4899 915 4969 piissimus
947 4897 1165 4969 Carolus
1195 4897 1479 4969 imperator
1507 4897 1556 4956 in
1587 4905 1670 4956 die
1696 4919 1788 4956 sua

241 4968 306 5036 de
336 4965 675 5036 pauperibus,
696 4966 784 5036 qui
813 4966 864 5036 in
889 4968 1136 5021 universo
1162 4965 1381 5036 imperio
1403 4969 1515 5036 ejus
1542 4980 1714 5033 erant,
1738 4981 1791 5024 et

237 5030 472 5102 justitias
493 5030 932 5102 pleniter‘habere
958 5049 1059 5086 non
1081 5030 1346 5101 poterant,
1370 5030 1537 5090 noluit
1563 5039 1625 5091 de
1652 5030 1787 5091 intra

281 5102 439 5171 alatio
467 5117 564 5171 suo
586 5102 938 5171 pauperiores
969 5117 1152 5171 vassos
1190 5118 1312 5156 suos
1338 5106 1696 5158 transmittere
1725 5106 1789 5159 ad

281 5117 439 5155 atauo
467 5117 564 5155 suo
603 5117 938 5171 pauperiores
969 5117 1152 5156 vassos
1190 5118 1312 5156 suos
1338 5117 1696 5158 transmittere
1725 5117 1788 5159 au

238 5117 473 5236 restituis
499 5168 805 5242 faciendas;'
831 5169 923 5242 sed
956 5169 1110 5238 elegit
1139 5172 1204 5242 in_
1222 5187 1379 5242 regno
1404 5186 1499 5226 suo
1528 5175 1788 5242 archiepi-

244 5251 433 5304 scopos
457 5237 766 5306 etut-eliquos
789 5237 1062 5306 episcopos
1085 5246 1137 5291 et
1161 5237 1394 5302 abliates,
1422 5255 1540 5293 cum
1571 5237 1791 5293 ducibus

242 5313 298 5358 et
335 5303 757 5372 comitibus,'qui
793 5303 902 5373 jam
944 5303 1075 5374 opus
1113 5321 1216 5358 non
1243 5308 1505 5361 habebant
1527 5324 1685 5375 super
1715 5310 1791 5362 in-

244 5381 497 5426 noaeutes
523 5386 736 5454 munera
765 5375 1024 5454 accipere,
1051 5382 1107 5454 et
1130 5375 1267 5454 ipsos
1294 5377 1434 5454 misit
1464 5391 1559 5454 per
1582 5378 1790 5428 univer-

246 5453 372 5512 sum
389 5453 632 5510 regnum
657 5447 716 5492 ut
736 5441 1002 5512 ecclesiis,
1023 5441 1196 5512 viduis
1226 5441 1554 5512 et‘orplia'nis
1582 5452 1633 5496 et
1664 5458 1790 5512 pau—

242 5507 471 5578 pet-ibus
486 5519 552 5578 et
564 5515 754 5578 cuncto
778 5510 968 5578 populo
985 5510 1245 5576 justitiam
1273 5507 1524 5564 facerent.
1560 5531 1578 5560 ι

316 5574 501 5647 ﬁnitus
524 5576 708 5647 dubito
741 5574 867 5647 quin
886 5574 1077 5647 inhoc
1095 5587 1357 5647 conventu
1389 5579 1597 5647 publico
1620 5578 1791 5632 Theo-

244 5643 390 5715 dulfo
413 5643 728 5715 ὰξιυζῃάξω
764 5644 924 5715 fuerit
948 5646 1141 5714 legatio
1176 5646 1264 5702 illa
1287 5654 1356 5715 ret
1391 5643 1707 5715 praefectura
1736 5649 1788 5702 in

246 5713 517 5782 provincia
556 5708 1102 5782 Nariumen§l,_qu'am
1143 5715 1254 5782 ipse
1284 5708 1457 5767 librii
1498 5715 1791 5768 caminum

248 5775 340 5831 ito
366 5781 418 5834 in
452 5778 715 5834 Para'neai
744 5779 808 5833 ad
828 5775 1040 5834 Judiées
1068 5775 1202 5850 apud
1228 5779 1562 5835 Sirmondum
1594 5797 1620 5834 a
1652 5796 1787 5835 vers.

644 5864 914 5922 Ριτιιοι..
972 5864 1041 5925 C.

1887 4629 2079 4682 Bened.
2110 4643 2254 4699 num.
2288 4627 2346 4678 71
2371 4637 2433 4699 _ct
2475 4628 2542 4680 72
2587 4628 2722 4699 hanc
2765 4629 3076 4699 legationem
3124 4637 3319 4690 referre
3366 4645 3432 4694 ad

1887 4712 2079 4770 annum
2121 4696 2219 4770 '_7_98
2262 4697 2439 4748 statim
2485 4707 2642 4770 atque
2683 4696 2992 4770 Laidradus,
3031 4701 3306 4770 legationis
3349 4724 3433 4762 so-

1887 4766 2016 4844 cius,
2049 4766 2323 4844 ordinatus
2349 4773 2428 4844 est
2453 4766 2728 4844 episcopus
2756 4766 3137 4844 Lugdunensis.
3174 4772 3277 4826 Sed
3307 4791 3434 4844 pace

1887 4835 1983 4887 viri
2012 4834 2202 4907 summi
2234 4834 2454 4886 dixerim
2480 4831 2534 4886 id
2562 4831 2703 4886 nullo
2723 4831 2884 4907 veteri
2913 4831 3429 4907 testeicomproliaii;

1889 4913 2057 4974 neque
2085 4901 2215 4974 satis
2247 4909 2489 4974 constare
2515 4915 2619 4967 quo
2659 4916 2796 4974 anno
2841 4901 3149 4974 Laidratlus.
3191 4901 3432 4974 quamvis

1888 4968 1976 5020 illo
2005 4981 2144 5020 anno
2175 4968 2412 5021 ibrtassis
2439 4969 2654 5027 electus,
2687 4969 2739 5021 in
2769 4972 2891 5024 sede
2919 4987 3012 5026 sua
3043 4968 3431 5030 fuerit'ordina-

1889 5045 2006 5098 tus;
2052 5050 2205 5103 quem
2258 5039 2413 5088 etiam
2456 5035 2776 5091 Theodulfus
2813 5039 2865 5094 in
2909 5041 3001 5096 cit.
3043 5057 3208 5096 carm.
3249 5061 3299 5096 v.
3336 5048 3432 5100 ιω

1889 5105 2303 5178 futurumvocat
2333 5105 2729 5178 Lugdunensem
2757 5107 3078 5178 episcopum.

1960 5172 2051 5224 llis
2081 5174 2362 5243 igiturnon
2391 5171 2740 5235 obstantibus,
2766 5171 2832 5236 ex
2854 5171 3140 5243 praemissis
3163 5179 3293 5233 mibi
3312 5195 3436 5235 vero

1888 5240 2815 5313 videuir‘sim_illimurn__conventum
2856 5240 3025 5313 illum~
3051 5246 3332 5313 publicum,
3379 5261 3434 5303 et

1889 5307 2278 5380 iter'l'heodulii
2299 5315 2354 5380 et
2378 5305 2525 5380 pallii
2546 5308 2819 5380 honorent,
2839 5312 2978 5380 quod
3005 5305 3244 5368 fortassis
3266 5305 3435 5370 Theo-

1889 5375 2064 5430 dulfus
2104 5386 2200 5444 pro
2229 5375 2410 5441 majori
2426 5375 2627 5444 decore
2667 5375 2980 5444 amplissimi
3019 5383 3097 5434 sui
3131 5386 3379 5437 muneris
3404 5402 3435 5439 a

1891 5447 2014 5519 sede
2053 5442 2339 5512 apostolica
2373 5442 2722 5519 adeptusest,
2754 5442 2840 5519 ἐι-
2861 5447 2926 5519 de
2967 5449 3156 5519 quibus
3185 5459 3432 5519 tanquam

1889 5510 2336 5583 eodemtempore
2370 5510 2524 5566 factis
2547 5511 2798 5583 Aleujnus
2826 5514 2879 5568 in
2911 5510 3009 5570 hac
3035 5516 3251 5583 epistola
3281 5510 3432 5575 incn-

1891 5583 2084 5650 tioneni
2113 5578 2260 5641 facit,
2286 5595 2406 5650 cum
2431 5594 2568 5632 anno
2593 5580 2696 5650 802
2721 5583 3013 5636 combinari
3037 5578 3249 5650 debere,
3285 5597 3338 5643 ct
3364 5590 3434 5644 ad

1890 5648 2131 5717 eumdem
2159 5661 2354 5705 annum
2380 5649 2516 5717 hanc
2545 5648 2815 5717 epistolam
2841 5655 3122 5717 pertinere.

1961 5716 1988 5752 δ
2027 5714 2253 5772 Froben.
2285 5717 2439 5784 epist.
2471 5715 2596 5768 191.

2976 5875 3048 5935 13
