4400 6410
769 394 875 458 395

1644 387 1702 439 Β.
1743 387 1802 439 F.
1843 384 2058 438 ALBlNl
2100 383 2223 436 SEL’
2267 378 2532 435 ALCL'INI
2573 379 2849 435 OPERUM
2885 378 3064 434 PARS
3095 378 3133 434 l.

3870 377 3968 436 396

771 501 1096 556 miscendum
1133 499 1252 567 quis
1283 498 1510 564 ignorat,
1547 504 1599 548 et
1635 495 1737 548 hoc
1771 492 2089 560 servandum
2127 498 2226 550 est,
2262 505 2323 540 ne
2353 495 2392 545 Α
2424 487 2604 555 culpas
2629 488 2681 540 in
2705 496 3045 543 accusatores
3071 503 3213 549 suos,
3248 501 3344 542 cur
3364 501 3456 542 eos
3484 495 3630 542 tanto
3655 498 3971 557 prosequan-

769 593 1005 646 ntittatur
1022 589 1192 644 vinum
1221 603 1405 641 novum
1428 587 1480 638 in
1506 594 1643 638 utres
1672 594 1892 646 veteres;
1914 591 1960 634 et
1983 595 2127 634 nemo
2153 579 2325 632 bibens

769 691 907 734 uetus
939 679 1112 732 statim
1139 674 1244 730 vult
1273 691 1454 729 novum
1473 713 1488 736 ,
1525 674 1648 726 dicit
1679 673 1814 726 enim
1833 711 1847 734 ,
1878 680 2014 724 vetus
2044 667 2226 720 melius
2252 675 2324 719 est

770 767 921 836 (Luc.
949 782 1004 831 v,
1041 765 1131 828 37,
1164 764 1276 833 39).
1313 764 1506 818 Beatus
1534 762 1624 830 qui
1658 761 1894 828 loquitur
1928 758 1982 810 in
2016 770 2200 813 aurem
2229 769 2324 809 au-

767 857 1021 920 dientem.
1050 857 1234 913 Valcto
1256 856 1309 910 in
1332 869 1483 924 pace,
1510 853 1822 908 charissime
1848 848 2042 904 frater!

1219 975 1244 1004 ι
1284 959 1612 1017 EPISTOLA
1645 956 1869 1014 CXLIX.

851 1057 882 1098 δ
915 1071 983 1110 ΑΙ)
1020 1068 1264 1110 ωιοιωι
1301 1061 1818 1105 ιῑιοειιεῑιτιεθιιιυιι
1856 1057 2252 1099 IIPERATOREI.

1255 1138 1430 1210 (Anno
1457 1137 1561 1192 802
1587 1135 1669 1210 vel
1696 1133 1846 1204 805.)

883 1259 1086 1308 recatur
1118 1264 1212 1320 pro
1243 1242 1864 1320 fratribus‘S.“Martini;
1891 1239 2134 1320 illosque,
2170 1248 2217 1292 et
2246 1255 2327 1319 se-

773 1252 1086 1374 DTrecatur
1118 1264 1212 1320 pro
1243 1252 1489 1316 fratribus
1521 1252 1580 1298 δ.
1619 1252 1864 1305 Martini;
1891 1252 2134 1320 suosque,
2170 1252 2217 1292 et
2246 1255 2327 1319 se-

859 1335 1008 1390 pstnst
1041 1335 1074 1370 a
1103 1316 1373 1390 calumnia
1410 1312 1637 1390 defendit
1675 1322 1854 1390 contra
1893 1320 2240 1390 accusatlonas
2271 1324 2334 1375 ιιι

837 1379 997 1442 causa
1034 1385 1174 1454 asyli
1189 1383 1376 1454 clerico
1408 1379 1766 1454 Aurelianeusi
1798 1379 2036 1448 prtestiti,
2071 1386 2119 1430 et
2154 1391 2325 1429 ceram

838 1470 1048 1510 causam
1077 1448 1178 1506 o'rti
1206 1450 1454 1504 tumultus
1479 1448 1680 1519 pandit.

839 1560 1062 1618 Domino
1084 1556 1528 1614 excellentissimo
1551 1563 1710 1623 atque
1733 1555 1879 1608 omni
1905 1553 2106 1608 hunore
2131 1552 2328 1622 dignis-

771 1653 906 1707 simo
937 1648 1128 1707 Carolo
1163 1647 1298 1717 regi,
1334 1645 1640 1715 imperatori
1673 1652 1833 1713 atque
1864 1644 2121 1713 Augusto,
2162 1643 2316 1696 victo-

770 1737 1085 1800 riosissimo,
1113 1735 1364 1798 maximo,
1389 1733 1591 1802 optimo
1618 1741 1777 1800 atque
1814 1731 2156 1786 serenissima
2182 1729 2325 1783 Albi-

770 1846 871 1886 nus
906 1797 1318 1891 matricularius,
1348 1797 1626 1895 praesentis
1652 1797 2020 1894 prosperitatis
2051 1829 2106 1876 et
2135 1820 2324 1876 futurae
2353 1797 2399 1857 Β

771 1916 1114 1974 beatitudinis
1130 1922 1381 1970 teternam
1407 1915 1460 1967 in
1481 1913 1704 1967 Domino
1723 1910 1832 1964 Deo
1849 1909 2063 1964 Christo
2080 1907 2323 1962 salutem.

841 2009 900 2062 ιιι
919 2007 1090 2076 prima
1115 2005 1304 2059 harum
1328 2001 1464 2057 facie
1487 2001 1781 2054 litterarum
1803 1999 1932 2054 mihi
1949 2014 2014 2053 ex
2038 2006 2148 2053 toto
2169 1998 2328 2052 corde

772 2096 1064 2166 gratiarum
1093 2093 1330 2147 actiones
1356 2091 1579 2145 Domino
1603 2088 1712 2143 Deo
1740 2097 1923 2142 nostro
1952 2088 2182 2156 agendas
2209 2099 2328 2139 esse

770 2183 944 2253 video,
980 2197 1085 2256 pro
1124 2181 1378 2250 sospitate
1428 2186 1483 2233 et
1530 2177 1702 2232 salute
1746 2185 1952 2240 vestra,
2003 2191 2109 2230 non
2156 2175 2326 2228 solum

772 2273 902 2328 mihi
925 2312 938 2333 ,
999 2271 1092 2326 sed
1141 2266 1388 2324 omnibus
1437 2266 1755 2323 Christianis
1803 2265 1956 2318 valde
2006 2263 2325 2317 necessaria.

769 2357 972 2416 Deinde
1014 2373 1046 2412 a
1085 2359 1281 2425 pietate
1306 2363 1496 2409 vestra:
1522 2353 1773 2407 bonitatis
1813 2351 2178 2406 misericordia
2205 2366 2326 2405 cor-

767 2460 898 2516 pore
929 2451 1216 2513 prostrato,
1245 2441 1404 2498 corde
1431 2441 1681 2504 contrito,
1707 2455 1837 2494 voce
1875 2439 2204 2508 lacrymabili
2232 2438 2326 2494 de-

769 2533 1034 2606 precanda
1057 2540 1140 2586 est
1161 2545 1260 2600 pro
1284 2529 1537 2599 fratribus
1563 2529 1732 2583 sancti
1761 2527 1992 2589 Martini,
2024 2527 2076 2580 in
2103 2542 2326 2594 quorum

771 2636 857 2677 me
891 2620 1167 2675 servitium
1191 2627 1368 2673 vestra
1399 2617 1612 2672 bonitas
1632 2616 1874 2684 quamvis
1910 2614 2084 2668 minus
2112 2613 2328 2684 dignum

771 2707 1056 2782 delegavit.

841 2793 1009 2852 Deum
1044 2797 1231 2850 invoco
1257 2801 1446 2850 testem
1471 2793 1808 2850 conscientia:
1834 2807 1965 2848 meae
1981 2833 1994 2856 ,
2025 2793 2166 2861 quod
2195 2808 2329 2847 nun-

770 2901 931 2955 quam
959 2899 1051 2939 eos
1078 2884 1210 2939 tales
1233 2884 1500 2948 intellexi,
1526 2883 1711 2952 quales
1733 2883 1889 2937 audio
1917 2881 2034 2937 illos
2057 2897 2087 2935 a
2113 2883 2331 2950 quibus-

772 2978 894 3032 dam
937 2976 1212 3054 denotari,
1253 2975 1346 3043 qui
1384 2974 1678 3043 paratiores
1715 2982 1840 3028 sunt
1882 2987 2135 3033 accusare
2169 2985 2328 3046 quam

773 3065 998 3121 salvare.
1038 3064 1096 3118 In
1127 3072 1385 3132 quantum
1410 3075 1537 3115 vero
1559 3061 1726 3125 videri
1754 3060 1950 3139 poterit
1973 3067 2027 3113 et
2059 3059 2325 3127 cognosci,

772 3155 929 3223 digne
955 3151 1064 3208 Deo
1101 3127 1302 3209 faciunt
1329 3148 1504 3209 oﬂlcia
1540 3149 1594 3202 iu
1628 3127 2130 3220 ecclesias’Christi,
2164 3149 2322 3216 sicut,
2349 3127 2395 3188 ο

771 3239 1050 3296 verissime
1073 3247 1256 3302 testor,
1286 3236 1573 3313 perfectius
1597 3253 1702 3291 non
1728 3238 1833 3292 vidi
1859 3235 1990 3292 alios
2010 3238 2062 3291 in
2091 3239 2327 3307 quolibet

769 3329 890 3386 loco
913 3327 1264 3391 celebrantes,
1303 3341 1401 3381 nec
1419 3327 1758 3396 diligentius,
1791 3328 2169 3381 consuetudine
2193 3342 2327 3395 quo-

769 3400 994 3482 tidiana,
1013 3431 1112 3486 pro
1129 3424 1307 3471 vestra
1333 3415 1713 3478 incolumitate,
1737 3423 1792 3468 et
1810 3413 2098 3467 Christiani
2121 3414 2328 3482 imperii

772 3485 1060 3562 stabilitate
1089 3503 1436 3557 intercedere.
1469 3501 1685 3556 Illorum
1710 3501 1969 3570 siquidem
1995 3504 2328 3557 conversatio

772 3602 828 3650 et
853 3592 960 3647 vita
987 3605 1018 3647 a
1039 3590 1154 3658 viro
1177 3590 1433 3658 perfecto,
1463 3599 1517 3644 et
1532 3590 1710 3660 judice
1734 3590 2062 3659 incorrupto,
2091 3598 2144 3645 et
2165 3592 2329 3646 misso

775 3679 916 3736 ﬁdeli
939 3691 961 3720 ε
985 3679 1224 3743 Vuidone
1243 3679 1412 3743 audiri
1441 3687 1630 3748 potest,
1658 3679 1747 3747 qui
1769 3693 1953 3732 eorum
1979 3679 2156 3732 omnia
2179 3693 2328 3733 scru-

775 3779 898 3824 tans
921 3767 1136 3837 agnovit
1157 3765 1284 3835 quid
1307 3763 1542 3836 egissent
1563 3767 1656 3841 vel
1670 3766 1898 3835 qualiter
1920 3768 2194 3822 vixissent.

847 3852 955 3908 Nec
977 3867 1075 3922 ego
1099 3853 1280 3907 tardus
1309 3851 1383 3906 fui
1403 3868 1496 3906 eos
1520 3853 1802 3907 admonere
1822 3853 1889 3908 de
1917 3856 2191 3909 honestate
2217 3871 2329 3909 mo-

775 3936 1248 4013 nasterialisvitm,
1277 3941 1416 3994 sicut
1442 3940 1517 3994 illi
1543 3941 1640 4009 ipsi
1669 3949 1829 3995 testes
1852 3950 1992 4005 sunt,
2021 3941 2066 3996 si
2091 3943 2209 4011 quis
2238 3958 2327 3999 eo-

775 4042 892 4082 rum
916 4027 1220 4082 testimonio
1239 4026 1559 4086 credendum
1581 4036 1763 4097 putat;
1788 4043 1959 4106 neque
1983 4029 2191 4095 illorum
2215 4033 2327 4094 scio

842 4189 877 4221 0
904 4177 1129 4232 Froben.
1157 4179 1315 4246 epist.
1346 4178 1467 4233 195.
2029 4220 2035 4227 .

849 4248 882 4288 δ
903 4247 1004 4300 lste
1021 4255 1103 4300 est
1127 4246 1310 4316 titulus
1329 4247 1498 4316 ipsius
1508 4247 2022 4316 codicisliarleiani.
2051 4247 2324 4316 Jungenda

777 4325 859 4370 est
896 4329 1133 4384 prmsens
1167 4313 1383 4384 epistula
1425 4315 1630 4384 duabus
1668 4315 1803 4376 aliis,
1847 4317 1901 4368 in
1944 4331 2104 4370 causa
2143 4313 2321 4372 clerici

744 4416 746 4418 τ
777 4383 1187 4452 Aurelianensis,
1211 4383 1300 4449 qui
1329 4383 1397 4436 ab
1425 4383 1672 4452 episcopo
1698 4398 1794 4439 suo
1821 4384 1873 4437 in
1902 4398 2167 4438 carcerem
2197 4400 2322 4446 con-

771 4453 941 4520 iectus
967 4451 1087 4504 inde
1114 4451 1322 4520 elapsus
1361 4461 1462 4520 est,
1492 4460 1545 4504 et
1583 4451 1647 4503 ad
1690 4453 1858 4520 sancti
1900 4452 2106 4514 Martini
2149 4454 2322 4508 basili-

778 4518 892 4591 cam
917 4518 1304 4591 _tanquam_"Aad
1343 4519 1855 4591 asylumconfugit,
1898 4523 2144 4590 scrupis.
2187 4537 2320 4591 quas

780 4585 998 4639 inferius
1021 4585 1121 4639 col.
1149 4584 1251 4639 408
1279 4594 1332 4638 et
1357 4584 1468 4652 seq.
1495 4584 1823 4641 exhibemus.

850 4653 1098 4728 senserat
1120 4653 1371 4728 Alcuinus
1398 4655 1639 4728 ex_epist.
1673 4656 1772 4728 t‘l‘J
1807 4655 1967 4728 (mule
1995 4657 2114 4728 158)
2145 4659 2316 4713 Caroli

781 4721 1117 4789 imperatoris
1150 4723 1384 4789 animum
1414 4720 1666 4789 adversus
1693 4720 1882 4774 fratres
1905 4720 2261 4789 Turonenses,
2289 4743 2318 4780 a

781 4785 1070 4861 Tlleodulfo
1082 4789 1145 4840 de
1162 4788 1562 4861 inhonoratione
1579 4788 1845 4861 hominum
1861 4790 2015 4861 illius,
2033 4793 2137 4844 imo
2156 4785 2320 4861 ipsius

778 4853 1010 4924 episcopi
1046 4861 1204 4921 atque
1239 4855 1526 4922 imperialis
1562 4871 1672 4908 sum
1707 4856 1980 4924 jussionis,
2022 4853 2316 4924 accusatos,

779 4921 974 4993 acriter
992 4936 1118 4993 esse
1145 4921 1486 4993 commotum,
1521 4939 1683 4993 seque
1710 4921 1890 4993 ipsum
1935 4921 2320 4993 quodammodo

778 4989 831 5040 in
862 4989 1213 5066 suspicionem
1241 4989 1462 5066 neglecti
1488 4989 1645 5066 ollicii
1667 4989 2154 5066 adductumjl'uisse.
2181 4998 2320 5064 Qua-

779 5065 992 5126 propter
1018 5058 1070 5110 in
1099 5059 1198 5109 hac
1225 5056 1445 5126 epistola
1481 5061 1652 5126 primo
1682 5074 1800 5113 cum
1831 5061 2056 5115 maxima
2088 5056 2317 5122 submis-

780 5123 929 5174 siune
957 5124 1291 5192 imperatoris
1316 5123 1783 5194 animumplaeare
1811 5137 1863 5181 et
1891 5130 1956 5181 ad
1987 5130 2316 5189 clementiam

781 5142 929 5174 smne
957 5142 1291 5192 imperatoris
1316 5142 1548 5176 atumum
1610 5142 1783 5182 uacare
1811 5142 1863 5181 et
1891 5142 1956 5181 aa
1987 5142 2316 5189 ctementiam

781 5203 1112 5266 commovere
1147 5199 1400 5266 conatur;
1427 5142 1622 5266 deinde
1647 5195 1993 5266 fratresusuos
2026 5200 2092 5252 ah
2126 5199 2317 5266 injusta

780 5256 1201 5332 τεςιεηιςωτιρνμω
1236 5259 1496 5332 delatione
1530 5259 1778 5327 defendit,
1821 5263 2037 5332 illosque
2063 5267 2114 5318 in
2135 5256 2318 5324 olliciis

783 5323 981 5406 divinis
997 5323 1321 5406 celebrandis
1351 5325 1575 5406 sedulus.
1595 5336 1652 5406 ᾳ
1686 5323 1943 5406 assiduos,
1956 5323 2162 5386 'nullius
2194 5323 2316 5406 erga

780 5392 1084 5472 episcopum
1104 5391 1531 5472 hurellaneusem
1559 5394 1783 5472 injuriae,
1800 5391 1998 5472 nullius
2023 5416 2146 5472 erga
2172 5391 2319 5458 maii-

781 5457 902 5528 data
929 5457 1071 5528 regis
1102 5459 1486 5528 inobedientiaz,
1517 5457 1712 5518 nullius
1748 5457 1813 5518 ad
1851 5483 1994 5522 reum
2036 5457 2319 5525 defenden-

782 5523 905 5607 dum
925 5523 1331 5607 conspirationis
1354 5523 1481 5607 reos
1501 5545 1617 5607 esse
1639 5533 1867 5607 ostendit
1888 5553 1900 5599 ;
1920 5523 2148 5607 insuper
2168 5523 2317 5594 vei—3s

784 5593 1037 5677 tumultus
1061 5593 1129 5674 et
1171 5605 1447 5677 commota:
1468 5600 1750 5677 adversus.
1793 5593 2038 5677 homines
2049 5593 2323 5677 'episcopi,

785 5671 930 5712 reum
957 5661 1021 5713 ad
1044 5662 1222 5730 priora
1243 5663 1444 5717 vincula
1467 5671 1648 5737 rapere
1673 5669 1920 5735 volentes,
1943 5661 2109 5741 plebis
2127 5661 2314 5731 causas

2427 585 2511 629 tur
2538 575 2678 631 odio.
2719 576 2786 630 Et
2816 578 3030 653 mirum,
3060 577 3188 647 quid
3226 591 3284 632 se
3321 577 3374 630 in
3409 576 3636 632 alienam
3661 587 3845 632 contra
3861 576 3974 632 edi-

2423 669 2568 720 ctu'm
2605 665 2736 735 legis
2768 680 2994 720 messem
3035 665 3247 722 mittere
3284 664 3467 728 velint,
3505 664 3605 720 hoc
3633 665 3772 719 idem
3800 664 3974 734 prohi—

2421 755 2580 810 bente
2606 756 2817 826 egregio
2839 755 3076 819 doctore,
3107 757 3196 810 uhi
3228 757 3303 810 ait
3332 772 3347 810 :
3382 755 3459 809 Tu
3481 757 3597 826 quis
3619 773 3692 820 es,
3726 757 3816 826 qui
3853 756 3974 808 alie.

2423 859 2545 895 num
2583 860 2781 896 servum
2811 843 3066 912 judicas.’
3102 860 3196 897 suo
3235 843 3456 897 Domino
3485 845 3638 897 stabit
3665 853 3764 910 aut.
3794 843 3970 905 cadet,

2421 932 2573 984 stabit
2593 932 2821 999 quidem,
2843 943 3020 1018 potens
3041 942 3114 985 est
3141 931 3389 986 Dominus
3413 941 3637 986 statuere
3655 950 3772 986 eum
3799 934 3970 1002 (Rom.

2421 1033 2530 1081 xw,
2567 1018 2642 1089 4).
2679 1019 2709 1058 ἀ
2737 1019 2906 1074 [labet
2936 1021 3079 1075 enim
3107 1020 3369 1090 Tyrouica
3398 1020 3585 1075 civitas
3618 1033 3886 1090 pastorem
3919 1030 3972 1078 in

2420 1107 2658 1161 moribus
2683 1107 2940 1172 electum,
2970 1108 3025 1162 in
3051 1107 3426 1183 prmdicatione
3453 1109 3698 1163 devotum
3716 1149 3732 1173 ,
3759 1111 3852 1180 qui
3882 1112 3974 1166 tri-

2420 1195 2514 1250 tici
2536 1210 2840 1249 mensuram
2865 1193 3077 1273 familiae
3103 1194 3301 1253 Christi
3329 1195 3527 1266 optime
3555 1196 3857 1253 ministrare
3879 1214 3975 1257 tto-

2421 1282 2516 1338 vit.
2550 1282 2740 1351 \ligilet
2767 1283 3132 1352 unusquisque
3169 1291 3350 1350 pastor
3377 1297 3537 1351 super
3559 1297 3773 1354 gregem
3798 1300 3972 1350 suum,

2422 1385 2490 1424 ne
2510 1370 2629 1438 quis
2650 1371 2702 1424 in
2723 1383 2788 1423 eo
2811 1372 2995 1440 gratia:
3018 1369 3111 1423 Dei
3136 1369 3294 1434 desit,
3316 1377 3376 1423 ut
3398 1364 3519 1424 cum
3539 1379 3722 1440 pastor
3739 1373 3972 1428 omnium

2422 1459 2686 1521 adveniat,
2717 1458 2905 1528 dignos
2943 1472 3037 1512 eos
3080 1458 3315 1513 inveniat
3355 1467 3606 1528 perpetua
3650 1463 3974 1516 remunerari

2423 1548 2684 1602 mercede.
2925 1532 2938 1546 ’
3309 1588 3318 1596 .

2493 1637 2568 1692 De
2593 1652 2854 1693 concursu
2877 1652 3006 1693 vero
3039 1647 3094 1693 et
3130 1637 3357 1692 tumultu
3381 1639 3470 1708 qui
3497 1649 3648 1695 ortus
3683 1649 3766 1696 est
3801 1644 3856 1696 in
3891 1656 3978 1698 ec-

2423 1713 2584 1781 clesia
2617 1726 2757 1780 beati
2785 1726 3026 1790 Martini,
3055 1727 3138 1782 vel
3170 1726 3314 1781 foras
3345 1727 3399 1780 in
3427 1728 3586 1792 atrio,
3613 1729 3667 1782 in
3691 1740 3977 1800 conspectu

2425 1815 2565 1870 illius
2604 1823 2770 1870 testor
2796 1817 2887 1884 qui
2924 1817 3251 1887 singulorum
3286 1817 3446 1872 corda
3482 1817 3798 1888 considerat,
3836 1819 3978 1886 quod

2423 1920 2522 1960 nec
2549 1920 2634 1960 me
2656 1907 2984 1967 exhortante,
3016 1907 3098 1960 vel
3123 1907 3454 1975 praesciente,
3481 1907 3565 1962 vel
3587 1908 3745 1963 etiam
3770 1909 3978 1968 volente

2425 1993 2596 2048 factus
2637 2001 2747 2060 est;
2791 2010 2898 2050 nec
2918 2010 3150 2063 unquam
3179 2009 3264 2049 me
3289 1995 3475 2062 majori
3513 2011 3629 2052 esse
3655 1998 3898 2066 angustia
3923 1999 3976 2052 in

2424 2081 2611 2135 alienis
2631 2082 2885 2150 peccatis,
2913 2097 3072 2150 quam
3099 2090 3224 2136 tunc
3245 2083 3498 2152 temporis
3523 2099 3608 2138 me
3636 2084 3750 2139 fore
3775 2084 3975 2149 fateor;

2425 2184 2524 2224 nec
2557 2179 2811 2238 quantum
2849 2171 3140 2241 intelligere
3178 2172 3344 2239 potui,
3387 2171 3468 2225 vel
3510 2172 3712 2236 audire,
3756 2172 3978 2228 fratrum

2424 2261 2645 2315 consilio
2671 2262 2954 2330 quidquam
2983 2261 3104 2314 inde
3141 2269 3347 2328 gestum
3374 2272 3486 2326 est;
3525 2263 3632 2317 imo
3659 2279 3757 2319 nec
3795 2265 3981 2320 volun-

2424 2354 2587 2400 tatem
2629 2361 2812 2401 eorum
2851 2361 3136 2416 agnoscere
3174 2349 3344 2416 potui,
3388 2355 3445 2401 ut
3483 2348 3662 2415 fieret;
3701 2366 3802 2413 nec
3839 2353 3981 2413 ullus

2425 2435 2590 2489 Deum
2619 2436 2830 2497 timens,
2869 2435 2952 2488 vel
2976 2451 3086 2489 suae
3115 2436 3298 2489 salutis
3327 2451 3506 2491 curam
3539 2439 3756 2504 habens,
3785 2449 3846 2494 ut
3873 2457 3979 2499 non

2424 2526 2598 2579 dicam
2641 2524 2832 2586 facere,
2880 2524 2973 2578 sed
3019 2523 3177 2578 etiam
3223 2541 3322 2579 nec
3363 2525 3596 2595 cogitare
3638 2526 3832 2583 debere
3873 2545 3980 2584 non

2420 2614 2646 2668 dubium
2675 2623 2776 2669 est.

2496 2721 2741 2790 Nunquid
2766 2737 2869 2775 non
2901 2723 3093 2776 missus
3121 2723 3452 2777 auctoritatis
3475 2731 3687 2787 vestras,
3712 2724 3796 2776 vir
3821 2738 3980 2785 vene-

2427 2810 2937 2864 rahilis’l‘eotbertus
2951 2810 3132 2864 decem
3155 2821 3208 2863 et
3229 2825 3414 2864 novem
3430 2811 3542 2865 dies
3560 2825 3655 2879 pro
3683 2811 3784 2865 hac
3807 2811 3980 2880 inqui-

2426 2900 2620 2953 sitione
2646 2900 2784 2953 inter
2810 2913 2907 2951 nos
2933 2896 3066 2962 fuit;
3097 2887 3332 2952 etiamet
3356 2914 3452 2967 per
3477 2899 3622 2953 vii-es
3640 2908 3981 2954 accusatores

2426 2987 2595 3040 nostri
2612 3000 2732 3039 cum
2754 2985 2849 3039 eo?
2861 3001 2995 3053 quos
3006 2986 3213 3040 volebat
3237 2987 3536 3056 ﬂagellavit,
3554 3002 3688 3054 quos
3701 2990 3910 3043 volebat
3924 2992 3976 3042 in

2428 3087 2668 3142 catenam
2700 3077 2864 3140 misit,
2884 3089 3017 3145 quos
3038 3077 3246 3136 voiehat
3261 3076 3442 3145 jurare
3463 3076 3607 3141 fecit,
3626 3093 3760 3147 quos
3780 3079 3979 3147 placuit

2426 3168 2494 3221 ad
2509 3176 2736 3220 vestram
2757 3166 3330 3232 vocavitpraesentiam.
3348 3163 3567 3218 Frustra
3579 3179 3675 3235 ego
3689 3175 3837 3221 tanto
3853 3174 3981 3221 tem-

2425 3267 2553 3320 pore
2579 3253 2875 3305 serviebam
2900 3249 3123 3306 Domino
3151 3265 3269 3305 meo
3291 3250 3424 3308 Jcsu.
3446 3250 3677 3316 Christo,
3708 3253 3753 3307 si
3781 3257 3834 3308 in
3857 3262 3971 3306 tan.-

2425 3348 2538 3392 tum
2560 3339 2701 3394 illius
2726 3354 2811 3393 me
2834 3339 3193 3393 misericordia
3221 3349 3275 3396 et
3295 3340 3625 3408 providentia
3639 3341 3892 3406 deseruit,
3917 3351 3977 3397 ut

2425 3428 2479 3482 in
2511 3436 2618 3482 tam
2636 3412 2853 3496 impium
2880 3427 3054 3488 scelus
3072 3429 3124 3482 in
3150 3428 3336 3483 diebus
3361 3429 3648 3488 senectutis
3671 3445 3802 3484 mea:
3822 3432 3977 3485 cade-

2423 3530 2537 3573 rem
2557 3531 2588 3581 ;_
2617 3516 2710 3568 sed
2733 3515 3017 3573 verissime
3029 3517 3228 3584 absque
3257 3517 3404 3575 omni
3433 3516 3761 3573 dubitatione
3783 3518 3971 3588 fateor,

2426 3615 2524 3654 nec
2573 3609 2778 3658 tantum
2825 3602 3021 3660 mereri
3060 3603 3194 3656 velle
3232 3604 3643 3673 auri-quantum
3679 3615 3788 3664 tota
3816 3610 3978 3674 habet

2419 3690 2673 3754 Francia,
2697 3699 2754 3743 ut
2781 3705 2846 3746 ex
2876 3706 2995 3746 meo
3019 3691 3238 3752 consilio
3254 3695 3330 3747 vel
3347 3697 3728 3770 prmparatione
3747 3706 3855 3753 tam
3877 3714 3974 3768 pc-

2425 3778 2684 3832 riculosus
2706 3779 2960 3836 tumultus
2983 3781 3037 3833 in
3057 3780 3294 3845 Ecclesia
3311 3782 3504 3837 Christi
3522 3795 3664 3839 esset
3690 3787 3972 3842 adunatus.

2426 3866 2535 3934 Ego
2565 3881 2689 3920 vero
2713 3882 2912 3936 pauper
2938 3879 2990 3921 et
3014 3869 3323 3936 peregrinus
3367 3869 3420 3922 in
3464 3871 3564 3924 hoc
3588 3872 3780 3927 εωωιυ
3806 3874 3974 3929 Deum

2409 3958 2604 4019 'timeo,
2622 3967 2888 4027 perpetua
2899 3959 3086 4013 salutis
3100 3959 3289 4014 anima:
3306 3973 3436 4016 mea}
3455 3962 3974 4035 quantulameunque

2423 4062 2604 4101 curam
2624 4049 2845 4112 habens,
2873 4065 3172 4119 quanquam
3202 4052 3376 4106 minus
3395 4052 3626 4120 perfecte
3650 4055 3753 4109 hoc
3775 4056 3830 4114 in
3860 4058 3970 4110 viza

2423 4195 2591 4269 aperit
2607 4201 2626 4258 ;‘
2649 4196 2986 4263 semetipsum
3010 4197 3236 4269 denique
3259 4198 3411 4269 initio
3440 4199 3601 4254 totius
3622 4201 3696 4254 rei
3725 4201 3909 4269 ignaro

2423 4219 2621 4260 aperis;
2649 4219 2986 4263 scumupsum
3010 4219 3236 4264 uultque
3259 4219 3411 4252 mtuo
3440 4219 3601 4254 touus
3622 4219 3696 4254 "3|
3725 4219 3909 4269 Ignaru

2422 4260 2637 4337 fuisseL
2657 4273 2838 4337 postea
2883 4277 3011 4337 vero
3059 4264 3125 4316 ad
3169 4266 3448 4337 tumultum
3490 4269 3776 4334 sedandum
3837 4219 3967 4337 nih'i'l

2423 4332 2528 4403 _sui_
2554 4330 2712 4384 cilicii
2757 4331 3102 4403 intermisisse
3147 4335 3458 4403 gravissime
3503 4330 3859 4403 contestatur;
3909 4333 3966 4395 et

2425 4398 2475 4451 in
2515 4400 2718 4475 horum.
2741 4401 2975 4475 omnium
3010 4398 3170 4475 [ﬂeui
3209 4401 3274 4475 ad
3315 4405 3670 4475 testimonium
3714 4398 3963 4475 provocat

2423 4467 2681 4534 regiorum
2713 4467 2988 4542 missarum
3033 4468 3270 4542 Widonis
3311 4482 3365 4542 et
3408 4467 3962 4542 Teothertifblaximi

2417 4546 2700 4610 propterea
2711 4606 2719 4610 _
2737 4536 2850 4589 haec
2872 4537 3100 4610 epistola
3130 4540 3366 4610 habenda
3384 4550 3496 4610 est,
3524 4536 3668 4608 quod
3713 4558 3809 4610 per
3842 4539 3961 4598 eam

2421 4604 2643 4676 calcans
2670 4604 2756 4676 illa
2781 4607 3137 4676 controversia
3165 4609 3395 4676 episcopi
3422 4604 3814 4664 Aurelianensis
3840 4627 3962 4669 cum

2420 4671 2815 4741 Turonensibus
2842 4673 2894 4725 in
2927 4675 3144 4741 pleniori
3177 4671 3292 4728 luce
3316 4671 3692 4740 constituatur,
3718 4687 3772 4735 ct
3811 4679 3957 4740 inno-

2419 4742 2590 4866 Etiantlia
2616 4740 2838 4802 istorum
2862 4740 3190 4808 (gravissima
3211 4742 3416 4796 Alcuini
3441 4745 3833 4816 testificatione)
3856 4748 3960 4807 vine

2477 4821 2534 4858 ce
2559 4822 2641 4858 ur.
3447 4818 3452 4823 ‘

2477 4816 2641 4858 CCIIJI‘.
3447 4818 3452 4823 ’

2490 4883 2511 4909 ε
2537 4872 2776 4948 _Vidone.
2818 4875 3042 4948 Comite,
3081 4879 3168 4946 qui
3212 4880 3262 4948 in
3313 4891 3489 4944 marca
3532 4881 3816 4948 Britannia:
3845 4882 3957 4942 Cis-

2419 4942 2636 5027 marinw
2679 4942 3204 5027 prmsldehat,quem
3248 4942 3391 5027 illunm
3431 4943 3805 5027 fuisse
3846 4951 3958 5027 esi-

2417 5013 2594 5071 stimo.
2643 5015 2724 5066 cui
2774 5013 3026 5071 Alcuinus
3071 5013 3262 5068 lihrum
3309 5016 3384 5067 De
3426 5013 3689 5069 uirtutibus
3734 5026 3781 5071 et
3825 5019 3955 5072 uitiis

2419 5080 2705 5150 inscripsit,
2733 5078 2951 5135 inferius
2988 5081 3127 5134 inter
3155 5082 3416 5150 Opuscula
3449 5081 3658 5137 Mor-alia
3699 5085 3955 5140 exhiben-

2417 5144 2678 5220 dumguhi
2702 5150 2879 5202 videas
2917 5152 3170 5220 monitum
3198 5144 3470 5220 prmium.
3880 5171 3885 5174 -
3915 5151 3919 5155 ’

2485 5212 2512 5253 d
2553 5207 2715 5289 ηαιοι
2741 5231 2804 5289 en
2825 5232 2876 5272 ns
2920 5214 3170 5289 Tyanica
3198 5207 3406 5289 'eit'ilas
3425 5207 3703 5289 pastum,
3730 5230 3847 5275 'etc.
3880 5223 3954 5276 De

2414 5278 2643 5361 Josepho
2677 5271 2923 5361 episcopo
2950 5271 3240 5361 Turonensi
3272 5271 3528 5361 loquitur,
3865 5271 3950 5344 illa

2416 5363 2518 5422 qua
2533 5350 2800 5422 ⁸ΛΙοιιίηιιε
2826 5352 3078 5422 decessit,
3115 5370 3152 5422 ,ρ
3199 5350 3618 5416 inassiima‘..ilein
3651 5356 3952 5422 splendoris

2415 5417 2713 5495 claritatem
2757 5434 2915 5495 super
2952 5420 3230 5495 ecclesiam
3279 5422 3334 5476 S.
3365 5422 3611 5495 ﬂartini,
3651 5417 3705 5476 et
3739 5425 3948 5480 beatam

2416 5484 2553 5561 illius
2579 5484 2890 5561 animam—in
2916 5488 3106 5542 cmlum
3151 5498 3431 5561 penetrare
3454 5484 3951 5561 Avidittcorpusque

2413 5551 2664 5617 defuncti,
2705 5555 2820 5626 pias
2857 5554 3127 5626 lacqmas
3151 5551 3768 5621 Tundenydeoseulatus'
3787 5551 3889 5626 est,
3923 5579 3942 5614 ι

2416 5626 2473 5673 ιιι
2495 5631 2677 5676 narrat
2701 5624 2928 5691 scriptor
2951 5624 3082 5678 Vite
3104 5625 3332 5690 Aleuini,
3359 5641 3502 5680 sum.
3531 5627 3600 5681 50
3633 5635 3686 5683 et
3710 5641 3824 5696 seq.
3847 5649 3853 5652 ~
3877 5624 3890 5674 1
