4400 6464
119 517 226 577 397

1511 507 1880 564 ειηδτοιιε.

3227 508 3330 572 393

118 624 570 688 claruissetmca;
598 631 652 674 et
687 621 918 674 maxime
944 636 1083 674 nunc
1128 620 1180 674 in
1213 621 1399 674 diebus
1434 627 1676 672 senectu-
1706 628 1750 681 Λ
1780 617 1879 670 diri
1930 622 2104 683 potest
2152 615 2278 683 quid
2322 615 2572 684 egissent,
2620 615 2710 684 qui
2755 623 2810 669 et
2851 615 2950 684 ipsi
2999 614 3328 682 iuraverunt,

120 715 193 768 tis
215 724 272 770 et
295 711 620 766 inﬁrmitatis
645 725 776 764 mea:
807 710 1211 779 praecavendum
1240 709 1389 763 mihi.
1418 707 1548 762 Novi
1574 716 1683 760 tam

119 801 567 866 inmanissimum
601 801 819 856 sceleris
864 799 1102 870 pondus,
1141 800 1233 868 qui
1265 799 1526 868 judicium
1564 799 1686 852 vita:

119 909 256 950 mea:
277 893 409 947 mihi
436 891 890 962 appropinquasse
931 904 1037 943 non
1062 890 1268 958 ignoro.
1316 886 1482 955 Hujus
1500 885 1685 956 judicii

116 984 317 1039 timore
355 997 388 1036 a
425 981 652 1036 tumultu
689 966 1059 1047 hujus'steculi
1104 985 1296 1052 vestr;
1342 973 1688 1030 beatitudinis

117 1071 347 1128 consilio
388 1086 475 1126 me
507 1070 750 1135 liberavi,
795 1078 856 1124 ut
895 1069 1106 1137 quietus
1136 1068 1244 1122 Deo
1281 1067 1381 1121 soli
1407 1067 1684 1127 servirem,

118 1178 224 1235 pro
253 1163 513 1230 vobisque
551 1161 606 1215 in
633 1161 1114 1214 remunerationem
1148 1157 1386 1212 omnium
1426 1158 1687 1211 bonorum

117 1266 241 1322 qua
273 1252 405 1306 mihi
430 1251 540 1305 Deo
563 1250 886 1320 propitiante
919 1248 1121 1318 egistis,
1169 1246 1496 1322 quotidianis
1526 1246 1689 1298 inter-

122 1341 373 1396 cederem
397 1339 668 1410 lacrymis.

190 1428 457 1484 Cmterum
486 1416 658 1495 hujus.
680 1427 938 1482 tumultus
980 1428 1240 1481 rationem
1280 1425 1569 1480 secundum
1607 1435 1688 1473 ve-

119 1518 356 1583 ritatem,
380 1527 637 1588 quantum
661 1517 954 1588 intelligere
972 1516 1131 1576 valui.
1154 1523 1344 1570 vestrm
1364 1512 1690 1568 excellentiae

119 1604 357 1673 pandere
391 1619 500 1659 non
536 1605 812 1667 erubesco,
864 1604 1062 1660 nemini
1105 1618 1332 1672 parcens
1363 1615 1470 1671 quo
1513 1600 1690 1654 minus

117 1689 335 1754 veritati
374 1681 740 1750 testimonium
773 1689 1062 1762 proferam.
1103 1690 1325 1742 Videtur
1370 1689 1514 1742 enim
1561 1687 1692 1740 mihi

120 1781 328 1850 pullum
352 1780 474 1850 plus
493 1795 744 1852 peccasse
767 1781 822 1835 in
846 1781 1007 1850 hujus
1033 1779 1320 1849 impietatis
1341 1777 1504 1842 facto,
1530 1791 1691 1846 quam

120 1870 400 1926 custodem
432 1871 578 1926 illius
599 1871 865 1936 scelerati,
892 1887 957 1926 ex
985 1871 1138 1939 cujus
1177 1871 1496 1940 negligentia
1542 1879 1689 1922 tanta

1783 703 1978 758 nullius
2001 717 2058 756 se
2083 703 2186 758 hoc
2214 703 2386 774 ipsum
2423 703 2596 772 egisse
2637 703 2868 768 hortatu,
2900 705 3002 759 nisi
3028 719 3093 759 es
3136 705 3334 773 impetu

1783 793 2019 846 stultitia:
2041 806 2170 846 suae.
2197 792 2307 847 Nec
2329 792 2468 846 ullus
2493 807 2559 847 ex
2585 795 2754 848 vassis
2794 794 2961 847 sancti
3009 791 3219 847 lartizii
3265 795 3336 848 ibi

1785 881 1903 944 fuit,
1925 882 2026 935 nisi
2057 896 2196 935 unus
2213 881 2548 950 Amalgarius
2575 883 2788 936 nomine
2810 883 2902 952 qui
2928 898 3135 937 mecum
3154 883 3339 937 eadem

1785 970 1885 1026 fuit
1913 974 2060 1035 hora,
2101 988 2260 1042 quem
2297 975 2478 1028 statim
2525 976 2643 1028 misi
2679 991 2800 1029 cum
2835 975 2956 1029 aliis
2981 974 3234 1030 fratribus
3272 976 3342 1029 ad

1785 1061 2075 1115 sedandum
2123 1063 2444 1125 tumultum,
2488 1064 2834 1137 hbmincsque
2889 1064 3177 1127 venerandi
3224 1064 3338 1131 epi-

1785 1153 1930 1222 scopi
1954 1153 2164 1222 eripere
2187 1153 2252 1207 de
2277 1155 2521 1209 manibus
2540 1155 2738 1224 populi,
2772 1169 2837 1208 ne
2867 1154 2995 1222 quid
3023 1154 3146 1207 mali
3177 1155 3230 1207 in
3251 1168 3346 1207 eos

1786 1252 1994 1311 gestum
2017 1248 2191 1307 eSSet;
2229 1245 2320 1314 qui
2351 1246 2533 1299 sedato
2563 1246 2789 1299 tumultu
2819 1246 2961 1299 ducti
2987 1253 3111 1300 sunt
3139 1246 3194 1299 in
3223 1259 3340 1299 mo—

1789 1330 2098 1396 nasterium,
2127 1331 2217 1384 ubi
2243 1331 2376 1385 salvi
2404 1345 2522 1385 esse
2547 1331 2878 1399 potuissent;
2916 1333 3006 1400 qui
3046 1339 3194 1384 tanto
3220 1331 3346 1385 odio

1788 1427 2104 1475 exarserunt
2131 1420 2185 1475 in
2213 1433 2317 1483 me,
2360 1427 2420 1473 ut
2463 1421 2658 1474 bonum
2701 1420 2844 1489 quod
2882 1421 2962 1474 eis
2977 1419 3114 1487 jussi
3147 1420 3340 1482 facere.

1790 1509 1845 1562 in
1875 1509 2068 1563 malum
2091 1509 2348 1563 verterint
2383 1509 2642 1572 dicentes,
2672 1524 2759 1563 me
2793 1509 2849 1562 in
2873 1509 3216 1578 opprobrium
3245 1510 3349 1564 illis

1789 1599 2026 1668 eulogias
2047 1599 2323 1661 direxisse,
2352 1599 2492 1668 quod
2516 1599 2734 1652 omnino
2758 1596 3099 1652 falsissimum
3127 1606 3230 1662 est,
3252 1614 3347 1652 ne-

1791 1689 2023 1741 scientes
2051 1687 2316 1756 siquidem
2349 1702 2434 1742 me
2467 1687 2738 1740 Dominico
2765 1671 3024 1740 imbutum
3052 1701 3172 1741 esse
3211 1702 3348 1756 prae-

1790 1786 1963 1846 cepto,
1987 1778 2077 1846 qui
2107 1778 2181 1831 ait
2207 1795 2220 1828 :
2256 1777 2546 1846 Benefacite
2576 1777 2653 1830 liis
2677 1778 2764 1847 qui
2789 1775 2988 1829 oderint
3018 1793 3104 1830 ros
3132 1777 3344 1853 lfattli.

1792 1881 1847 1928 ν,
1876 1865 1985 1933 44).

120 1957 262 2013 mala
289 1965 474 2027 postea
494 1967 679 2014 exorta
716 1969 858 2014 sunt.
889 1959 957 2015 Ut
992 1975 1111 2014 cum
1148 1974 1277 2028 pace
1301 1975 1486 2012 eorum
1515 1960 1686 2013 dicam
1723 1951 1762 2008 Β
1860 1955 1983 2010 Haec
2009 1966 2194 2010 sancta
2231 1957 2400 2024 pietas
2420 1964 2614 2018 vestra,
2637 1955 2861 2010 Domine
2889 1954 3144 2023 piissime,
3175 1956 3347 2008 consi-

120 2045 215 2115 qui
247 2047 346 2101 has
376 2046 585 2101 litteras
610 2047 785 2118 legere
811 2047 1042 2111 audiant,
1081 2045 1280 2112 justius
1325 2048 1532 2105 aestimo
1569 2061 1687 2104 esse

120 2135 290 2199 illum,
324 2136 477 2205 cujus
505 2136 821 2206 negligentia
862 2136 949 2192 ille
978 2152 1100 2196 reus
1139 2136 1319 2209 lapsus
1348 2149 1430 2194 est
1475 2142 1541 2194 de
1576 2141 1687 2193 vin-

119 2225 279 2290 culis,
306 2226 494 2282 eadem
514 2227 622 2298 pati
648 2225 880 2296 vincula,
917 2245 1076 2300 quam
1102 2232 1347 2285 eumdem
1377 2245 1526 2284 reum
1553 2229 1689 2299 fugi-

120 2317 295 2373 tivum
323 2320 390 2374 ad
413 2321 612 2374 Christi
639 2321 731 2374 Dei
758 2322 926 2376 nostri
952 2328 1008 2374 et
1031 2331 1336 2375 sanctorum
1377 2321 1492 2389 ejus
1511 2327 1689 2389 patro—

120 2407 286 2470 cinia,
314 2409 379 2462 de
420 2408 646 2462 ecclesia
677 2408 743 2462 ad
768 2408 954 2462 eadem
999 2407 1144 2462 reddi
1183 2405 1430 2471 vincula;
1462 2421 1560 2460 nec
1589 2407 1690 2460 hoc

121 2513 190 2552 ex
233 2514 352 2553 mea
394 2500 567 2554 dicam
613 2499 986 2565 aestimatione,
1033 2501 1128 2554 sed
1165 2499 1371 2554 Domini
1411 2500 1690 2554 roboratus

122 2603 393 2651 sermone,
426 2589 517 2657 qui
545 2590 857 2660 prophetam
886 2590 998 2660 regi
1024 2588 1336 2653 lsraelitico,
1363 2590 1455 2658 qui
1489 2589 1691 2645 dimisit

125 2691 309 2746 regem
352 2676 523 2747 Syria:
569 2678 636 2732 de
678 2680 924 2735 manibus
969 2679 1098 2744 suis,
1121 2678 1280 2747 jussit
1314 2680 1529 2734 dicere:
1563 2677 1691 2732 Ila’c

122 2769 252 2822 dicit
274 2768 547 2834 Dominus,
567 2772 689 2840 quia
710 2771 954 2824 dimisisti
975 2773 1139 2824 virum
1163 2771 1375 2840 dignum
1396 2779 1578 2824 morte.
1596 2771 1692 2822 erit

125 2860 305 2912 anima
345 2868 436 2912 tua
454 2877 548 2931 pro
574 2862 749 2913 anima
777 2861 891 2930 ejus
920 2859 1039 2930 (111
1066 2859 1194 2930 Reg.
1224 2875 1314 2923 xx,
1341 2859 1454 2928 ιε).

197 2945 399 3017 Deinde
421 2948 652 3019 secundo
668 2947 784 3003 loco
801 2947 1110 3003 incitatores
1126 2961 1245 3001 esse
1258 2945 1416 3014 hujus
1436 2944 1693 2998 tumultus

125 3033 387 3104 intelligo,
418 3036 508 3104 qui
546 3038 740 3090 armati
769 3045 1029 3108 venerunt
1055 3037 1244 3108 majori
1284 3049 1506 3090 numero
1530 3049 1690 3104 quam

126 3140 263 3206 opus
289 3134 451 3191 esset,
482 3125 548 3180 de
573 3127 793 3181 civitate
820 3127 1106 3182 Aureliana
1136 3127 1188 3181 in
1223 3127 1494 3182 civitatem
1524 3125 1690 3196 Tyro-

127 3216 327 3270 nicam.
363 3215 587 3271 Maxime
609 3217 734 3285 quia
757 3215 898 3274 fama
923 3217 1160 3272 cucurrit
1179 3230 1277 3285 per
1303 3229 1464 3269 aures
1489 3213 1690 3285 popui,

1789 2047 1959 2111 deret,
1997 2041 2287 2113 verumque
2329 2054 2638 2114 cognoscat,
2680 2054 2734 2098 et
2778 2046 3096 2113 propitietur
3136 2042 3349 2098 famulis

1789 2138 1898 2196 suis
1929 2138 1983 2194 in
2011 2137 2100 2192 Dei
2143 2137 2523 2204 omnipotentis
2566 2151 2765 2198 amore,
2817 2145 2870 2189 et
2915 2137 3082 2190 sancti
3135 2135 3346 2188 Martini

1790 2230 2162 2284 intercessoris
2201 2225 2361 2283 vestri
2411 2227 2631 2287 honore.
2673 2226 2763 2294 qui
2810 2239 3020 2293 semper
3061 2227 3350 2280 honoratus

1790 2318 1886 2372 fuit
1915 2321 1968 2373 in
1999 2333 2164 2388 regno
2185 2328 2240 2372 et
2268 2334 2298 2371 a
2327 2320 2543 2386 regibus
2582 2317 2930 2392 Francorum,
2973 2315 3217 2372 Solemus
3243 2316 3351 2372 Deo

1790 2407 1966 2461 dicere
2008 2406 2060 2460 in
2111 2406 2444 2463 confessione
2495 2415 2834 2476 peccatorum
2875 2417 3178 2465 nostrorum
3225 2425 3237 2458 :
3289 2403 3349 2462 Si

1788 2496 2083 2562 iniquitates
2108 2497 2470 2557 observaveris,
2507 2495 2744 2560 Domine,
2781 2496 3018 2560 Domine,
3054 2498 3169 2567 quis
3203 2498 3353 2550 stati»

1791 2586 1925 2637 nebit
1965 2584 2136 2654 (Psal.
2185 2601 2376 2650 cxstx,
2420 2586 2510 2655 3)?
2545 2586 2793 2640 Dicamus
2831 2596 2884 2640 et
2932 2587 3049 2651 tibi,
3084 2588 3210 2655 quia
3252 2602 3349 2640 noo

1791 2675 2109 2730 bilissimum
2149 2677 2384 2746 ejusdem
2427 2677 2621 2744 capitis
2645 2685 2697 2730 te
2730 2677 3027 2731 membrum
3057 2692 3176 2732 esse
3203 2679 3349 2731 novi-

1792 2781 1912 2826 mus
1941 2782 1954 2817 :
1983 2766 2028 2820 si
2058 2767 2368 2835 iniquitates
2389 2767 2775 2830 observaveris,
2801 2768 3015 2821 domine
3041 2769 3350 2837 imperator,

1792 2856 1912 2923 quis
1941 2840 2264 2926 sustinebit?
2299 2856 2547 2921 Maxime,
2574 2858 2698 2924 quia
2726 2859 2970 2926 specialis
2999 2862 3168 2914 virtus
3202 2861 3353 2914 boni-

1792 2953 1894 3008 tas,
1917 2954 2078 3012 atque
2104 2944 2221 2998 laus
2260 2946 2638 3015 imperatorum
2684 2961 2895 3017 semper
2927 2947 3026 3002 fuit
3069 2949 3350 3003 clementia

1792 3033 1846 3087 in
1872 3033 2137 3099 subjectos
2165 3049 2308 3096 suos,
2345 3034 2398 3086 in
2424 3044 2649 3100 tantum,
2694 3043 2753 3089 ut
2799 3035 2949 3090 Titus
2995 3039 3357 3094 nobilissimus

1791 3123 2082 3192 imperator
2105 3124 2219 3178 ait:
2254 3123 2523 3178 Neminem
2564 3126 2629 3178 ab
2674 3128 2982 3195 imperatore
3030 3130 3226 3182 tristem
3266 3131 3356 3183 dc-

1793 3215 1909 3268 bere
1944 3213 2192 3268 recedere.
2230 3213 2462 3268 Laztiiica
2491 3215 2696 3268 animos
2723 3231 2998 3271 servorum
3028 3225 3238 3274 tuorqu
3262 3235 3358 3288 per

128 3305 195 3358 ad
225 3304 328 3358 hoc
356 3317 450 3358 cos
477 3305 684 3360 venisse
718 3315 776 3360 ut
805 3306 1064 3360 violenter
1091 3305 1390 3374 rapuissent
1417 3317 1562 3369 eum,
1600 3303 1692 3370 qui
1716 3271 1766 3335 α
1797 3303 2177 3358 misericordizc
2214 3311 2318 3356 tua:
2367 3318 2558 3357 munus
2599 3303 2956 3371 altissimum;
3002 3271 3358 3376 supei-exaitet

129 3392 444 3463 confugerat
479 3394 546 3448 ad
581 3396 876 3464 patrocinia
914 3396 1166 3466 Ecclesia:
1214 3394 1411 3471 Christi
1457 3401 1512 3448 et
1551 3394 1692 3449 beati

134 3482 370 3536 Martini.
400 3482 528 3554 illud
554 3485 716 3558 etiam
743 3483 1133 3560 [Forte,enim]
1163 3497 1444 3538 commune
1469 3490 1553 3536 est
1578 3497 1694 3537 om-

131 3574 290 3647 nibus
314 3574 530 3641 ubique,
567 3575 709 3643 quod
739 3576 958 3630 moleste
985 3575 1178 3639 ferant,
1221 3590 1346 3630 suos
1373 3575 1694 3640 debonorari

132 3670 370 3716 sanctos.
400 3661 669 3717 Fortassis
695 3671 747 3718 et
774 3663 860 3718 ille
887 3665 1050 3718 miser
1079 3665 1324 3718 hortatus
1345 3670 1428 3718 est
1454 3661 1521 3716 ad
1544 3677 1695 3717 man-

132 3752 340 3806 sionem
375 3765 526 3805 suam
550 3752 779 3806 rusticos
807 3753 1080 3808 venientes
1107 3752 1244 3806 inter
1284 3751 1494 3822 pocula,
1520 3760 1580 3806 ut
1606 3751 1698 3806 de-

132 3843 414 3898 fenderent
438 3843 726 3899 Ecclesiam
761 3845 930 3900 sancti
958 3843 1190 3907 Martini,
1228 3859 1294 3898 ne
1317 3843 1580 3897 violenter
1620 3858 1697 3896 ra-

133 3944 354 4002 perctur
387 3934 455 3988 ab
477 3949 561 3988 ea.

203 4019 390 4074 Tertia
411 4019 511 4074 fuit
531 4021 688 4090 hujus
720 4023 978 4090 tumultus
1001 4024 1294 4095 instigatio,
1330 4024 1455 4078 dum
1481 4031 1709 4093 sanctus.

134 4107 293 4162 Pater
331 4115 390 4163 et
421 4108 656 4176 pontifex
701 4118 882 4168 noster
908 4112 1068 4187 nimis
1109 4113 1476 4182 inopportune,
1507 4112 1700 4181 populo

133 4205 417 4265 praesente,
444 4197 662 4271 intrarit
687 4198 965 4254 ecclesiam
1009 4216 1128 4256 cum
1156 4201 1459 4256 hominibus
1499 4202 1590 4270 qui
1631 4202 1698 4255 ad

135 4285 450 4354 rapiendum
485 4286 693 4341 venisse
717 4303 864 4342 reum
907 4291 1261 4358 putabantur;
1298 4291 1390 4346 sed
1420 4289 1558 4345 forte
1597 4292 1698 4346 hoc

134 4373 264 4439 fecit
289 4373 452 4430 corde
472 4375 718 4444 simplici,
747 4376 881 4432 nihil
911 4377 1036 4433 mali
1062 4393 1128 4432 ex
1153 4380 1254 4434 hoc
1280 4381 1521 4434 accidere
1542 4395 1699 4449 posse

1794 3395 2157 3449 misericordia
2183 3395 2458 3464 judicium,
2500 3396 2588 3461 qui
2621 3397 2879 3449 maximas
2904 3398 3138 3466 perfidiae
3171 3400 3356 3468 culp:.s

1795 3484 1849 3538 in
1873 3492 2104 3539 vestram
2126 3491 2478 3553 peccaverunt
2509 3480 2580 3554 [F
2583 3494 2710 3546 orte,
2740 3485 3096 3556 peccantium]
3125 3489 3357 3541 auctori-

1796 3584 1961 3630 tatem
1989 3574 2238 3629 laudabili
2279 3573 2476 3644 pietate
2515 3574 2809 3642 perdonare
2841 3575 3110 3642 potuistis.
3139 3575 3360 3644 Ignosce

1796 3665 2093 3720 infelicitati
2121 3673 2319 3720 nostra;
2354 3664 2647 3718 secundum
2672 3664 2966 3740 piissimam
3010 3666 3357 3720 sanctissima:

1796 3755 1992 3809 mentis
2025 3762 2215 3809 vestrae
2255 3752 2604 3818 nobilitatem,
2633 3769 2793 3824 quam
2841 3769 3050 3824 semper
3083 3757 3272 3826 agnovi
3302 3759 3360 3810 in

1797 3845 1975 3899 animo
2008 3845 2279 3914 sapientiae
2321 3855 2510 3898 vestrae
2556 3845 2870 3921 mirabiliter
2891 3847 3100 3913 vigere;
3137 3854 3192 3900 et
3218 3846 3363 3921 sicut

1799 3935 1964 3992 David
1990 3935 2202 3989 Patrem
2248 3933 2450 3989 Christi
2492 3934 2760 3989 laudatum
2794 3934 3020 4003 legimus
3059 3936 3114 4004 in
3150 3937 3358 4006 miseri:

1799 4025 1996 4080 cordia:
2024 4024 2386 4093 magnitudine
2419 4034 2473 4078 et
2498 4025 2746 4094 :equitate
2769 4025 3124 4093 judiciorum;
3169 4027 3242 4080 ita
3270 4041 3360 4080 ve-

1797 4125 1963 4170 stram
1992 4115 2374 4171 beatitudinem
2396 4131 2606 4184 semper
2634 4117 2683 4170 in
2723 4115 2806 4170 his
2835 4117 3146 4173 meritorum
3192 4117 3361 4192 titulis

1798 4204 2117 4260 laudabilem
2161 4215 2321 4280 atque
2366 4205 2788 4290 prmdicabilem,
2833 4205 3052 4261 Christo
3093 4208 3357 4268 donante,

1798 4311 1915 4350 esse
1949 4297 2314 4363 cognovimus.
2719 4318 2721 4320 ·

1869 4389 2212 4457 Omnipotens
2246 4389 2384 4444 Deus
2418 4388 2575 4442 Pater
2597 4403 2691 4456 per
2720 4388 2932 4443 unicum
2961 4389 3150 4446 l-‘illum
3179 4388 3356 4454 suum.

134 4465 433 4538 rstimans.
457 4464 580 4527 Haec
609 4467 795 4540 videns
823 4467 1007 4539 vulgus
1055 4469 1342 4533 indoctum,
1371 4471 1459 4547 qui
1490 4486 1699 4541 semper
1800 4477 2080 4530 Dominum
2109 4485 2350 4531 nostrum
2383 4475 2564 4530 Jesum
2599 4475 2890 4540 Christum,
2922 4477 2974 4532 in
3012 4477 3215 4546 Spiritu
3255 4478 3356 4532 Pa-

138 4567 223 4605 res
247 4553 688 4653 inconvenientes
728 4557 843 4614 sine
867 4558 1090 4626 consilio
1117 4574 1275 4629 agere
1307 4561 1457 4621 solet,
1487 4563 1699 4616 concla-
1727 4594 1774 4653 ο
1802 4562 2000 4632 raclyto
2029 4564 2174 4617 omni
2199 4563 2564 4618 benedictione
2592 4572 2647 4618 et
2675 4565 2934 4632 sapientia
2955 4577 3051 4620 cor
3077 4566 3359 4622 beatitudi-

138 4648 374 4703 marunt,
400 4642 469 4694 ad
494 4640 664 4696 fustes
687 4654 1059 4709 cucurrerunt,
1090 4646 1250 4714 aliqui
1280 4648 1489 4716 impigri
1511 4663 1540 4701 a
1569 4650 1699 4703 foris
1727 4640 1769 4653 ⁷
1799 4651 1884 4704 nis
1911 4659 2104 4703 vestrm
2131 4651 2411 4714 illuminet,
2453 4653 2676 4720 repleat,
2719 4661 2880 4722 atque
2917 4653 3166 4718 laetificat,
3209 4659 3362 4711 nobi—

138 4737 430 4794 venerunt,
483 4732 607 4786 dum
659 4733 805 4802 signa
860 4749 1052 4789 sonare
1099 4736 1423 4802 audierunt,
1471 4753 1696 4807 quorum
1799 4736 2119 4806 lissimzeque
2141 4737 2272 4806 proli
2292 4746 2482 4792 vestrae
2504 4740 2908 4808 perpetuam,in
2933 4741 3158 4796 salutem
3181 4745 3356 4814 populi

139 4820 304 4888 motio
339 4833 438 4889 per
483 4821 810 4876 indoctorum
858 4839 1045 4879 manus
1085 4825 1383 4880 ministrata
1419 4835 1521 4888 est.
1562 4828 1702 4885 sicut
1799 4824 2111 4889 Christiani,
2157 4827 2562 4897 prosperitatem
2615 4830 2909 4899 perdonare
2954 4831 3226 4902 dignetur,
3275 4837 3364 4888 do-

137 4910 464 4982 exquisitum
489 4919 570 4965 est
600 4927 628 4965 a
661 4922 850 4978 vestrae
876 4917 1208 4988 auctoritatis
1247 4917 1451 4979 missis,
1501 4918 1606 4973 imo
1647 4928 1701 4994 et
1803 4918 1945 4971 mine
1984 4917 2491 4982 desiderantissime,
2535 4929 2734 4988 optime
2782 4930 2943 4990 atque
2987 4923 3363 4993 augustissime

139 5001 204 5052 ab
228 5000 358 5067 ipsis
384 5001 789 5072 accusatoribus
814 5005 1030 5058 nostris.
1059 5004 1190 5058 Nam
1221 5006 1324 5061 illis
1353 5010 1701 5075 prmsentibus
1801 5015 1954 5073 pater
1982 5007 2196 5076 patrias!

139 5095 384 5141 sanctum
407 5085 625 5150 allatum
662 5095 742 5142 est
771 5087 1131 5157 Evangelium,
1169 5091 1311 5158 ligno
1347 5103 1546 5150 sancta:
1581 5111 1703 5150 cru-
1969 5095 2180 5150 Floreat
2202 5103 2256 5148 et
2281 5095 2457 5165 vigeat
2485 5095 2670 5165 sophia
2697 5098 2892 5154 virtute
2915 5100 3198 5169 triumphis

139 5178 216 5231 cis
262 5178 638 5252 superposito;
697 5192 1040 5247 quoscunque
1088 5179 1365 5249 jusserunt
1408 5183 1591 5250 jurare
1636 5200 1702 5239 ex
2013 5183 2125 5236 ilex
2157 5183 2321 5238 David
2350 5200 2598 5255 magnum
2626 5187 2844 5258 Magnus
2869 5189 2922 5245 in
2947 5203 3041 5241 ore
3068 5188 3248 5241 decus.

143 5269 434 5344 fratribus,
492 5267 748 5325 fecetunt.
807 5269 1020 5350 Fratres
1071 5285 1197 5324 vero
1237 5273 1509 5332 audientes
1553 5267 1699 5345 signa

1092 5285 1197 5324 tero
1237 5273 1509 5332 audientes
1553 5267 1699 5345 signa
2297 5306 2323 5333 Α
2362 5292 2691 5350 ΕριδτοιΑ
2726 5296 2830 5350 CL,

143 5357 505 5425 prosilueth
527 5357 592 5412 de
619 5359 903 5415 refectorio
932 5349 998 5414 ad
1036 5361 1310 5417 sciendum
1354 5379 1451 5433 pro
1485 5380 1588 5432 qua
1619 5379 1706 5419 so«

142 5447 384 5502 tulissent
422 5447 739 5516 causazqui
782 5449 1054 5504 venientes
1093 5460 1350 5517 quantum
1398 5461 1701 5522 potuerunt.

144 5543 200 5589 ut
240 5533 450 5599 audivi,
502 5535 824 5592 sedaverunt
859 5537 1169 5602 tumultum;
1209 5539 1327 5593 misi
1371 5542 1460 5610 qui
1504 5541 1702 5596 inventi

148 5633 268 5688 sunt
294 5631 354 5679 ut
384 5624 594 5680 astimo
620 5624 876 5692 infantes,
899 5630 989 5699 qui
1017 5639 1208 5684 vestra:
1232 5630 1376 5685 ducti
1411 5639 1536 5698 sunt
1567 5648 1703 5702 pne-

150 5715 348 5779 sentit,
388 5714 442 5768 in
485 5712 578 5768 illo
608 5726 965 5784 peccaverunt
1002 5733 1287 5782 concursu,
1322 5733 1352 5772 a
1383 5720 1577 5790 quibus
1619 5739 1707 5776 au-

216 5858 237 5883 ι
280 5845 422 5919 εδει.
446 5844 697 5914 Qnercet.
724 5847 813 5914 55,
837 5846 1016 5903 Canis.
1042 5851 1127 5917 68,
1150 5851 1378 5912 Froben.
1410 5853 1524 5904 ill.

2407 5379 2472 5419 ιο
2511 5379 2750 5420 ιΑωιυιι.

2393 5451 2584 5521 (Anno
2627 5455 2784 5524 802.)

1880 5542 2013 5598 Petit
2032 5561 2066 5598 a
2083 5543 2270 5598 Mauro
2293 5539 2554 5612 (Rabano)
2592 5544 2819 5608 libellum
2838 5547 2936 5604 sibi
2960 5546 3287 5618 promissum.

1877 5631 2158 5688 Benedicto
2185 5632 2353 5689 sancti
2378 5632 2646 5694 Benedicti
2684 5635 2711 5674 δ
2741 5651 2908 5706 puero
2933 5636 3116 5691 Mauro
3138 5637 3364 5698 Albinus

1809 5725 2054 5782 salutem.

1880 5858 1905 5895 δ
1948 5856 2115 5911 Puero
2150 5858 2354 5937 κατηγο.
2395 5834 2449 5915 in
2477 5863 2707 5916 editione
2737 5865 3053 5930 Oticrcctani
3102 5866 3211 5920 haec
3249 5868 3331 5934 ε’ρί
