4400 6458
190 442 285 497 δοῖ

1560 440 1932 497 εΡιδτοιηῑ.

3307 438 3411 493 ιω

188 553 350 624 165
374 552 451 608 Ex
479 562 633 623 parte
662 554 836 628 video,
868 554 961 607 ubi
995 562 1076 608 est
1104 554 1314 625 requies
1352 568 1488 617 mea,
1514 554 1604 607 ubi
1633 552 1750 608 sitis
1779 556 1821 613 Α
1850 550 1998 611 tatis,
2027 564 2142 617 qua
2172 548 2339 619 magis
2373 556 2530 618 atque
2561 546 2732 619 magis
2768 557 3087 613 crescentes,
3116 564 3249 617 pate
3283 568 3411 621 ape-

183 658 323 701 mcae
354 643 632 699 saturitas.
670 643 808 700 Ubi?
838 644 941 699 nisi
984 646 1037 698 in
1077 658 1142 698 eo
1185 643 1251 698 ad
1287 658 1443 713 quem
1485 641 1749 712 Propheta

185 733 439 788 clamavit
464 747 482 786 :
514 731 687 788 Sitioit
708 734 882 787 anima
910 749 1022 787 mea
1044 733 1112 785 ad
1138 733 1303 786 Deum
1326 733 1489 786 virum
1512 730 1752 802 :quando

185 824 389 876 ueniam
416 820 465 877 et
503 823 758 892 apparebo
805 832 926 877 ante
952 823 1137 892 faciem
1175 824 1270 876 Dei
1316 822 1484 893 (Psal.
1516 839 1625 886 xu,
1664 820 1753 891 '5)?

182 909 258 963 Et
301 910 367 964 ad
411 910 643 981 seipsnm
674 926 963 966 conversus
998 912 1052 965 in
1082 911 1186 965 alio
1219 912 1400 965 dicens
1434 912 1566 975 loco,
1596 902 1755 981 quasi

184 999 347 1071 hujus
380 1002 651 1069 petitionis
685 1016 996 1071 responsum
1038 1002 1363 1055 invenisset:
1395 1000 1520 1055 Παίς
1558 1000 1753 1068 requies

186 1106 304 1142 mea
324 1090 379 1143 in
401 1089 647 1144 saeculum
666 1088 862 1152 sa'cuii,
878 1090 959 1143 hic
980 1090 1241 1153 habitabo,
1258 1088 1501 1161 quoniam
1520 1089 1755 1159 pra’elegi

182 1194 304 1231 eam
352 1178 521 1249 (Psal.
567 1195 753 1244 cxxxr,
796 1179 904 1249 14).
952 1180 1007 1232 in
1046 1180 1187 1233 hanc
1222 1194 1280 1233 se
1328 1178 1617 1232 exhortans
1650 1176 1755 1229 alio

184 1282 345 1322 Versu
374 1269 546 1337 inquit
568 1256 586 1321 Ξ
606 1267 907 1323 Convertere
934 1270 1107 1321 animo
1134 1286 1245 1323 mea
1269 1269 1323 1322 in
1348 1269 1567 1337 requiem
1589 1278 1753 1330 tuam,

183 1356 312 1425 quia
345 1356 598 1409 Dominus
623 1348 868 1421 benefacit
902 1358 995 1409 tibi
1023 1357 1191 1426 (Psal.
1220 1373 1364 1419 cxrv,
1407 1356 1479 1425 '7).
1508 1356 1611 1409 Pro
1650 1370 1757 1422 quo

185 1440 468 1497 benefacta
493 1444 669 1513 magni
701 1444 934 1498 muneris
965 1442 1133 1515 [Μηὸ.
1156 1484 1169 1507 ,
1198 1443 1304 1496 Pro
1339 1456 1445 1510 quo
1478 1441 1759 1496 benedicto

184 1528 434 1602 munere]
464 1530 695 1600 seipsum
723 1532 790 1585 ad
813 1531 1128 1585 laudandum
1162 1531 1328 1584 Deum
1356 1530 1553 1583 excitat
1589 1528 1712 1581 alibi
1741 1542 1755 1580 :

186 1617 409 1683 Lauda,
442 1621 620 1672 animo
652 1636 799 1683 mea,
852 1620 1127 1673 Dominum
1166 1618 1335 1685 (Psal.
1374 1634 1526 1679 δην,
1576 1616 1651 1684 2).
1693 1616 1761 1671 Et

182 1712 344 1781 quasi
370 1710 488 1780 ipsa
518 1712 897 1780 respondisset,
929 1711 1251 1781 subjungens
1276 1730 1288 1764 :
1325 1710 1569 1765 Laudabo
1598 1708 1758 1762 Deum

183 1816 358 1855 meum
403 1802 459 1853 in
502 1802 604 1867 vita
641 1816 775 1863 mea,
814 1802 1034 1870 psallam
1073 1802 1181 1855 Deo
1228 1818 1363 1866 meo,
1398 1801 1629 1870 quandiu
1671 1816 1758 1853 ero

186 1890 399 1961 (Ibid).
452 1890 587 1957 Quia
634 1907 847 1960 semper
886 1908 1012 1956 ero,
1065 1908 1273 1961 semper
1318 1894 1543 1946 laudabo
1592 1892 1755 1947 Deum
1791 1881 1831 1936 Β

184 1996 367 2036 meum
415 1981 597 2035 dicens
627 2000 639 2033 τ
683 1980 918 2036 Laudent
955 2000 1070 2036 eum
1103 1982 1214 2035 caeli
1249 1991 1295 2035 et
1333 1992 1490 2043 terra,
1528 1997 1670 2033 mare
1713 1990 1761 2033 et

187 2071 365 2123 omnia
387 2086 503 2129 aute
524 2070 579 2122 in
603 2071 676 2123 eis
695 2080 814 2123 sunt
839 2070 1062 2139 (Psalm.
1096 2086 1280 2132 vam,
1299 2069 1413 2137 35).
1439 2068 1548 2121 flos
1573 2082 1762 2121 versus

184 2159 267 2213 sic
288 2156 517 2224 iunctim
542 2159 715 2227 posui,
744 2160 831 2226 qui
864 2158 994 2211 nihil
1025 2160 1152 2212 mihi
1180 2158 1383 2213 dulcius
1404 2159 1614 2211 videtur
1638 2171 1762 2209 can-

188 2247 415 2302 tandum
458 2247 512 2301 in
555 2248 813 2301 orationis
861 2250 1295 2317 compunctinne,
1342 2264 1500 2317 quam
1541 2247 1641 2300 bos
1687 2246 1760 2298 ita

188 2340 548 2407 compositos;
587 2341 899 2408 deprecans,
936 2346 993 2395 ut
1028 2354 1159 2393 mea:
1202 2339 1494 2392 devotionis
1528 2336 1764 2390 admoni-

186 2426 336 2479 tione
360 2441 455 2481 eos
476 2428 669 2496 saepius
696 2444 817 2482 eum
850 2444 1042 2499 magno
1076 2429 1235 2482 animi
1261 2429 1451 2496 gaudio
1480 2426 1765 2487 decantare

184 2517 245 2571 in
267 2518 651 2571 consuetudine
675 2519 890 2584 habeas,
920 2536 1017 2589 pro
1037 2529 1251 2575 teternre
1279 2518 1625 2576 beatitudinis
1653 2532 1764 2571 me-

187 2608 393 2672 moria;
421 2608 633 2677 meique
654 2610 885 2663 nominis
908 2610 1372 2679 quantulacunque
1400 2608 1764 2664 recordatione

184 2694 247 2753 in
268 2695 371 2752 hac
397 2704 455 2753 et
478 2696 531 2750 in
566 2698 710 2752 omni
740 2696 1024 2754 salutiferae
1042 2684 1327 2766 petitionis
1360 2714 1536 2767 prece.
1576 2697 1763 2750 Divina

187 2791 248 2841 te
276 2786 531 2841 exaudire
558 2786 729 2856 gratia
756 2786 1019 2856 dignetur,
1046 2787 1259 2840 domine
1281 2787 1441 2841 Pater
1460 2786 1764 2840 desideran-

186 2876 421 2959 tissime,
444 2886 499 2933 et
527 2878 696 2934 nostri
721 2878 902 2934 cordis
928 2878 1098 2932 amori
1130 2877 1459 2933 dulcissime!

691 3018 718 3047 ι
756 3007 1088 3063 EPISTOLA
1124 3006 1272 3062 CLII.

763 3109 839 3149 ΔΙ)
872 3111 1199 3151 Αιιιοιηει.

802 3206 978 3278 (Anno
1004 3205 1156 3279 sos.)

188 3316 535 3373 Commendat
559 3316 756 3371 Amani
778 3331 957 3371 curam
987 3316 1371 3377 canonirormn,
1391 3316 1763 3369 monachorum

268 3398 316 3442 et
339 3388 484 3441 tertii
512 3388 725 3455 gradus,
762 3387 898 3440 inter
922 3387 1039 3441 illos
1069 3386 1245 3439 medii.
1281 3382 1528 3448 Quaritur
1549 3384 1763 3455 depra-

264 3458 421 3511 vitate
454 3453 763 3519 simoniaca,
791 3472 907 3523 quae
939 3456 1091 3509 etiam
1124 3457 1180 3508 in
1221 3454 1391 3508 sedem
1430 3453 1766 3523 apostolicam

264 3526 495 3661 ἐττερῆτέ
528 3524 771 3645 Ερίεέριιε
794 3524 1222 3661 defron‘fessione,
1243 3533 1292 3577 et
1319 3522 1478 3577 libelli
1498 3522 1563 3577 de
1588 3524 1767 3576 catho-

287 3611 370 3648 ica
476 3609 503 3647 e
527 3610 641 3646 men
666 3609 833 3646 nonem
885 3610 964 3645 act
993 3630 1008 3643 .

287 3611 370 3648 ιω
400 3609 503 3648 nae
527 3609 833 3646 mentionem
863 3609 1008 3648 ιαεη.

264 3701 582 3762 Venerando
606 3700 843 3769 pontiﬁci
871 3699 1075 3768 Aquilae
1098 3699 1323 3755 Albinus
1348 3700 1593 3755 salutem.

261 3788 479 3846 Pridem
511 3789 661 3860 plura
690 3789 902 3859 scripsi,
924 3796 1243 3858 quapropter
1264 3790 1421 3843 modo
1440 3801 1609 3858 pauca
1634 3786 1765 3840 scri-

189 3882 324 3938 bere
342 3890 517 3935 ratum
541 3879 686 3942 duxi,
704 3880 808 3935 hoc
827 3878 995 3934 solum
1014 3879 1260 3940 suadens,
1276 3887 1504 3933 vestram
1526 3885 1765 3932 sanctam

194 3971 571 4026 auctoritatem
599 3972 652 4023 in
680 3970 789 4025 Deo
813 3978 867 4023 et
895 3984 993 4038 pro
1015 3969 1124 4025 Deo
1148 3969 1314 4037 loqui,
1344 3976 1397 4022 et
1422 3968 1476 4023 in
1504 3966 1614 4022 Deo
1638 3982 1767 4021 con-

192 4063 379 4124 lidere,
421 4069 481 4115 ut
514 4061 793 4130 diligenter
829 4064 1163 4116 examinetur
1193 4062 1321 4131 quid
1363 4062 1449 4116 cui
1487 4063 1769 4116 conveniat

192 4166 439 4223 persona:
469 4169 483 4204 :
513 4150 637 4219 quid
672 4151 960 4210 canonicis.
975 4152 1101 4219 quid
1129 4152 1418 4212 monachis,
1444 4150 1572 4218 quid
1610 4152 1767 4205 tertio

194 4242 383 4315 gradui
433 4242 525 4312 qui
556 4240 707 4314 [ϐοά.
739 4239 799 4295 8.
837 4241 928 4306 Ε.,
956 4242 1105 4315 quid]
1131 4244 1269 4298 inter
1308 4242 1407 4296 hos
1432 4242 1564 4296 duos
1595 4242 1764 4297 varia-

197 4345 302 4397 tur,
340 4334 604 4403 superiori
631 4334 796 4403 gradu
826 4336 1115 4398 canonicis,
1142 4344 1196 4391 et
1224 4334 1463 4389 inferiori
1493 4335 1767 4390 monachis

196 4434 424 4480 stantes.
453 4424 563 4503 Nec
595 4425 727 4479 tales
752 4428 1033 4494 spernendi
1056 4436 1201 4492 sunt,
1228 4428 1352 4497 quia
1376 4426 1514 4482 tales
1536 4428 1766 4482 maxime

195 4514 250 4567 in
279 4512 439 4564 domo
462 4510 554 4564 Dei
578 4510 939 4569 inveniuntur.

264 4599 333 4655 Et
371 4600 473 4653 hoc
510 4599 774 4667 praecipue
805 4600 1077 4663 intendite,
1122 4610 1180 4656 ut
1215 4604 1507 4658 simoniaca
1542 4604 1760 4657 haeresis

196 4691 435 4746 funditus
461 4692 816 4757 subvertatur,
841 4708 960 4763 quae
977 4693 1118 4749 male
1141 4693 1447 4748 dominatur
1477 4694 1529 4747 in
1558 4693 1757 4757 multis,

198 4780 433 4835 radicem
462 4796 490 4833 a
509 4778 776 4846 iudicibus
804 4784 981 4838 sreeuii
1021 4799 1255 4847 sumens,
1292 4799 1468 4839 ramos
1497 4798 1665 4852 usque
1695 4784 1761 4837 ad

192 4868 592 4925 ecclesiasticas
633 4870 857 4925 tendens
892 4872 1203 4940 personas':
1248 4874 1319 4927 ita
1360 4875 1535 4943 utqui
1582 4873 1763 4942 spinas

192 4974 388 5015 eruere
421 4959 661 5014 avaritia:
690 4960 1002 5062 debuerunt,
1027 4964 1193 5031 spinis
1223 4973 1532 5036 panguntur
1556 4965 1761 5021 acerbi-

268 5128 292 5154 ι
332 5115 484 5189 Hanc
518 5117 799 5189 epistolam
834 5118 1091 5189 hactenus
1125 5116 1379 5189 ineditam
1421 5110 1763 5189 producimus

193 5200 261 5239 ex
284 5183 403 5237 cod.
443 5183 571 5241 mss'.
607 5186 798 5242 Saiisb.
840 5195 897 5241 et
933 5183 1560 5242 Sanct-Emmeramensi.
1601 5189 1765 5245 Uncis

195 5252 401 5381 Ἦὲῗα
431 5255 484 5308 in
510 5256 624 5311 solo
646 5256 839 5313 Salisb.
856 5255 1133 5312 habentur.
1166 5255 1337 5326 (Apud
1361 5255 1591 5317 Froben.
1606 5260 1759 5329 epist.

269 5390 301 5467 ξ
338 5389 863 5467 Παρωρειῇῌοο
886 5395 1099 5467 nomine
1131 5393 1474 5452 Adalbertum
1514 5396 1760 5467 appellat.

199 5459 335 5517 Vide
346 5458 645 5535 epistolam
672 5463 740 5535 8_9
762 5462 927 5535 (nunc
948 5463 1093 5535 50l).

270 5538 294 5569 ε
334 5528 622 5597 Epistolam
662 5528 1113 5604 dgConfession's.
1140 5531 1309 5600 Quam
1348 5528 1485 5587 infra
1524 5532 1767 5591 dabimus

197 5598 340 5658 inter
367 5613 530 5658 onera
559 5599 803 5655 moralia.

266 5669 293 5711 ⁸
315 5666 585 5741 gulam...
615 5668 680 5723 de
708 5668 1138 5741 Fijeeatltolica.
1167 5671 1375 5733 Libros.
1399 5677 1549 5741 puto,
1572 5670 1766 5725 intelli-

234 5736 515 5813 ᾕρεε-πίας
535 5745 731 5813 sancta!
755 5737 1057 5813 Trinitatis,
1079 5749 1207 5805 etc.,
1230 5736 1537 5813 inscriptos,
1546 5746 1610 5813 et
1628 5754 1767 5813 anno

234 5808 304 5861 οε
342 5808 538 5864 Carolo
576 5808 880 5879 imperatori
916 5809 1149 5879 praefixa,
1171 5808 1410 5880 epistola'
1439 5808 1765 5865 dedieatoria

1852 641 2094 695 stolicam
2144 641 2475 709 irrepserunt
2511 640 2713 704 sedem,
2749 654 2813 695 ex
2853 653 2956 710 qua
2993 639 3165 709 palma
3203 640 3418 711 pietatis

1853 730 2097 785 dactilico
2120 729 2315 785 ﬂorens
2340 730 2513 786 fructu
2542 744 2787 786 crescere
2820 730 3029 795 debuit;
3062 730 3189 786 inde
3224 747 3419 789 ranoor

1853 819 2064 875 invidia:
2088 821 2342 877 ebuliivit.
2370 820 2585 893 ignosce
2621 822 2836 885 dicenti,
2875 822 2959 878 vel
2990 823 3160 892 magis
3186 823 3415 899 timenti,

1853 930 1949 969 cur
1980 930 2142 985 super
2169 924 2327 984 caput
2354 932 2507 971 suum
2548 915 2744 986 aliquid
2771 918 3011 985 cogitare
3048 917 3258 973 audeat.
3304 918 3418 976 Uti-

1854 1019 1974 1057 nam
1999 1006 2089 1073 qui
2124 1006 2225 1060 hoc
2248 1004 2412 1069 dicat,
2443 1006 2601 1061 fallax
2632 1007 2949 1069 inveniatur,
2977 1016 3037 1061 ut
3071 1009 3325 1065 innocens
3348 1009 3421 1065 sit

1854 1094 1943 1163 qui
1977 1094 2110 1148 alios
2136 1092 2292 1148 debet
2329 1094 2641 1150 innocentes
2680 1093 2856 1150 facere
2888 1110 2987 1165 per
3013 1106 3209 1153 sanctae
3232 1094 3420 1169 pradi-

1854 1183 2081 1237 cationis
2106 1185 2297 1237 verba!
2656 1224 2660 1229 .

1927 1272 2173 1345 [Rogavit
2197 1289 2282 1328 me
2324 1274 2351 1316 δ
2390 1274 2572 1343 Magus
2617 1291 2768 1331 meus
2805 1276 2858 1329 in
2895 1275 3087 1333 litteris
3124 1277 3425 1335 dilectionis

1856 1378 1985 1426 sum,
2025 1365 2137 1418 sive
2179 1372 2355 1419 vestra
2394 1365 2679 1419 mandante
2715 1366 3050 1426 auctoritate,
3087 1366 3169 1420 vel
3211 1368 3423 1437 propria

1856 1452 2144 1520 instigante
2170 1454 2462 1518 voluntate,
2501 1466 2522 1493 ο
2565 1456 2842 1523 epistolam
2869 1458 2934 1511 de
2962 1456 3309 1512 Confessione
3340 1458 3425 1514 vel

1856 1545 2166 1613 pcenitentia
2196 1545 2419 1598 dictare.
2464 1546 2568 1601 Sed
2612 1548 2755 1602 illam
2798 1549 2988 1612 direxi,
3024 1565 3183 1619 quam
3219 1550 3422 1618 pridem

1857 1636 2041 1698 habui,
2084 1635 2207 1691 filiis
2242 1637 2413 1691 sancti
2456 1636 2698 1697 Martini,
2746 1655 2971 1707 quorum
3019 1648 3102 1694 est
3144 1640 3427 1696 multitudo

1859 1743 2077 1795 magna,
2125 1728 2373 1782 dictatam
2412 1736 2572 1797 atque
2606 1728 2994 1796 conscriptam;
3037 1745 3158 1797 qua:
3193 1730 3302 1784 sola
3336 1744 3427 1786 ve-

1859 1817 1987 1871 stris
2015 1832 2225 1885 quoque
2240 1817 2523 1886 juvenibus
2554 1816 2798 1872 sufficere
2833 1832 2991 1887 posse
3027 1818 3277 1871 arbitror.
3312 1818 3427 1873 Uti-

1861 1921 1983 1959 nam
2011 1907 2212 1967 venias,
2262 1907 2304 1959 si
2344 1890 2458 1961 iicri
2507 1908 2703 1975 possit;
2740 1908 2823 1961 siu
2861 1915 3060 1967 autem,
3100 1906 3182 1961 vel
3218 1906 3425 1975 Magum

1862 2003 2097 2060 tempore
2135 2003 2433 2063 opportuno
2464 1993 2665 2071 dirige,
2704 2004 2921 2064 propter
2946 1994 3225 2049 lectionem
3268 1995 3428 2050 unius

1860 2082 2019 2135 libelli
2060 2096 2215 2149 quem
2251 2083 2459 2137 naviter
2486 2084 2674 2152 scripsi
2711 2084 2737 2123 ἀ
2774 2086 2840 2138 de
2881 2084 3140 2139 catholica
3188 2082 3339 2145 Fide,
3371 2094 3429 2139 et

1860 2172 2056 2225 domno
2078 2172 2381 2239 imperatori
2412 2187 2509 2240 per
2534 2174 2674 2227 hunc
2692 2188 2918 2240 puemm
2940 2174 3129 2228 direxi.
3158 2173 3257 2237 Qui
3282 2173 3428 2228 libel-

1860 2258 1950 2313 lus
1971 2258 2271 2313 nullatenus
2293 2268 2499 2315 vestras
2522 2260 2738 2330 eii'ugiat
2760 2276 2970 2322 manus,
2996 2262 3089 2315 sed
3108 2262 3429 2315 omnimodis

1862 2350 2170 2436 scribatur,’
2192 2359 2253 2403 ut
2290 2352 2560 2415 habeatis;
2607 2352 2729 2419 quia
2772 2353 3105 2407 necessarius
3149 2361 3231 2407 est
3274 2352 3427 2407 valde

1863 2438 2021 2493 iidem
2048 2438 2349 2494 volentibus
2374 2440 2511 2494 scire
2538 2440 2875 2503 catholicam,
2906 2441 2959 2493 in
2985 2455 3089 2509 qua
3114 2454 3318 2495 summa
3348 2455 3428 2496 sa-

1862 2529 1991 2584 lutis
2016 2538 2213 2585 nostra:
2239 2528 2529 2601 consistit.]
2557 2530 2873 2585 Benedictus
2899 2530 3039 2585 Deus
3074 2527 3353 2585 benedieat
3376 2537 3430 2583 ts

1862 2628 2091 2689 tuosque
2127 2630 2303 2676 tecum
2346 2628 2543 2677 :eterna
2589 2620 2987 2683 benedictione,
3024 2619 3237 2675 domine
3270 2618 3429 2673 Pater

1864 2712 2211 2775 dilectissime
2228 2714 2241 2765 ε

2344 2818 2371 2846 ⁸
2409 2804 2738 2860 ΕΡιδτοιΑ
2775 2802 2946 2859 CLIII.

2223 2910 2290 2949 ιι)
2328 2910 2570 2949 ᾹΒΧΟΝΕΙ
2606 2907 3048 2948 Ακειιῑερικορυιι
3058 2929 3073 2947 ς

2471 2981 2645 3051 (Anno
2671 2980 2820 3051 803.)

1870 3073 2140 3143 Signiﬁcat
2178 3090 2233 3127 se
2272 3073 2528 3143 accepisse
2557 3070 2754 3124 litteras
2770 3069 3069 3143 Δ«ᾖξαν-ἕρειεὲιῄ
3088 3086 3178 3138 per
3205 3070 3431 3143 Adulter:-

1936 3136 2058 3197 nunt
2094 3136 2687 3207 episcopum—venientem
2715 3138 2783 3192 ad
2818 3136 2877 3194 S.
2913 3136 3217 3192 Martinam.
3259 3136 3429 3207 Odnl-

1786 3203 1833 3266 C
1933 3212 2045 3281 {um
2083 3203 2146 3264 de
2184 3209 2423 3281 facienda
2459 3210 2703 3276 justitia;
2742 3207 3035 3281 capellanos
3056 3208 3135 3281 _d_e
3180 3206 3433 3281 laudabili

1936 3273 2340 3341 conversatione,
2378 3273 2566 3347 fratres
2606 3273 2907 3332 monasterii
2944 3275 3001 3331 S.
3054 3273 3329 3332 Rbodberti
3369 3276 3432 3329 de

1935 3351 2137 3402 sincera
2161 3349 2434 3410 charitate,
2463 3356 2589 3407 etc.,
2623 3347 2890 3401 admoneri
2918 3355 3080 3415 optat.

1936 3459 2287 3515 Sanctissimo
2319 3456 2466 3512 Patri
2517 3455 2768 3527 [Aquilte]
2804 3455 3293 3525 archipontiilcatns
3329 3457 3429 3512 ho-

1864 3566 1996 3607 nore
2025 3551 2331 3613 sublimato,
2367 3549 2585 3606 humilis
2620 3547 2804 3619 [levita
2832 3545 3075 3603 Albinusl
3101 3554 3315 3603 ctera:
3339 3562 3432 3618 pa-

1865 3640 1944 3695 cis
1968 3648 2023 3693 et
2046 3640 2416 3707 prosperitatis
2442 3638 2689 3693 salutem.
2980 3658 2983 3661 λ
3017 3708 3021 3713 ἢ

1937 3730 2193 3784 Veniente
2212 3729 2519 3783 dulcissimo
2554 3728 2719 3783 fratre
2754 3729 2804 3800 [ί
2836 3729 3138 3783 Adaluuino
3160 3729 3431 3799 episcopo]

1864 3818 2123 3875 orationis
2155 3818 2325 3886 gratia
2355 3815 2444 3887 [ad
2477 3823 2720 3872 sanctum
2755 3816 3080 3887 Martinam],
3114 3817 3263 3872 suavi
3295 3819 3428 3871 sima

1864 3917 2058 3965 vestras
2082 3907 2415 3963 salutationis
2447 3906 2723 3977 proferens
2754 3907 2911 3963 nobis
2940 3908 3121 3972 verba,
3148 3915 3200 3963 et
3237 3916 3433 3978 optatze

1863 3998 2233 4069 prosperitatis
2268 3998 2503 4068 vigorem
2542 3997 2892 4061 annuntians,
2930 3996 3110 4057 valde,
3148 4004 3205 4051 ut
3237 3995 3429 4061 fateor,

1865 4088 2027 4142 lmtati
2056 4102 2241 4141 sumus
2277 4086 2330 4141 in
2367 4085 2483 4153 ejus
2520 4087 2746 4140 adventu
2778 4100 2793 4138 :
2826 4093 2881 4140 et
2918 4093 2978 4140 ut
3006 4093 3182 4143 vestra
3216 4086 3432 4143 deman-

1866 4178 2012 4234 davit
2044 4176 2277 4237 dilectio,
2318 4176 2524 4245 privata
2562 4184 2741 4230 mente
2772 4176 3101 4246 suscepimus
3135 4190 3279 4237 eum.
3318 4175 3433 4230 dul-

1865 4270 2200 4335 cissimaeque
2247 4267 2623 4323 familiaritatis
2670 4266 2903 4334 alloquio
2952 4268 3033 4321 usi
3082 4281 3284 4321 sumus.
3339 4266 3435 4322 Est

1864 4360 2027 4425 enim,
2058 4366 2115 4413 ut
2138 4359 2325 4427 agnovi
2354 4359 2406 4413 in
2436 4373 2520 4420 eo,
2548 4359 2629 4413 vir
2662 4357 2815 4412 valde
2843 4356 3037 4420 fidelis,
3075 4364 3130 4412 et
3166 4357 3219 4412 in
3250 4366 3433 4413 sancta

1866 4450 2088 4505 devotus
2122 4448 2375 4518 religione
2417 4446 2608 4520 [Μαι.
2637 4446 2958 4519 devotione].
2988 4446 3194 4501 Vestris
3220 4460 3433 4515 quoque

1787 4545 1839 4605 ι)
1864 4541 2102 4608 syllabis,
2128 4554 2246 4606 qua:
2283 4538 2477 4598 attulit,
2508 4537 2819 4605 perspectis,
2850 4536 3152 4590 invenimus
3180 4550 3272 4589 as
3307 4534 3434 4589 cha-

1860 4628 2035 4681 ritatis
2062 4642 2235 4696 penna
2262 4626 2603 4694 perscriptas,
2630 4625 2782 4693 cultis
2807 4625 2968 4677 etiam
2998 4624 3275 4678 charitatis
3301 4623 3435 4679 mel-

1859 4717 2001 4770 liilua
2044 4715 2320 4770 dulcedine
2356 4712 2541 4769 refecti
2583 4728 2768 4767 sumus
2806 4727 3016 4783 semper
3044 4728 3073 4765 a
3102 4712 3251 4767 vobis
3293 4720 3349 4767 et
3377 4713 3429 4768 in

1860 4804 2041 4868 vobis,
2088 4818 2206 4871 qua:
2255 4818 2353 4861 nos
2400 4803 2605 4859 duabus
2642 4802 2938 4857 dilectionis
2982 4801 3082 4856 aiis
3129 4804 3195 4856 ad
3236 4802 3431 4858 coelum

1861 4908 2053 4966 usque,
2087 4893 2200 4948 Deo
2237 4895 2545 4957 miserante,
2583 4900 2800 4965 portare
2838 4893 3050 4963 poterit.
3092 4891 3159 4948 Et
3192 4892 3306 4947 hac
3345 4900 3431 4945 est

1859 4985 2061 5053 optima
2090 4999 2237 5055 pars,
2267 4999 2427 5055 quam
2458 4983 2617 5054 elegit
2651 4982 2808 5038 beata
2837 4981 3004 5037 Maria
3035 4980 3099 5035 ad
3137 4979 3301 5051 pedes
3338 4991 3425 5033 sc-

1863 5134 2086 5205 oblatos.
2113 5134 2245 5205 Vide
2268 5148 2430 5205 supra
2456 5132 2733 5205 epistolam
2764 5131 2863 5205 iiO
2886 5132 3047 5205 (nunc
3081 5129 3222 5205 iiii),
3254 5137 3345 5182 not
3374 5139 3421 5179 ε.

1938 5216 1961 5243 ο
1986 5203 2123 5257 Edit.
2149 5201 2350 5272 Mahill.‘
2368 5202 2457 5272 24,
2487 5201 2629 5272 nunc
2650 5201 2940 5272 integritati
2963 5215 3071 5256 sua:
3086 5201 3330 5265 restituta
3356 5212 3423 5251 ex

1865 5273 1982 5352 cod.
2014 5286 2130 5352 ms._
2150 5270 2341 5352 Salisb.
2366 5270 2723 5352 datajidetur
2746 5270 3054 5352 pauloante
3091 5274 3425 5352 sequentem,

1864 5339 2017 5407 cujus
2042 5349 2223 5395 notam
2246 5338 2271 5375 δ
2300 5338 2401 5392 col.
2426 5338 2531 5391 sos
2553 5332 2761 5393 videas:
2786 5338 3037 5405 (Froben.
3086 5332 3239 5405 epist.
3274 5332 3424 5399 113.)

1941 5409 1961 5448 ί
1989 5407 2285 5463 Adaluuino
2313 5408 2567 5476 episcopo.
2597 5408 2999 5466 Ratisbonensi,
3034 5406 3123 5476 qui
3153 5404 3278 5459 huic
3307 5404 3425 5459 sedi

1866 5476 2077 5549 prmfuit
2104 5478 2171 5530 ab
2196 5474 2661 5549 anno793jisque
2691 5477 2756 5549 a_d
2783 5490 2981 5549 annum
3008 5474 3109 5549 8i7_
3136 5482 3195 5527 ut

1868 5540 1955 5601 'tur
1981 5546 2180 5599 charta:
2198 5554 2408 5599 veteres
2434 5540 2677 5601 biblioth.
2706 5540 2763 5597 S.
2790 5541 3111 5599 Emmerami
3133 5580 3149 5604 .
3175 5541 3263 5595 ubi

1867 5624 1992 5681 tur;
2022 5610 2316 5681 ρςρξςιι
2346 5612 2616 5681 Sinpsrtns
2641 5612 2785 5681 obiit.
2822 5611 3121 5681 Adalminus
3154 5610 3421 5666 successit.

1874 5679 2097 5739 DCCCX
2114 5679 2217 5735 VII
2249 5679 2545 5735 Adulterium
2576 5682 2733 5746 obiit,
2763 5680 3043 5735 Baturlcus
3079 5686 3417 5735 successerat.

1871 5753 1990 5808 \‘id.
2014 5753 2174 5816 epist.
2198 5763 2318 5818 seq.
