4400 6428
771 423 881 503 to:

1617 442 1676 495 Β.
1717 440 1777 494 1".
1815 436 2037 492 ALBth
2074 437 2205 492 εει]
2241 436 2515 491 Αιουιδι
2550 426 2829 491 OPERUM
2865 434 3043 490 PARS
3077 436 3121 489 l.

3882 432 3992 491 ιοι

769 558 904 615 dens
922 554 1238 619 Salvatoris,
1265 556 1467 608 intenta
1494 552 1715 607 verbum
1741 546 1931 606 Salutis
1960 549 2146 604 audire
2178 548 2247 602 ab
2271 563 2338 604 eo
2363 553 2414 613 Α
2438 549 2725 605 admoneas
2752 553 2818 605 de
2843 548 3013 605 salute
3036 548 3338 604 animarum
3365 564 3601 612 suarum,
3630 547 3991 604 orationibus-

772 645 924 720 (Luc.
948 660 1005 711 ι,
1026 643 1116 709 39,
1142 642 1253 713 £2).
1282 642 1514 698 Proinde
1532 655 1847 697 maneamus
1866 639 2066 710 iugiter
2086 638 2141 692 in
2162 637 2339 693 chari-

771 745 882 792 tate
908 732 1170 807 perfecta,
1198 730 1350 803 cujus
1372 746 1480 786 una
1516 744 1645 803 pars
1671 730 1737 784 ad
1765 728 1932 783 Deum
1962 726 2131 781 tendit
2156 726 2209 779 in
2237 724 2340 779 llde

768 835 827 882 et
850 827 974 882 vita
1002 826 1314 887 honestate;
1347 821 1517 876 altera
1553 818 1681 875 vero
1705 818 1976 889 proximos
2003 814 2342 885 amplectitur

770 918 823 971 in
851 914 1107 987 patientia
1129 919 1187 968 et
1214 911 1559 981 benignitate.
1584 908 1697 962 Hoc
1717 922 1847 961 vero
1873 905 2226 976 quadruvium
2248 918 2342 957 ve-

768 1015 903 1071 stra,
932 1004 1101 1060 frater
1121 1000 1473 1057 eharissime!
1505 998 1727 1053 intentio
1754 994 1975 1067 paeilice
2002 1000 2209 1065 pergat,
2239 992 2338 1046 do-

748 1092 872 1151 'nec
894 1094 1131 1149 uideatur
1164 1091 1304 1145 Deus
1328 1090 1543 1143 deorum
1569 1090 1623 1142 in
1664 1087 1795 1141 Sion
1824 1083 1995 1157 (Psal.
2019 1099 2247 1148 unm,
2281 1081 2338 1154 8)

768 1199 990 1242 summ
1021 1181 1382 1237 beatitudinis.
1409 1180 1467 1233 In
1497 1179 1583 1233 his
1616 1192 1831 1231 morare
1856 1174 2156 1246 praeceptis,
2182 1172 2341 1227 alios-

769 1292 875 1348 que
907 1274 1121 1329 erudire
1160 1271 1405 1335 studeas;
1446 1278 1509 1323 ut
1541 1268 1700 1325 tidem
1747 1266 1957 1319 discant
1997 1261 2337 1325 catholicam,

769 1377 997 1437 eamque
1024 1364 1204 1419 sobria
1228 1377 1449 1433 operum
1475 1352 1877 1415 conversatione
1911 1354 2217 1419 ostendant,
2240 1353 2338 1424 pa-
2408 1370 2417 1380 ο

748 1459 1069 1525 ‘ticntesque
1100 1463 1263 1524 atque
1296 1452 1520 1507 beneﬁci
1556 1465 1676 1505 esse
1703 1446 2029 1503 contendant
2052 1442 2129 1517 [in
2167 1444 2342 1500 socias

771 1545 930 1615 hujus
956 1545 1159 1600 laboris
1187 1544 1415 1600 animus.
1578 1546 1593 1557 ’
1656 1608 1659 1609 ν
1942 1550 1946 1554 ’

840 1635 952 1690 Nec
978 1632 1179 1703 aliquid
1206 1631 1332 1685 novi
1367 1630 1433 1684 de
1460 1627 1659 1698 palatio
1688 1632 1881 1682 vesme
1916 1623 2213 1679 sinceritati
2250 1622 2342 1678 de-

770 1710 1028 1782 mandate
1050 1721 1379 1796 habuimus].
1410 1722 1616 1778 Vestra:
1642 1734 1773 1775 vero
1808 1717 2107 1773 devotionis
2148 1716 2341 1772 sancti-

742 1822 853 1871 ‘tas
894 1813 1174 1887 [prtedicet
1199 1823 1227 1853 ι
1256 1810 1451 1868 Odulfo
1493 1817 1678 1864 nostro
1726 1806 1856 1860 olim
1899 1805 2074 1860 amico
2114 1804 2339 1859 verbum

766 1886 1128 1974 viueszeplus,
1156 1909 1217 1956 ut
1240 1902 1312 1957 sit
1335 1899 1513 1969 justus
1533 1900 1588 1954 in
1605 1897 1839 1967 iudieiis,
1869 1904 1926 1951 et
1950 1892 2255 1950 misericOrs
2285 1896 2339 1949 in
2373 1886 2417 1947 Β

766 1990 1047 2069 pauperes,
1064 1993 1220 2067 165
1240 1994 1363 2064 quia
1382 1994 1641 2063 scriptum
1654 1985 1905 2061 legimusi
1922 1974 2341 2043 Misericordiae!

764 2089 953 2144 ueritas
980 2087 1279 2142 custodiunt
1315 2086 1596 2155 principem
1624 2083 1805 2155 (Prov.
1837 2098 1909 2136 xx
1926 2122 1942 2145 ,
1972 2080 2086 2152 28),
2114 2089 2172 2136 et
2196 2080 2343 2135 exal-

742 2182 888 2234 ‘tant
932 2174 1271 2230 ambulantes
1316 2174 1369 2227 in
1414 2174 1515 2227 eis.
1556 2171 1892 2227 Recordetur
1919 2184 2151 2241 semper,
2180 2183 2339 2239 quem

744 2276 745 2279 ‘
766 2269 899 2326 velit
922 2269 1125 2323 habere
1147 2267 1201 2321 in
1221 2265 1473 2337 periculis
1491 2263 1850 2327 defensorem,
1875 2275 2107 2332 eumque
2125 2260 2335 2331 diligat;

765 2356 842 2416 et'
861 2374 1059 2430 opere,
1087 2368 1348 2429 quantum
1376 2357 1583 2421 valeat,
1624 2356 1769 2410 illius
1806 2354 2024 2425 impleat
2048 2359 2337 2423 praecepta.

914 2466 973 2507 se
1002 2450 1299 2506 inconsulte
1338 2449 1516 2503 tradat
1558 2447 1847 2518 periculis,
1878 2445 2145 2516 quomodo
2164 2444 2194 2486 ι’
2221 2445 2339 2514 qui-

740 2538 893 2596 dam
918 2540 1002 2595 sui
1022 2544 1393 2594 antecessores
1411 2536 1668 2600 fecerunt,
1691 2546 1747 2592 et
1765 2537 1886 2591 ideo
1905 2535 2147 2606 improha
2169 2542 2341 2590 morte

755 2628 1060 2701 perierunt.
1091 2627 1177 2684 Sit
1201 2626 1273 2681 illi
1297 2627 1544 2683 Christus
1572 2627 1624 2681 in
1653 2626 1835 2693 corde,
1856 2635 1914 2680 et
1932 2630 2199 2697 praeepta
2225 2623 2343 2691 eius

766 2720 822 2774 in
849 2734 945 2774 ore
967 2728 1023 2773 et
1047 2732 1227 2788 opere.
1262 2727 1324 2771 ut
1348 2718 1489 2770 vivat
1516 2716 1743 2771 feliciter
1766 2716 1820 2769 in
1840 2716 1941 2770 ho‘c
1966 2714 2182 2776 mulo,
2211 2722 2268 2768 et
2286 2714 2339 2767 in

767 2809 947 2863 futuro
978 2809 1192 2864 beatam
1225 2807 1468 2862 obtineat
1499 2805 1746 2877 gloriam.
1774 2805 1997 2859 Vestros
2024 2818 2151 2859 vero
2181 2802 2341 2857 disci—

729 2928 735 2934 -
766 2898 920 2970 pulos
938 2908 991 2954 et
1014 2897 1317 2969 capellanos
1342 2911 1485 2961 meo,
1506 2911 1717 2967 precor,
1737 2894 1913 2950 ofﬁcio
1932 2893 2127 2959 saluta,
2151 2893 2339 2948 admo-

767 2996 902 3044 nens
927 3002 1021 3042 eos
1048 2988 1273 3041 honeste
1300 2985 1481 3040 vivere
1504 2998 1689 3038 coram
1713 2984 2019 3038 hominibus
2034 3023 2050 3047 ,
2076 2991 2135 3036 ut
2160 2989 2341 3038 vestra

766 3084 835 3136 es
868 3092 1055 3134 eorum
1089 3076 1495 3133 conversatione
1536 3074 1783 3130 laudetur
1822 3073 2071 3144 dignitas.
2122 3072 2342 3128 Fratres

767 3170 984 3241 quoque
1009 3166 1183 3222 sancti
1204 3165 1501 3221 Rhodberti
1528 3162 1856 3219 confessoris
1882 3161 2083 3217 Christi
2121 3162 2340 3217 hortare

768 3221 987 3328 Qui...
1014 3221 1081 3310 ut
1101 3256 1155 3309 lu
1181 3255 1393 3309 sincera
1420 3254 1690 3309 charitate
1714 3258 1768 3306 et
1788 3252 1978 3307 devota
2002 3250 2259 3322 religione
2284 3252 2339 3306 et
2363 3221 2410 3283 ο

654 3384 657 3385 ν
770 3355 969 3404 sancta:
987 3345 1304 3401 humilitatis
1323 3344 1628 3399 obedientla
1648 3343 1760 3399 Deo
1784 3342 2015 3399 ﬁdeliter
2034 3342 2342 3398 deserviant

771 3436 1118 3508 respicientes
1159 3436 1215 3490 in
1260 3443 1535 3504 perpetua:
1572 3433 1921 3489 beatitudinis
1957 3433 2343 3487 remuneratio-

770 3544 915 3585 nem.
958 3524 1191 3582 Ililitant
1231 3524 1397 3598 [Cod.-
1424 3524 1567 3590 Suis,
1595 3522 1846 3594 militent]
1875 3525 2019 3580 enim
2059 3524 2113 3579 in
2148 3524 2343 3579 Castris

769 3618 1022 3675 Ecclesia:
1050 3614 1307 3688 [Christi].
1340 3614 1617 3681 militiam,
1656 3622 1924 3684 quatenus
1950 3614 2005 3668 in
2035 3613 2343 3669 cmlestibus

770 3708 895 3763 eum
924 3721 992 3767 eo
1017 3705 1236 3760 sedibus
1259 3704 1585 3773 sempiterna
1603 3700 1858 3762 felicitate
1881 3702 2153 3774 gaudeant
2171 3717 2190 3756 ξ
2211 3703 2345 3758 mei-

771 3812 877 3870 qne
904 3805 965 3852 ut
991 3811 1260 3852 memores
1284 3796 1415 3862 sint,
1436 3812 1541 3852 non
1562 3796 1735 3853 solum
1762 3811 1857 3852 eos
1879 3800 2008 3866 opto
2029 3794 2339 3858 admoneas.

773 3887 874 3944 sed
898 3901 1089 3942 omnes
1114 3886 1351 3956 regionis
1375 3895 1567 3943 vestra:
1590 3886 1821 3943 famulos
1852 3883 2187 3964 famulasque
2216 3882 2310 3942 Dei
2326 3928 2341 3952 ,

771 3984 1001 4048 quorum
1029 3982 1084 4029 et
1116 3978 1349 4044 quarum
1378 3972 1692 4044 multiplicet
1717 3973 1975 4029 Dominus
1996 3974 2137 4028 Deus
2160 3978 2346 4028 nume;

772 4076 931 4131 mut;
959 4072 1018 4119 et
1040 4063 1257 4118 nomina
1277 4061 1469 4130 iubeat
1492 4063 1756 4133 perscribi
1799 4063 1853 4118 in
1896 4062 2107 4118 ctelesti
2148 4063 2344 4119 biblio-

769 4157 949 4211 theca.
983 4148 1175 4208 Divina
1204 4149 1303 4208 vos
1327 4153 1502 4224 gratia
1524 4160 1878 4223 prosequatur
1916 4168 2106 4209 omnes
2126 4194 2144 4219 ,
2190 4163 2247 4211 et
2276 4155 2345 4211 ad

770 4246 997 4315 gloriam
1029 4249 1305 4316 perpetua
1327 4244 1672 4299 beatitudinis
1702 4245 1987 4315 pervenire
2020 4261 2118 4301 vos
2153 4245 2342 4312 faciat,

1026 4330 1400 4389 deleétissimi!
1443 4331 1819 4405 [Scripsissetn
1844 4333 1911 4388 ad
1949 4334 2189 4405 singulas
2218 4351 2344 4406 per-

772 4430 936 4512 sonas
958 4429 1119 4495 supra
1142 4424 1446 4480 nominatas
1469 4422 1863 4498 exhortationis
1880 4422 2108 4489 litteras,
2138 4425 2348 4481 nisime

772 4517 1045 4597 festinatio
1098 4514 1412 4586 prohiberet
1473 4512 1633 4584 hujus
1695 4515 1987 4571 venerandi
2045 4517 2343 4587 portitoris.

773 4610 966 4685 Vestra
1001 4622 1134 4663 rem
1171 4606 1385 4663 bonitas
1406 4605 1520 4672 ﬁat,
1549 4606 1804 4671 obsecro,
1829 4606 2016 4664 vivens
2035 4609 2259 4680 epistola
2288 4618 2344 4665 et

775 4694 885 4753 Deo
911 4695 1209 4767 placabilis,
1236 4705 1299 4752 ut
1334 4704 1520 4751 nostro
1561 4696 1781 4752 nomine
1823 4696 2062 4768 singulos
2104 4703 2346 4769 quosque

783 4896 789 4901 .
848 4862 876 4890 ι
907 4846 1125 4923 Odnlfo.
1151 4845 1286 4921 Cum
1312 4845 1417 4904 hoc
1440 4862 1637 4903 nomen
1678 4849 1893 4903 abesset
1920 4849 1975 4903 in
2007 4845 2129 4906 eod.
2152 4868 2255 4907 ms.
2281 4851 2340 4908 8.

777 4912 1491 4998 Emitterami_,_llabillonius
1505 4917 1623 4998 h1e_e
1644 4917 1713 4998 de
1734 4916 1960 4998 (ἔργοιάο
1978 4918 2344 4998 Bajoariorum

753 4986 1069 5059 -prcfed9:
1101 4985 1387 5059 Bansisins
1405 5001 1543 5059 _vero
1570 4987 1637 5043 de
1668 4986 1949 5059 Gaurano
1976 4985 2153 5058 primo
2178 4990 2345 5059 conli-

777 5054 853 5126 iiii
880 5057 1077 5113 comite
1118 5054 1458 5127 intelligenda
1492 5066 1836 5127 censuerunt;
1876 5054 2217 5127 Sed:certum
2256 5058 2348 5115 no-

781 5121 903 5208 men
923 5141 1068 5180 nunc
1092 5119 1336 5208 tenemus
1361 5139 1430 5208 ex
1599 5142 1701 5203 ms.
1957 5119 2184 5208 (Metius
2199 5129 2348 5208 inter

780 5195 973 5276 missos
1196 5210 1332 5276 .cum
1352 5193 1571 5252 Arnone
1593 5194 1869 5267 comparet
1894 5193 1948 5250 in
1969 5193 2126 5278 instr}
2158 5198 2273 5281 118.
2292 5202 2349 5254 et

781 5264 885 5321 128
906 5262 1043 5318 Hist.
1120 5278 1331 5331 rising.,
1356 5272 1486 5319 tom.
1516 5262 1560 5331 1,
1583 5260 1725 5331 pari.
1749 5282 1817 5322 ll.‘
1836 5259 1914 5321 De
1946 5280 2014 5321 eo
2038 5274 2201 5322 etiam
2226 5267 2345 5327 vide

780 5331 1075 5415 petauro
1090 5322 1420 5415 εηιιξιιῖβίξει
1439 5322 1569 5415 m1
1584 5322 1807 5415 1919!}:
1831 5332 2057 5415 Βέιμιμμίί.
2078 5322 2342 5415 passis;

782 5396 924 5466 ιμ’-ι,
946 5410 1079 5467 etc.,
1111 5399 1428 5473 Patrologic
1454 5411 1599 5473 tome
1622 5396 1825 5461 χρη.
1852 5404 1999 5462 Obiit
2021 5396 2180 5463 άιίικῖ
2203 5396 2343 5473 sto;

783 5479 844 5538 ut
865 5479 1131 5529 testantur
1148 5470 1346 5528 Βηνώ
1366 5470 1601 5528 Annales
1626 5473 1835 5530 Ratish.
1873 5491 1907 5531 a
1936 5476 2242 5533 labillonio
2275 5470 2344 5533 ei

784 5540 906 5621 eod.
918 5539 1115 5621 res
1142 5541 1465 5621 anmals
1493 5542 1643 5606 editi,
1658 5543 1939 5621 "Analect;
1952 5545 2225 5621 νείκεσε.

788 5670 812 5686 ..
839 5608 887 5677 .δ
1164 5610 1785 5691 imm-113°
1806 5612 1877 5691 ἀς
1894 5606 2207 5691 βὲιτῖιάο.οι

760 5681 2348 5826 ne

787 5828 917 5882 gare
936 5817 1110 5899 potuit
1147 5817 1405 5874 Alcuan
1435 5818 1502 5876 de
1525 5817 1754 5876 Calidae
1783 5830 1840 5878 et
1875 5817 2189 5878 Gotke'ranto
2208 5863 2223 5888 ,
2251 5823 2345 5894 qui

2440 640 2705 801 quejmeis
2724 681 2737 703 ,
2767 653 2904 709 quos
2934 637 3182 694 Christus
3217 638 3413 710 ubique
3451 652 3770 695 conservare
3810 637 3999 710 digne—

2442 737 2546 783 tur.

2442 737 2546 783 tur.

2913 849 2935 877 ε
2976 818 3309 920 spissum
3342 836 3517 894 cuv.

2787 944 2855 982 AD
2887 941 3136 983 AMONBI
3174 942 3645 984 Διειιιενιεοονυι;

2752 1017 2929 1089 (Anno
2950 1017 3085 1084 803,
3117 1017 3204 1073 die
3231 1016 3409 1074 Ctenze
3432 1014 3687 1090 Domini.)

2441 1125 2755 1199 Consulatu
2778 1129 3027 1199 amictum
3059 1137 3266 1199 propter
3303 1127 3577 1199 suculam
3618 1130 4002 1199 occnpgtiones.

2510 1196 2734 1267 Litteras
2774 1196 2867 1267 per
2890 1196 3217 1267 Adaltninstm
3253 1198 3545 1267 episcopum
3578 1196 3754 1251 mittit;
3781 1196 3889 1252 Pro
3914 1214 4007 1253 ca-

2511 1265 2632 1321 sula
2658 1265 2863 1337 gratam
2887 1266 3102 1337 spondet
3124 1265 3444 1320 memoriam.

2508 1373 2737 1435 Domino
2764 1371 3192 1443 desiderabiliter
3210 1371 3508 1427 honorabili
3541 1379 3598 1427 et
3623 1370 4009 1441 honorabiliter

2441 1464 2782 1520 desiderabili
2820 1461 3071 1535 [Aquilae]
3098 1461 3496 1532 archiepiscopo
3511 1501 3528 1527 ,
3554 1460 3772 1517 humilis
3795 1458 4007 1515 [Levita

2441 1553 2687 1626 Albinus]
2714 1552 2959 1609 salutem.
3834 1618 3837 1621 _

2510 1643 2760 1713 Acceptis
2802 1652 2993 1697 vestrae
3034 1642 3316 1697 charitatis
3348 1641 3657 1696 muneribus
3695 1640 3841 1695 omni
3870 1653 4009 1695 auro

2443 1733 2865 1798 amabilioribus,
2890 1742 2946 1787 et
2968 1730 3207 1801 apicibus
3233 1730 3379 1786 omni
3418 1729 3539 1785 favo
3562 1728 3917 1792 dulcioribus,
3948 1729 4007 1805 in

2443 1825 2639 1895 quibus
2665 1823 2861 1879 lectum
2882 1831 3001 1878 erat
3028 1823 3094 1878 de
3117 1822 3363 1892 angustia
3399 1821 3597 1875 mentis
3632 1828 3825 1875 vestra:
3847 1818 3873 1859 ιι
3904 1833 4007 1889 pro

2442 1917 2661 1972 servitio
2682 1916 2927 1971 saeculari
2953 1914 3211 1968 adversus
3238 1912 3539 1967 sanctitatis
3563 1919 3754 1987 vestrm
3775 1911 4009 1986 dignitao

2441 2015 2571 2071 tem,
2603 2005 2675 2059 ita
2702 2013 2763 2060 ut
2790 1994 2896 2060 non
2925 1998 3087 2058 liceat
3112 1994 3421 2058 melioribus
3449 1994 3649 2058 instare
3668 1990 3877 2068 (illiciis,
3907 2001 4010 2057 nec

2439 2095 2738 2150 animarum
2765 2094 2942 2165 gregis
2965 2093 3128 2149 lucris
3149 2093 3424 2149 inservire.
3448 2093 3636 2149 Vestra
3660 2092 3889 2163 cogitet,
3909 2093 4007 2147 oh-

2440 2200 2615 2249 seero,
2642 2184 2943 2249 beatitudo,
2972 2184 3094 2254 quis
3113 2198 3347 2253 unquam
3377 2191 3684 2257 sanctorum
3705 2182 3807 2236 hoc
3830 2195 3998 2255 sufen-

2442 2275 2551 2330 lum
2579 2273 2696 2331 sine
2721 2274 3016 2333 tentatione
3042 2272 3378 2340 transigeret.
3410 2270 3568 2325 Solus
3586 2310 3602 2335 ,
3635 2275 3696 2323 ut
3714 2269 3790 2323 ait
3818 2268 4007 2324 beatus

2440 2365 2797 2435 Hieronymus
2820 2364 2874 2419 in
2892 2365 3124 2433 quadam
3153 2362 3311 2434 166
3328 2359 3573 2432 epistola,
3596 2358 3846 2414 Salomon
3865 2371 4007 2413 sem-

2438 2470 2536 2525 per
2562 2455 2619 2509 in
2646 2454 2870 2518 deliciis,
2902 2460 2958 2508 et
2982 2452 3103 2507 ideo
3137 2450 3271 2507 forte
3294 2450 3555 2522 peccavit.
3576 2449 3879 2504 Exhortans
3909 2462 4007 2502 nos

2439 2546 2506 2600 ad
2532 2545 2843 2615 patientiam
2863 2544 3055 2599 beatus
3078 2542 3350 2613 apostolus
3377 2541 3489 2597 ait:
3516 2539 3883 2611 Suﬁerentiam
3905 2539 4006 2594 Job

2440 2637 2680 2703 audistis,
2710 2646 2759 2691 et
2781 2636 2939 2706 ﬁnem
2964 2635 3176 2689 Domini
3198 2635 3395 2689 uidistis
3419 2633 3559 2706 (Jac.
3581 2648 3637 2698 v,
3668 2632 3777 2704 ll).
3806 2631 3871 2685 Et
3892 2631 4007 2701 ipsc

2440 2720 2697 2803 Dominus
2722 2727 2774 2780 in
2801 2725 3091 2796 Evangelio
3112 2724 3285 2795 inquit
3307 2741 3321 2778 :
3346 2722 3415 2778 In
3436 2723 3686 2794 patientia
3705 2730 3871 2775 uestra
3890 2727 4006 2791 ροεέ

2438 2816 2670 2871 sidebitis
2704 2816 2908 2871 animos
2946 2824 3140 2869 vestras
3175 2812 3325 2886 (Luc.
3349 2828 3472 2875 ut,
3504 2810 3611 2882 l9).
3646 2808 4007 2863 Recummus

2440 2908 2509 2963 ad
2532 2902 2806 2963 Christum
2838 2913 2951 2960 tota
2990 2885 3315 2967 intentione;
3345 2901 3574 2956 assiduis
3600 2900 3878 2969 precibus,
3912 2885 4004 2966 qui

2440 3003 2525 3053 eSt
2536 2998 2754 3053 unicum
2770 2997 2836 3051 de
2846 2996 2993 3050 omni
3020 2989 3361 3049 tribulatione
3385 2990 3668 3064 refugium:
3692 2990 3840 3046 Sient
3857 2988 4007 3044 Psal-

2440 3087 2600 3141 mista
2621 3085 2895 3157 praecipit:
2921 3084 3078 3139 laeta
3100 3084 3154 3138 in
3182 3082 3459 3137 Dominum
3478 3081 3634 3153 [ϐοᾶς
3659 3080 3792 3143 Sals,
3814 3074 4004 3157 Deam]

2440 3195 2620 3233 curam
2660 3188 2829 3243 tum,
2868 3186 2916 3231 et
2944 3178 3054 3247 ipse
3088 3185 3138 3230 te
3170 3176 3392 3229 enntriet
3419 3171 3590 3243 (Psal.
3620 3187 3730 3236 Ltv,
3760 3170 3873 3242 23).
3918 3168 4007 3222 Di-

2439 3281 2626 3327 camus
2661 3267 2772 3324 Deo
2811 3282 2935 3322 cum
2961 3264 3231 3335 PrOpheta
3257 3282 3269 3315 :
3300 3263 3429 3317 Esto
3467 3263 3595 3316 mihi
3618 3264 3675 3317 in
3697 3261 3863 3316 Deum
3889 3276 4009 3330 pre-

2439 3366 2681 3412 tectorem
2704 3366 2753 3412 et
2777 3357 2832 3411 in
2858 3355 3029 3409 locum
3054 3354 3341 3419 munitum,
3382 3362 3439 3406 ut
3478 3352 3677 3407 salsum
3716 3368 3797 3405 me
3840 3350 4007 3419 facias

2440 3448 2611 3523 (Psaf.
2649 3448 2780 3513 in,
2805 3445 2882 3519 3).
2924 3446 3067 3501 Deus
3092 3452 3200 3511 est,
3239 3444 3293 3499 in
3322 3441 3474 3512 cujus
3507 3457 3669 3497 manu
3705 3456 3799 3496 cor
3834 3440 4004 3510 regis.-

2425 3541 2496 3595 'et
2516 3552 2833 3609 quocunque
2859 3524 3106 3601 voluerit;
3133 3541 3305 3589 vertet
3328 3532 3477 3588 illud.
3504 3532 3605 3601 Qui
3625 3545 3895 3602 nunquam
3917 3530 3997 3583 de-

2440 3632 2573 3686 serit
2596 3635 2876 3699 sperantes
2897 3628 2951 3681 in
2977 3642 3058 3690 se,
3086 3626 3179 3696 qui
3208 3622 3285 3679 ait
3304 3640 3432 3680 vera
3454 3623 3804 3695 promissione
3824 3626 3882 3676 et
3901 3618 4005 3673 for-

2442 3722 2651 3777 tissimo
2677 3719 2870 3775 solatio
2904 3737 2919 3772 :
2950 3718 3133 3775 Omnis
3162 3719 3300 3773 enim
3326 3718 3415 3788 qui
3437 3718 3563 3787 petit
3588 3716 3803 3785 accipit,
3841 3722 3888 3767 et
3916 3713 4005 3782 qui

2441 3811 2629 3881 quierit
2663 3809 2857 3864 inuenit
2876 3849 2893 3872 ,
2934 3816 2982 3863 et
3006 3807 3237 3878 pulsanti
3261 3804 3521 3875 aperietur
3547 3801 3759 3873 (lauit.
3788 3817 3895 3867 vn,
3925 3802 4002 3871 8);

2441 3908 2499 3955 et
2521 3907 2715 3955 cmtera
2743 3914 2865 3968 qua:
2908 3898 2963 3951 in
3001 3896 3189 3951 eodem
3218 3895 3336 3949 loco
3362 3884 3625 3963 profunde
3651 3892 3783 3947 satis
3814 3891 3881 3945 de
3913 3905 4003 3960 spe

2426 3986 2768 4058 ‘a'ceipienda:
2794 3982 3251 4060 [F.,-at:eipiendi]
3277 3982 3552 4055 petitionis
3576 3978 3799 4038 ell‘ectus
3826 3980 4002 4051 dispu-

2444 4073 2545 4142 tat,
2572 4080 2626 4131 et
2654 4074 2913 4151 exemplis
2931 4073 3232 4129 conﬁrmat.
3248 4071 3332 4127 Ah
3355 4071 3507 4127 initio
3525 4070 3726 4134 mundi,
3743 4068 3827 4126 vel
3845 4068 4001 4123 etiam

2444 4166 2715 4224 nascentis
2754 4163 3008 4222 Ecclesia:
3051 4178 3266 4233 semper
3307 4163 3418 4217 Deo
3459 4160 3753 4216 servientes
3786 4157 4002 4213 tribula-

2446 4259 2680 4313 tionibus
2705 4255 2910 4327 fatigati
2938 4261 3083 4327 sunt.
3107 4251 3165 4309 Si
3192 4238 3384 4321 legeris
3407 4250 3462 4303 in
3492 4248 3687 4304 divinis
3718 4245 3871 4301 libris
3899 4261 3987 4301 sm-

2445 4346 2549 4401 euli
2572 4334 2844 4408 eventum,
2872 4338 3319 4407 etiam‘hocquod
3348 4337 3487 4402 dico,
3515 4348 3701 4390 verum
3720 4333 3996 4404 probabis;

2444 4435 2530 4492 vel
2539 4433 2779 4491 exterius
2804 4429 3031 4487 famulos
3044 4418 3139 4491 Dei
3159 4435 3400 4499 apertam
3420 4424 3530 4497 pati
3550 4424 3969 4495 persecutionem
3985 4463 3998 4487 ,

2441 4526 2529 4582 vel
2562 4524 2788 4580 interius
2826 4518 2881 4577 in
2920 4518 3055 4590 pace
3098 4518 3352 4595 Ecclesiae
3382 4514 3728 4573 clandestinis
3753 4512 3896 4569 allici
3920 4514 4000 4568 in-

2446 4610 2761 4667 commodis.
2785 4607 2983 4665 Contra
3010 4607 3128 4663 haec
3149 4604 3331 4661 omnia
3352 4602 3465 4658 sola
3487 4601 3627 4655 valet
3643 4601 3697 4654 in
3717 4600 3813 4655 Dei
3840 4600 4001 4655 nomi-

2444 4716 2512 4758 ne
2535 4699 2824 4773 patientia,
2864 4698 2982 4768 ipso
3027 4695 3239 4753 dicente
3282 4690 3539 4756 Domino,
3582 4690 3787 4746 victore
3822 4689 3999 4745 mundl

2444 4856 2672 4912 testibus
2697 4854 2886 4909 iisdem
2925 4850 3222 4906 Annalibus
3268 4846 3475 4904 Ratish.
3504 4862 3627 4903 cum
3664 4845 3848 4901 multis
3882 4844 3999 4900 aliis

2443 4924 2583 4978 anno
2608 4922 2713 4979 802
2729 4920 2985 4981 interfecti
3010 4928 3129 4975 sunt
3152 4919 3222 4973 ad
3247 4916 3513 4974 castellum
3541 4915 3837 4977 Gwionis.

2516 5004 2539 5033 ο
2565 4992 2705 5049 Edit.
2728 4982 2927 5046 Mabill.
2953 4988 3043 5045 25.
3068 4989 3292 5058 Auctior
3310 5000 3451 5058 nunc
3476 4982 3653 5058 prodit
3666 4984 3871 5058 escort.
3896 4997 3992 5058 ms.

2445 5046 2888 5132 sanesane
2914 5060 3127 5132 videtur
3163 5046 3597 5132 post__episi_.'tt6
3612 5060 3672 5132 et
3692 5052 3820 5132 μετ
3836 5051 3893 5132 tn
3917 5052 3995 5108 his

2442 5135 2587 5190 enim
2605 5123 2971 5201 conqueritur,
2995 5128 3128 5183 nihil
3148 5123 3266 5201 suis
3287 5123 3484 5201 litteris
3501 5123 3852 5201 uniersario
3876 5131 3997 5177 tent—

2441 5188 2567 5285 ῥοτε
2588 5188 2795 5285 seu???
2808 5188 3494 5285 Mssmft'ieffijﬁ
3522 5188 3996 5285 t.°!?_'.'_‘f‘i'!:..t°

2802 5259 2937 5356 liii
2946 5265 3041 5356 1"!
3041 5268 3153 5356 ff?!
3150 5259 3991 5356 είξξςξξιέίξιοξςίυκιξοείεε

2443 5329 3995 5479 :mmmmaﬁmmﬂﬁ

2444 5466 2587 5533 nono
2605 5466 2724 5531 Kal.
2749 5474 2913 5543 Junii,
2942 5466 3059 5532 hicn
3079 5466 3212 5531 vero
3233 5471 3405 5543 indie
3421 5470 3601 5543 Creo:
3621 5466 3994 5543 Domini._0uz

2442 5560 2608 5629 causa
2886 5537 3012 5601 huic
3027 5556 3228 5600 annum
3247 5539 3353 5598 803
3370 5538 3707 5614 ascripserim
3724 5537 3991 5611 (Froben.

2445 5616 2913 5762 “’33
2938 5678 3203 5762 αξεερτει
3228 5677 3656 5762 once-nimie!-
3674 5654 3992 5762 ws:

2444 5747 2980 5881 ἷξε
3008 5746 3506 5824 adiecto
3545 5747 3854 5817 Walter
3876 5746 3992 5801 suill-
