4400 6470
198 515 305 572 405

1606 504 1977 570 Ενιετοίηεε

3290 516 3393 569 406

198 629 376 698 hujus,
402 630 470 684 ad
487 629 772 698 discipulos
790 645 932 690 suos,
958 620 1039 685 vel
1064 631 1232 701 magis
1245 631 1311 683 ad
1329 642 1511 682 eorum
1538 641 1748 681 succes-
1774 642 1820 698 Α
1848 628 2143 682 dilectionis
2183 627 2426 682 deferens
2467 620 2698 698 syllabas
2714 666 2730 692 ,
2754 627 2840 682 cui
2873 621 3169 681 chartulam
3197 636 3393 682 nostra:

198 728 347 770 sares
372 732 385 768 :
413 714 479 768 In
502 716 693 769 mando
724 732 1013 786 pressuram
1053 716 1333 777 habebitis;
1363 714 1452 767 sed
1486 713 1746 780 conﬁdite,

195 819 289 874 ego
311 804 407 858 vici
430 806 676 859 mundum
704 805 880 875 (Joan.
908 821 1019 869 xvi,
1047 806 1157 877 53).
1197 804 1455 858 Memores
1493 818 1611 857 esse
1652 804 1745 855 de-

196 893 416 957 bemus,
464 896 591 962 quid
634 896 747 963 ipsa
774 896 979 949 Veritas
1008 894 1357 948 tentatoribus
1391 894 1500 947 suis
1528 907 1745 961 respon-

194 981 272 1038 dit
300 1000 315 1036 :
348 981 565 1037 Reddite
592 984 787 1038 δαῖσαι-ἱ
806 1000 920 1054 quin
944 983 1165 1037 Caesaris
1208 992 1356 1045 sunt,
1396 991 1443 1033 et
1487 981 1594 1033 Deo
1633 996 1747 1048 qua!

192 1068 292 1124 Dei
336 1081 455 1124 sunt
484 1070 696 1141 (Matth.
726 1088 869 1135 uti,
896 1071 1007 1139 2|).
1063 1070 1119 1124 Si
1170 1070 1458 1139 apostolico
1503 1067 1746 1135 exemplo

191 1156 454 1219 vivamus.
478 1167 532 1212 et
562 1170 847 1228 pauperem
882 1173 1101 1228 agamus
1124 1158 1285 1209 vitam
1313 1158 1365 1209 in
1390 1155 1544 1208 terris
1562 1193 1575 1216 ,
1609 1154 1745 1207 sicut

191 1242 268 1305 illi
296 1248 561 1312 fecerunt,
580 1251 757 1305 smculi
783 1251 1055 1303 servitium
1073 1247 1215 1314 juste
1237 1247 1577 1305 abdicamus:
1605 1257 1745 1297 nunc

184 1351 317 1393 vero
336 1339 512 1393 saeculi
536 1340 798 1407 principes
824 1340 1021 1392 habent
1040 1336 1258 1403 justam,
1284 1335 1590 1397 ut‘videtur,
1618 1349 1744 1388 cau—

186 1440 302 1481 sam
328 1427 619 1481 Ecclesiam
656 1427 852 1482 Christi
896 1427 1114 1481 servitio
1135 1440 1231 1479 suo
1258 1425 1576 1497 opprimere.
1608 1424 1741 1475 Dum

185 1514 375 1569 beatus
398 1514 592 1570 Paulus
613 1515 879 1583 apostolus
907 1513 1084 1567 Titum
1114 1512 1361 1565 dilectum
1394 1510 1557 1563 illium
1585 1524 1740 1563 suum

183 1605 253 1658 de
276 1604 501 1673 singulis
541 1603 917 1658 ecclesiasticae
954 1600 1228 1670 dignitatis
1259 1598 1452 1653 ciliciis
1491 1598 1738 1661 instruit,

182 1692 263 1746 ait
301 1692 445 1746 inter
466 1699 656 1746 caetera
684 1708 697 1744 ι
724 1681 955 1744 Admone
982 1689 1099 1742 illos
1126 1688 1311 1760 (quos,
1341 1687 1443 1741 nisi
1484 1685 1741 1741 Christia—
1778 1704 1781 1707 λ

182 1780 341 1850 nos?)
363 1780 681 1851 principibus
719 1788 767 1833 et
793 1780 1125 1849 potestatibus
1151 1776 1379 1830 subditos
1417 1791 1523 1829 esse
1543 1812 1558 1839 ,
1601 1776 1739 1828 dicto

180 1868 387 1922 obedire
411 1884 430 1921 :
459 1868 529 1920 ad
550 1883 698 1920 omne
722 1883 848 1935 opus
873 1867 1060 1919 bonum
1100 1874 1309 1936 paratas
1336 1880 1445 1916 esse
1483 1862 1609 1933 (Tit.
1652 1876 1735 1926 ut,

1847 716 2204 784 responsionis
2221 716 2492 785 posuimus
2518 717 2572 771 in
2599 732 2777 771 manu.
2814 716 2963 783 Quod
3003 730 3088 771 me
3128 718 3394 771 tarditatis

1845 804 1927 857 vel
1955 803 2282 873 negligentiae
2316 804 2548 860 scribere
2569 804 2684 877 [F.,
2711 806 2765 860 in
2794 802 3094 877 scribendo]
3123 806 3273 860 vobis
3301 821 3389 861 ac-

1845 894 2090 957 cusastis,
2118 901 2175 947 ut
2199 892 2370 947 fateor
2389 892 2561 960 iuste;
2586 895 2761 949 ethoc
2786 902 3001 963 propter
3021 895 3249 964 inopiam
3274 909 3389 962 por-

1844 982 2091 1045 titorum,
2145 982 2297 1052 167
2340 982 2429 1049 qui
2471 982 2559 1035 vix
2604 980 2785 1035 ﬁdeles
2832 982 3187 1036 inveniuntur.
3228 981 3391 1051 lgitur

1842 1071 2196 1139 longinquitas
2244 1080 2506 1124 terrarum
2548 1071 2794 1139 prohibet
2824 1083 2891 1123 ex
2924 1071 3008 1124 his
3044 1068 3281 1139 partibus
3322 1064 3387 1122 ad

1842 1175 1937 1214 vos
1980 1160 2300 1227 quemlibet,
2328 1159 2429 1212 nisi
2474 1171 2625 1223 ram,
2658 1157 2901 1212 transire.
2933 1158 3129 1210 Tamen
3154 1158 3287 1212 sciat
3314 1157 3392 1211 di-

1843 1252 2000 1306 lectio
2024 1260 2199 1305 vestra
2238 1250 2379 1319 quod
2407 1250 2637 1313 nemini,
2660 1258 2779 1318 post
2817 1250 3068 1303 domuum
3108 1244 3390 1317 imperato-

1841 1358 1975 1405 rem,
2004 1343 2198 1395 sudare
2224 1341 2342 1410 plus
2368 1355 2543 1394 meum
2591 1338 2909 1409 ingeniolum
2954 1346 3225 1407 optarem,
3266 1338 3387 1404 quia

1840 1431 1967 1484 nulli
1994 1430 2115 1499 plus
2141 1430 2350 1483 debitor
2371 1443 2485 1482 sum
2509 1437 2725 1497 propter
2749 1441 2958 1494 semper
2998 1436 3189 1480 vestra:
3223 1425 3390 1479 beati-

1841 1519 2037 1571 tudinis
2079 1517 2507 1586 probatissimam
2539 1515 2695 1570 fidem
2730 1523 2786 1570 et
2811 1514 3166 1569 dilectionem.
3216 1512 3386 1568 Unum

1839 1606 2090 1674 quiddam
2133 1606 2407 1675 legebatur
2436 1606 2488 1657 in
2521 1604 2771 1672 epistola,
2803 1619 2959 1673 quam
2996 1602 3154 1658 modo
3195 1602 3389 1657 direxit

1841 1693 2134 1747 reverentia
2161 1701 2366 1755 vestra;
2410 1692 2552 1759 quod
2594 1691 2909 1755 noluissem,
2948 1699 3009 1745 ut
3048 1691 3387 1753 scriberetur,

1837 1781 1920 1833 vel
1963 1796 2197 1850 unquam
2217 1778 2431 1834 'factum
2459 1787 2601 1833 esset
2632 1797 2644 1831 :
2676 1779 2728 1833 id
2756 1788 2866 1842 est,
2892 1781 3033 1848 quod
3059 1779 3210 1835 vobis
3248 1779 3389 1833 ultra

1792 1906 1795 1907 ν
1838 1884 1944 1925 non
1989 1879 2129 1925 esset
2170 1885 2292 1939 spes
2327 1870 2509 1923 videre
2546 1868 2739 1924 faciem
2780 1884 2973 1935 meam.
3006 1868 3119 1923 Hoc
3155 1867 3389 1939 graviter

181 1958 255 2030 ι).
278 1958 344 2011 Et
367 1958 557 2011 beatus
579 1956 768 2011 Petrus
789 1963 1166 2017 consentanea,
1189 1962 1249 2007 ut
1274 1962 1397 2022 pote
1424 1951 1608 2005 eodem
1631 1952 1737 2019 spi-
1768 1964 1809 2021 Β
1836 1962 2044 2013 animus
2071 1974 2220 2013 mens
2242 1958 2466 2022 ferebat,
2489 1958 2613 2026 quia
2639 1965 2953 2026 prasentem
2985 1957 3187 2027 rogavi,
3213 1963 3273 2008 ut
3301 1970 3387 2011 me

178 2045 306 2109 ritu,
332 2045 547 2113 scripsit
571 2044 755 2098 dicens
778 2060 791 2096 :
827 2042 1058 2095 Dominis
1075 2040 1369 2094 carnalbus
1389 2040 1607 2103 obedite,
1634 2056 1737 2092 non

175 2143 380 2188 tantum
426 2133 572 2186 bonis
595 2142 643 2185 et
671 2132 938 2193 modestis,
963 2131 1052 2184 sed
1076 2132 1230 2183 etiam
1270 2128 1476 2181 discolis
1511 2128 1563 2197 (1
1592 2127 1731 2180 Petr.

176 2241 241 2290 ιι,
272 2224 377 2295 t8).
404 2224 460 2279 Si
487 2225 649 2278 etiam
672 2222 906 2287 discolis,
930 2228 1130 2290 quanto
1152 2219 1320 2286 magis
1345 2217 1736 2287 sapientissimo

171 2315 432 2385 principi,
479 2323 535 2369 et
576 2314 830 2383 religione
878 2321 1061 2366 sancta
1103 2310 1445 2364 devotissimo
1484 2308 1736 2361 debemus

172 2405 420 2473 prompta
451 2404 721 2457 voluntate
747 2402 979 2456 obedire.
1010 2399 1118 2453 Nec
1144 2399 1245 2452 hoc
1267 2399 1385 2451 dico
1402 2436 1416 2465 ,
1464 2396 1602 2464 quod
1629 2410 1734 2448 non

173 2494 346 2563 magis
394 2502 575 2562 optem
601 2501 653 2547 te
684 2506 806 2547 cum
851 2492 956 2549 tuis
1000 2490 1271 2558 discipulis
1320 2488 1429 2541 Deo
1467 2487 1631 2540 vitam
1680 2485 1734 2537 in

171 2587 359 2636 sancta
416 2579 670 2649 religione
728 2581 963 2649 quietam
1018 2580 1212 2633 ducere
1264 2585 1422 2645 atque
1480 2574 1734 2643 optimam

168 2682 298 2723 cum
322 2667 631 2720 felicissima
659 2664 875 2730 femina,
912 2682 1030 2734 qua:
1056 2668 1247 2721 sedens
1275 2665 1338 2732 ad
1366 2662 1529 2732 pedes
1556 2659 1735 2714 Domi-

171 2757 229 2813 ni
254 2757 441 2811 audire
465 2757 627 2810 verba
654 2756 908 2817 caelestia,
938 2757 1172 2825 elegerat
1204 2763 1410 2823 partem
1445 2768 1565 2821 quae
1594 2766 1733 2805 nun-

86 2862 92 2871 '
170 2862 333 2918 quam
362 2846 636 2901 auferetur
661 2846 809 2919 (Luc.
840 2863 905 2910 χ,
927 2846 1027 2910 59,
1054 2846 1165 2917 42).
1195 2845 1300 2899 Sed
1328 2859 1516 2897 vereor
1542 2843 1734 2897 fortas-

167 2939 271 3002 sis,
291 2939 337 2993 si
361 2948 636 2992 moveatur
667 2953 847 3002 causa,
875 2952 975 2991 nec
994 2945 1225 2991 vestram
1248 2934 1627 2989 beatitudinem
1664 2933 1731 2986 ad

166 3026 473 3093 desiderata
501 3028 780 3095 pervenire
800 3041 975 3095 posse,
990 3039 1087 3080 nec
1108 3025 1332 3094 gratiam
1354 3024 1553 3077 habere
1567 3022 1731 3090 impeo

169 3115 381 3170 rialem.
407 3113 552 3177 ideo,
582 3114 719 3167 sicut
755 3115 997 3181 superius
1024 3114 1164 3178 disi,
1192 3111 1303 3167 sola
1349 3111 1556 3165 videtur
1592 3108 1733 3164 salu-

167 3205 285 3260 bris
305 3217 488 3266 causa,
512 3202 621 3256 Deo
645 3209 815 3255 totum
840 3202 1086 3270 precibus
1108 3201 1160 3254 in
1190 3209 1417 3269 angusto
1445 3202 1551 3256 situ
1571 3200 1723 3271 [Ms.,

1835 2048 1935 2101 sub
1964 2062 2056 2115 spe
2087 2046 2384 2101 revertendi
2413 2046 2479 2100 ad
2505 2044 3051 2100 sanctum'Martinum
3073 2044 3382 2100 dimisisses.

1833 2133 1953 2186 Fiat
1998 2134 2241 2187 voluntas
2268 2133 2495 2187 Domini.
2534 2132 2631 2189 Vel
2675 2134 2720 2187 si
2756 2134 2844 2189 hic
2885 2134 2936 2188 in
2964 2133 3066 2188 hac
3109 2134 3385 2203 temporali

1832 2221 1949 2277 luce
1992 2223 2107 2287 tleri
2136 2237 2239 2276 non
2267 2223 2469 2286 valeat,
2496 2222 2587 2275 [lat
2606 2262 2622 2285 ,
2651 2223 2761 2278 Deo
2793 2223 3099 2287 miserante,
3123 2223 3175 2277 in
3200 2238 3386 2292 perpe-

1833 2319 1940 2365 tua.
1970 2309 2180 2373 Casula,
2207 2326 2366 2378 quam
2394 2310 2619 2374 misisti,
2645 2310 2714 2364 ob
2740 2318 2932 2364 vestra:
2968 2310 3247 2364 charitatis
3272 2325 3383 2366 me-

1831 2401 2074 2463 moriam,
2106 2408 2227 2454 utar
2256 2400 2311 2454 in
2346 2400 2624 2453 missarum
2658 2398 2970 2471 solemniis.]
2992 2398 3171 2454 Gloria
3190 2408 3245 2454 et
3268 2401 3383 2455 laus

1830 2489 1969 2543 Dec!
2014 2489 2154 2559 apud
2181 2504 2279 2563 nos
2303 2490 2481 2542 omnia
2507 2502 2759 2558 prospera
2802 2496 2955 2552 sunt,
2980 2495 3033 2542 et
3073 2487 3211 2559 apud
3244 2488 3381 2542 ﬁlios

1831 2585 2065 2639 nostros,
2092 2592 2227 2646 quos
2254 2576 2416 2641 nosti,
2442 2576 2534 2645 qui
2563 2591 2667 2629 una
2694 2584 2871 2630 mente
2895 2583 3126 2631 vestram
3153 2577 3383 2631 salutant

1830 2667 2229 2729 beatitudinem,
2262 2680 2486 2733 eamque
2510 2665 2678 2719 multo
2702 2665 2877 2721 valere
2924 2673 3160 2736 tempore
3200 2674 3383 2734 optant

1832 2756 1885 2809 in
1906 2756 2147 2809 Domino.
2180 2754 2325 2809 Scito
2346 2755 2640 2809 certissime
2667 2755 2808 2823 quod
2835 2755 2911 2809 tui
2939 2748 3167 2811 nominis
3188 2771 3380 2810 memo-

1830 2844 1965 2897 riam
1990 2844 2345 2897 dulcissimam
2373 2844 2628 2898 habemus
2653 2844 2707 2896 in
2733 2844 3060 2898 orationibus
3088 2844 3225 2913 apud
3255 2859 3382 2898 san~

1827 2937 1973 2986 ctum
2021 2931 2305 2985 Martinum
2335 2945 2350 2984 :
2380 2940 2435 2985 et
2477 2933 2522 2986 si
2565 2932 2777 2999 quando
2823 2932 3051 3001 Spiritus
3084 2933 3291 2988 Domini
3328 2934 3382 2987 in

1828 3021 2232 3088 compunctione
2258 3021 2442 3075 visitat
2466 3036 2578 3085 cor,
2606 3035 2817 3090 semper
2842 3037 3119 3077 recurrere
3152 3023 3206 3075 in
3232 3037 3397 3077 men»

1829 3119 1936 3166 tem
1982 3094 2314 3167 facit’vestri
2362 3112 2589 3167 nominis
2618 3112 3060 3168 recordationem.
3094 3113 3263 3176 Deus,
3290 3114 3379 3183 qui

1828 3202 1966 3257 dives
2004 3211 2077 3256 est
2124 3203 2181 3256 in
2220 3202 2575 3287 misericordia
2622 3201 2830 3272 (Ephes.
2871 3213 2933 3266 ll,
2963 3200 3036 3272 ι),
3068 3198 3385 3257 miSereatur

168 3290 330 3363 situs]
351 3290 521 3345 nostri
540 3289 792 3344 desiderii
825 3288 1199 3343 commendare
1234 3296 1479 3341 eventum
1506 3327 1521 3351 ,
1549 3295 1606 3340 ut
1631 3304 1725 3341 sua
1754 3280 1799 3342 C
1828 3301 2084 3360 perpetua
2098 3280 2303 3361 pietate
2317 3291 2468 3346 vobis
2489 3291 2666 3355 Pater,
2684 3290 2872 3356 frater,
2898 3290 2971 3345 illi
2990 3292 3300 3348 charissime
3321 3292 3387 3346 in.

167 3388 358 3433 sancta
394 3376 679 3432 clementia
705 3384 763 3431 et
795 3376 994 3446 pietate
1016 3375 1289 3445 provideat
1310 3374 1479 3436 nobis,
1503 3388 1727 3441 quomo-

166 3468 239 3521 do
262 3464 485 3536 paciﬁce
505 3465 571 3519 ad
599 3474 837 3519 nostram
865 3465 1146 3533 pervenire
1174 3463 1447 3518 valeamus
1485 3464 1729 3517 voluntas-

168 3566 299 3611 tetn.
332 3553 390 3608 Si
420 3562 595 3609 tamen
621 3555 776 3608 nobis
798 3537 981 3607 nostra
1011 3554 1294 3621 quaerenda
1339 3561 1423 3607 est
1464 3553 1724 3615 voluntas,

164 3658 235 3700 eo
260 3644 403 3714 quod
429 3643 541 3707 ille,
568 3642 621 3696 id
646 3650 729 3696 est
752 3642 1008 3695 Dominus
1051 3640 1207 3696 Jesus
1244 3643 1309 3696 de
1356 3644 1530 3711 seipso
1557 3644 1725 3697 dixit:

173 3732 297 3787 Non
313 3732 425 3785 veni
444 3730 614 3800 facere
640 3728 949 3784 voluntatem
971 3746 1157 3793 meam,
1180 3730 1269 3783 sed
1287 3730 1594 3783 voluntatem
1616 3732 1729 3799 ejus

165 3822 255 3889 qui
283 3836 365 3874 me
388 3821 527 3895 misit
552 3818 731 3889 (Joan.
757 3833 834 3883 Vt,
863 3817 972 3889 38).
997 3818 1129 3895 Nam
1155 3817 1401 3871 voluntas
1445 3817 1533 3871 Dei
1570 3833 1728 3897 omne

166 3914 369 3967 bonum
394 3920 497 3975 est,
525 3926 643 3979 qua:
666 3919 725 3965 ut
745 3926 954 3981 semper
977 3911 1030 3964 in
1056 3910 1207 3965 n'obis
1235 3908 1345 3973 fiat,
1368 3911 1512 3963 omni
1536 3904 1726 3964 mentis

167 4002 462 4055 intentione
484 4008 542 4054 et
569 4001 713 4054 omni
733 4015 953 4070 operum
972 4001 1231 4056 bonorum
1248 4000 1587 4055 exsecmione
1605 4014 1728 4070 pos-

165 4090 447 4143 tulandum
472 4097 576 4142 est.
1072 4124 1081 4163 ί

243 4176 373 4245 nec
406 4176 622 4230 interim
646 4178 745 4231 sub
784 4174 1121 4231 festinatione
1160 4187 1378 4247 propter
1420 4178 1725 4246 occupatio-

166 4279 293 4319 nem
322 4263 428 4319 diei
457 4262 581 4318 festi
610 4262 951 4319 dictavimus.‘
976 4264 1169 4333 Utique
1208 4266 1404 4319 missus
1442 4264 1726 4320 beatitudi-

163 4353 252 4407 nis
275 4360 473 4409 vestrte
501 4353 569 4408 ad
597 4367 700 4410 nos
736 4352 822 4408 die
866 4353 1199 4407 sanctissima
1229 4354 1515 4409 Dominica:
1548 4354 1726 4408 Ctenze

165 4446 409 4505 venerat,
439 4442 658 4513 exigens
686 4457 716 4495 a
746 4443 899 4497 nobis
924 4442 1153 4508 litteras,
1182 4458 1249 4497 ne
1272 4444 1456 4497 vacuis
1484 4451 1723 4497 reverte-

164 4538 317 4584 retur
345 4519 611 4611 manibus.
652 4529 950 4585 Pleniorem
969 4572 984 4596 ,
1010 4532 1120 4586 Deo
1147 4533 1465 4595 miserante,
1510 4518 1724 4599 respon-

1828 3390 2102 3433 mtcruum.
2370 3398 2377 3411 ³

2316 3481 2339 3509 ι
2380 3454 2703 3524 EPISTOLA
2739 3472 2889 3526 CLV.

2177 3575 2243 3612 AD
2290 3575 2531 3614 ARNONEI
2567 3576 3004 3617 Ακειιιενιεεοιιυι
3013 3604 3027 3620 ο

2422 3650 2595 3720 (Anno
2641 3652 2788 3724 sos.)

1827 3759 2172 3831 Commendat
2191 3777 2246 3813 se
2283 3772 2527 3831 tanquam
2566 3742 2829 3831 infirmum
2856 3783 3025 3821 senem
3062 3783 3225 3824 sacra!
3268 3789 3375 3826 ma-

1894 3828 2091 3879 moriat.
2132 3826 2251 3900 Duo
2278 3826 2506 3900 vascula
2554 3826 2803 3900 mensalia
2854 3836 3040 3900 mittit;
3080 3848 3127 3889 et
3164 3838 3375 3892 iteratus

1892 3911 1983 3962 pro
2014 3897 2191 3948 casula
2217 3896 2415 3951 missali
2440 3899 2635 3965 gratias
2669 3902 2795 3968 agit.

1894 3991 2243 4060 Dilectissimo
2270 4004 2379 4060 lilio
2405 3996 2605 4075 Aquila:
2634 4008 3046 4066 arcltisacerdoti
3074 4012 3293 4068 Albinus
3323 4016 3374 4070 in

1824 4086 2047 4150 Domino
2073 4096 2319 4152 salutem.
2996 4150 2997 4153 η

1838 4258 1843 4262 ⁸
1894 4183 2039 4238 Solet
2059 4186 2297 4239 charitas
2315 4185 2439 4239 olim
2457 4189 2807 4257 germanitate
2827 4189 2966 4245 ﬁdeli
2988 4203 3260 4262 compacta
3282 4210 3378 4250 no-

1821 4274 1902 4327 vis
1926 4274 2120 4343 saapius
2143 4273 2333 4328 litteris
2359 4274 2661 4341 reformari,
2692 4286 2750 4331 ut
2783 4279 2935 4333 ﬁrma
2974 4290 3291 4351 agnoscatur
3323 4285 3374 4339 in

1822 4360 1944 4423 ﬁde,
1964 4376 2081 4430 qua
2109 4368 2193 4414 est
2216 4360 2385 4415 dulcis
2404 4362 2455 4415 in
2483 4365 2881 4419 consuetudine.
2909 4366 3060 4423 Unde
3089 4384 3188 4438 ego
3222 4372 3377 4425 chap

1820 4448 1984 4503 tulam
2022 4448 2272 4503 chartulae
2299 4449 2580 4520 mnjungo,
2607 4459 2667 4505 ut
2700 4452 2905 4522 legatur
2930 4456 2983 4509 in
3011 4459 3223 4527 pagina,
3259 4476 3377 4529 qua:

1819 4546 1903 4591 est
1937 4538 1989 4591 in
2018 4539 2196 4591 cordis
2221 4538 2412 4592 tabulis
2429 4537 2679 4609 [Mabill.,
2707 4541 2906 4613 tabula]
2925 4546 3245 4614 conscripta,
3268 4563 3374 4602 non

163 4623 370 4677 sionem
396 4608 613 4690 sperare
639 4619 881 4674 habetis:
906 4622 1017 4675 sive
1037 4622 1103 4676 de
1129 4623 1490 4677 consolatione
1522 4622 1721 4675 laboris
1746 4608 1795 4666 Ῑ)
1821 4635 2117 4680 atramento
2143 4628 2400 4693 perituro,
2430 4628 2524 4680 sed
2569 4630 2757 4697 spiritu
2799 4608 3152 4698 sempiterno;
3169 4608 3257 4701 qui
3284 4650 3391 4713 gc-p

161 4711 364 4774 vestri,
407 4718 501 4763 aut
546 4710 706 4764 etiam
737 4712 979 4781 angustia
1013 4714 1229 4777 mentis,
1264 4728 1363 4767 nec
1399 4729 1503 4768 non
1550 4722 1606 4768 et
1654 4715 1721 4770 de

164 4798 614 4868 inquisitionibus,
643 4814 777 4868 quas
802 4811 829 4839 ι
854 4801 970 4854 emb
998 4801 1125 4856 olim
1165 4802 1349 4856 habuit
1381 4817 1447 4857 ex
1491 4818 1718 4873 persona

161 4886 604 4944 charissimorum
647 4889 801 4944 nobis
855 4897 1046 4945 vestra:
1107 4890 1387 4969 charitatis
1436 4890 1722 4962 discipulo-

164 4992 479 5138 manu,
521 5065 773 5133 obsecro,
802 5063 897 5119 Dei
932 5027 1183 5138 iamulam
1224 5082 1461 5123 sororem
1486 5078 1719 5124 vestram

161 5162 286 5210 meo
312 5154 524 5213 cilicio:
554 5153 715 5211 suade
736 5156 787 5209 ei
806 5154 940 5209 meis
956 5153 1143 5210 ‘verbis
1161 5156 1463 5225 religiosam
1484 5159 1538 5212 in
1566 5161 1722 5214 terris

164 5244 363 5298 ducere
382 5244 578 5319 vitam,
604 5256 667 5299 ut
687 5244 898 5298 beatam
925 5243 1197 5313 possidere
1229 5244 1386 5312 digna
1423 5245 1721 5300 inveniatur

162 5332 217 5387 in
260 5331 433 5389 uelis.
453 5332 795 5417 qunerabilis
837 5333 999 5418 Pater
1019 5332 1050 5374 ιι
1075 5332 1404 5415 Adaluuinus
1444 5336 1721 5408 episcopus

160 5433 287 5475 ctam
312 5434 510 5491 magno
527 5429 586 5483 et
593 5421 887 5493 multiplici
904 5423 1051 5478 venit
1075 5420 1143 5475 ad
1167 5436 1265 5476 nos
1286 5421 1508 5489 honore,
1529 5433 1719 5497 vestrae

228 5541 260 5570 ι
288 5524 439 5601 Em).
458 5528 555 5601 'lta
590 5530 783 5601 legitur
810 5533 865 5587 in
899 5532 1055 5587 codd.
1098 5547 1227 5587 mss.
1255 5531 1465 5601 ‘Latere
1492 5535 1589 5588 sub
1616 5536 1719 5589 hac

164 5613 302 5681 _voce_
318 5600 635 5681 abbreviata
647 5597 810 5653 tuo.
840 5616 1035 5656 nomen
1063 5597 1275 5671 aliquod
1300 5601 1575 5670 proprium
1604 5603 1719 5657 nul-

163 5668 753 5823 ἶυῗάῗῗὲιᾟέηεεχιὶξ
763 5738 978 5823 φολίδα
1000 5740 1290 5823 etesiae
1304 5738 1585 5823 ντίοηηιρ.
1598 5744 1716 5823 quas

168 5805 408 5865 fortassis
434 5807 519 5864 illa
543 5804 786 5877 chamh
820 5804 1176 5876 mponsionis
1198 5804 1322 5874 fuit;
1348 5823 1505 5878 quam
1534 5804 1715 5865 hic—ait

1819 4716 1980 4769 mitus
2022 4715 2222 4767 excitat
2260 4714 2643 4768 inenarrabiles
2680 4730 2779 4784 pro
2810 4720 3064 4787 sospitate
3098 4729 3275 4775 vestra
3319 4724 3371 4779 in

1821 4818 1940 4859 meo
1969 4803 2145 4857 corde.
2168 4803 2357 4856 Vestra
2391 4817 2520 4857 vero
2545 4802 2777 4869 dilectio,
2814 4794 2871 4859 ut
2905 4807 3199 4864 certissime
3227 4814 3369 4875 novi,

1820 4891 1986 4957 nostri
2012 4891 2241 4945 nominis
2261 4906 2365 4945 non
2394 4890 2763 4947 obliviscatur:
2787 4894 2912 4962 quia
2938 4896 3126 4951 crebra
3152 4898 3373 4955 inﬁmi-

1818 4992 1903 5037 tas
1929 4984 2071 5053 cogit
2092 4998 2189 5037 nos
2216 4983 2416 5037 amicos
2441 4983 2728 5038 admonere
2755 4984 2821 5039 de
2848 4994 3149 5043 sanctarum
3177 4992 3374 5046 oratio-

1818 5076 2239 5146 numsuﬂ'ragio,
2261 5084 2321 5129 ut
2349 5076 2664 5145 propitiemr
2681 5078 2915 5146 peccatis
2935 5080 3069 5133 meis
3089 5080 3261 5149 pietas
3288 5081 3369 5134 di-

1816 5168 1961 5230 vina,
1989 5175 2043 5219 et
2079 5173 2361 5220 renovetur
2396 5165 2506 5218 vita
2543 5180 2663 5220 mea
2699 5167 2753 5221 in
2788 5167 2995 5231 melius,
3025 5168 3155 5222 sicut
3184 5168 3371 5237 aquilc

1810 5258 2054 5327 juventus
2081 5256 2252 5328 (Psal.
2299 5271 2369 5310 cu
2388 5290 2403 5319 ,
2438 5254 2493 5325 5)
2522 5270 2536 5307 :
2566 5255 2678 5311 Nec
2710 5271 2796 5311 me
2816 5255 2978 5324 judex
3007 5254 3158 5310 meus
3194 5264 3250 5311 et
3286 5265 3366 5312 te-

1816 5346 1915 5400 stis
1940 5360 2090 5400 meus
2107 5346 2309 5417 judicet
2334 5344 2622 5399 secundum
2656 5346 2846 5400 merita
2881 5358 3020 5409 mea,
3054 5344 3149 5400 sed
3182 5360 3371 5402 secun-

1822 5434 1948 5487 dum
1974 5449 2125 5488 suam
2164 5443 2407 5502 magnam
2437 5433 2851 5487 misericordiam
2885 5440 3074 5502 parcat
3097 5433 3367 5493 conﬁtenti

1824 5544 1876 5597 in
1912 5542 2025 5611 ejus
2063 5556 2238 5611 manu
2265 5542 2525 5611 posuisse.
2570 5544 2694 5598 Inde
2732 5557 2860 5598 vero
2906 5543 3183 5603 inferimus
3222 5548 3365 5606 illam

1820 5609 2329 5684 quoqt_te_epis_tola:_m
2347 5613 2419 5684 ad
2450 5613 2592 5684 lumc
2622 5626 2818 5684 annum
2839 5612 2942 5669 803
2974 5617 3255 5684 pertinere.

1891 5691 1912 5717 ε
1945 5678 2103 5753 Edim:
2122 5678 2426 5753 Habill._2§.
2458 5681 2757 5753 Cor-rectior
2783 5678 3130 5753 nuncprodit
3152 5701 3215 5742 es
3246 5689 3361 5744 cod.

1821 5762 1917 5805 ms.
1951 5746 2141 5804 Salisb.
2172 5747 2342 5819 (Apud
2373 5750 2595 5805 Froben.
2627 5752 2781 5821 epist.
2809 5751 2951 5823 il5.)
