4400 6466
154 503 249 559 ιοο

1572 501 1939 558 EPISTOLE.

3241 506 3344 564 ιιο

153 628 320 683 sancti
345 627 577 689 Martini,
627 625 867 680 ﬁdelibus
895 633 1082 679 vestrae
1133 622 1497 695 prosperitatis
1543 621 1706 674 inter—
1731 624 1778 680 Α
1807 629 1906 682 tes,
1922 587 2167 689 episcOpo
2180 622 2442 684 veniente,
2459 621 2630 676 locum
2643 621 2949 676 defensandi
2970 632 3024 677 et
3046 624 3347 694 disputandi

151 718 472 780 ressoribus,
516 716 583 770 de
617 716 843 786 quodam
890 731 979 772 reo
1007 715 1226 784 fugitivo
1259 713 1415 768 habet
1441 713 1700 778 discepta-

149 812 369 863 tionem.
416 807 516 872 Qui
545 821 668 860 reus
704 817 751 868 ι,
778 815 896 874 post
932 806 1157 872 plurima
1187 817 1458 871 ptBnarum
1487 815 1698 869 genera,

150 897 326 950 subito
367 895 435 950 de
462 894 685 950 vinculis
715 893 923 961 elapsus
970 893 1087 963 [per
1114 892 1483 960 negligentiam
1525 898 1704 942 custo-

150 983 320 1056 dum],
373 983 440 1037 ad
485 983 760 1038 ecclesiam
809 980 1044 1046 confugit
1087 979 1143 1032 S.
1195 978 1403 1031 Martini
1453 976 1701 1046 prtecipui

150 1073 471 1128 confessoris
515 1072 734 1135 Christi,
766 1069 1021 1124 conﬁtens
1045 1076 1258 1137 peccata
1300 1083 1414 1129 sua,
1463 1065 1700 1119 reconci-

149 1165 422 1218 liationem
461 1163 610 1234 (Cod.
649 1161 787 1223 Sal.,
822 1159 1053 1229 veniam]
1101 1160 1405 1226 deposcens,
1442 1157 1703 1210 Caesarem

152 1254 440 1324 appellans,
489 1253 625 1304 viam
670 1251 736 1304 ad
781 1249 898 1316 ejus
942 1249 1327 1303 sanctissimam
1369 1246 1702 1314 prmsentiatn

144 1345 419 1413 ﬂagitans,
445 1356 603 1410 quem
630 1341 950 1394 reddidimus
974 1337 1274 1410 [ministris]
1304 1337 1536 1404 ejusdem
1580 1351 1707 1405 prae—

150 1430 246 1488 fati
276 1433 547 1502 episcopi;
587 1439 798 1499 propter
826 1431 1042 1484 insidias
1064 1431 1092 1470 δ
1127 1429 1224 1483 sibi
1252 1439 1462 1498 paratas
1505 1430 1556 1481 in
1598 1429 1702 1490 via,

153 1533 213 1577 ut
239 1523 426 1584 fertur,
467 1522 720 1574 abeuntes
761 1535 882 1573 eum
927 1519 1238 1572 dimiserunt
1278 1526 1400 1569 ante
1442 1515 1581 1568 fores
1621 1531 1706 1568 ec-

150 1615 330 1668 rlesire
355 1620 602 1666 stantem.
622 1610 734 1664 Sed
756 1610 987 1678 ejusdem
1014 1608 1295 1662 venerandi
1331 1607 1583 1676 episcopi,
1626 1607 1708 1660 his

152 1703 444 1756 transactis
467 1743 481 1764 ,
513 1701 773 1754 hostiliter
799 1697 948 1769 [Cod.
979 1696 1116 1760 Sal.,
1143 1696 1403 1765 pontiﬁcis
1430 1705 1547 1762 post
1576 1705 1708 1749 tem-

152 1775 254 1860 pus
277 1790 631 1860 bostiliter...]
657 1797 914 1843 venerunt
950 1788 1188 1842 homines
1230 1786 1622 1855 quamplurimi,
1650 1793 1709 1837 ut

1800 723 1919 761 cum
1945 722 2044 760 eo:
2082 709 2128 762 si
2157 706 2358 774 justum
2387 709 2472 771 sit,
2524 718 2582 763 ut
2622 711 2674 764 vi
2718 719 2992 778 raperetur
3028 712 3094 766 de
3119 713 3347 768 ecclesia

1800 797 1866 848 ad
1905 796 2115 850 easdem
2169 812 2352 866 poenas
2401 811 2544 861 reus,
2584 799 2649 852 de
2685 800 2878 866 quibus
2913 799 3151 870 aufugit?
3185 810 3240 856 et
3279 817 3349 857 an

1799 899 2009 952 :eqnum
2035 887 2102 938 sit
2133 885 2151 923 ῐ
2172 925 2186 948 ,
2227 894 2285 938 ιιι
2305 886 2393 954 qui
2423 885 2684 941 Caesarem
2713 887 2956 955 appellat,
2988 888 3052 941 ad
3079 887 3344 945 Caesarem

1800 986 1905 1024 non
1940 972 2261 1026 adducatur?
2285 981 2339 1026 et
2358 983 2532 1026 utrum
2560 973 2639 1027 fas
2663 975 2756 1037 sit,
2780 983 2840 1028 ut
2862 975 3122 1044 paenitens
3147 986 3199 1031 et
3222 993 3350 1032 con-

1801 1058 1958 1113 fitens
1981 1061 2179 1114 scelera
2202 1076 2295 1114 sua
2326 1062 2581 1129 spolietur
2606 1064 2852 1118 omnibus
2874 1066 3024 1119 bonis
3047 1081 3209 1134 usque
3230 1081 3350 1120 cor-

1802 1149 1988 1217 rigiam
2035 1151 2416 1203 calceamenti?
2455 1153 2536 1205 vel
2589 1153 2634 1206 si
2682 1153 2814 1206 bene
2854 1154 3184 1209 custodiatur
3219 1155 3349 1209 illud

1801 1238 2130 1291 Dominicum
2155 1241 2393 1302 verbum,
2419 1255 2524 1308 quo
2543 1242 2652 1294 ait:
2681 1242 3039 1310 Superexaltat
3065 1245 3352 1299 misericor-

1802 1329 1889 1382 dia
1904 1329 2162 1398 judicium
2199 1328 2335 1397 (Jac.
2367 1345 2440 1391 ιι,
2473 1330 2579 1400 13).
2617 1330 2673 1385 ln
2706 1331 2795 1384 tali
2832 1333 3091 1400 siquidem
3134 1332 3278 1388 facta
3313 1351 3345 1388 e

1803 1422 2070 1472 contrario
2109 1418 2466 1484 superexaltat
2500 1416 2756 1486 judicium
2799 1421 3241 1476 misericordiam.
3284 1421 3354 1476 Et

1803 1508 1891 1560 ubi
1921 1515 2002 1560 est
2048 1506 2316 1560 multoties
2343 1505 2553 1559 laudata
2595 1507 2956 1562 misericordia
2994 1510 3061 1564 ab
3097 1511 3210 1578 ipso
3246 1507 3352 1562 Dn-

1803 1596 1947 1648 mino
1969 1605 2150 1647 nostro
2178 1594 2301 1648 Jesu
2331 1595 2564 1658 Christo,
2603 1612 2720 1664 quae
2746 1597 2883 1650 inter
2917 1599 3248 1667 cvangelicas
3271 1597 3356 1652 le-

1803 1685 1944 1751 gitur
1971 1684 2324 1738 beatitudines
2353 1700 2364 1734 :
2399 1683 2546 1736 Beati
2579 1687 2954 1752 misericordes,
2985 1691 3228 1758 quoniam
3259 1690 3356 1761 ipsi

1804 1772 2205 1825 misericordiam
2237 1783 2607 1840 consequentur
2628 1772 2838 1842 (Matth.
2867 1790 2918 1836 v,
2947 1775 3030 1843 7);
3070 1777 3196 1830 item
3221 1792 3358 1845 pra:—

152 1859 484 1952 compertum
511 1888 591 1933 est
616 1859 847 1950 (Habil.,
874 1886 932 1930 ut
956 1877 1256 1937 coniectura
1284 1875 1404 1945 est].
1454 1874 1555 1927 Sed
1584 1881 1706 1926 octo
1738 1937 1775 1952 ﬁ
1807 1870 2014 1929 ceptum
2045 1860 2374 1912 Dominicum
2401 1877 2412 1911 :
2457 1859 2634 1912 Estote
2683 1861 3057 1925 misericordes,
3117 1863 3249 1914 sicut
3309 1873 3358 1915 et

153 1937 411 2038 ρτίηξειες
450 1937 691 2023 humida
718 1937 1089 2038 [ξηιιζςινρι-υηι]
1121 1976 1142 2002 c
1172 1980 1291 2017 cum
1339 1937 1585 2030 εβῑερορο
1612 1977 1704 2014 no.
1737 1937 1776 1992 Β
1807 1949 1965 2001 Pater
1988 1959 2147 2000 vester
2171 1949 2458 2000 misericors
2502 1958 2574 2000 est
2617 1948 2764 2017 (Luc.
2794 1965 2843 2002 vr
2864 1988 2879 2012 ,
2904 1948 3036 2017 36)?
3074 1950 3202 2002 ltem
3233 1966 3359 2004 cau—

153 2069 269 2113 stro
303 2059 389 2113 die
416 2057 690 2112 Dominico
719 2057 771 2110 in
806 2055 1102 2109 ecclesiam.
1127 2050 1240 2106 Non
1270 2052 1340 2104 illi
1366 2060 1507 2113 octo,
1536 2050 1624 2118 qui
1654 2050 1705 2100 in

153 2151 412 2220 propheta
451 2127 697 2216 leguntur
736 2147 790 2199 in
817 2145 1003 2214 gladiis
1030 2152 1083 2197 et
1111 2142 1308 2196 lanceis
1347 2154 1564 2213 pascere
1603 2146 1708 2190 ter-

153 2253 272 2292 ram
317 2235 572 2290 Nemrcth
611 2232 794 2303 (Mica.
839 2247 892 2294 v,
940 2231 1033 2299 6);
1075 2228 1167 2283 sed
1211 2242 1396 2296 rapere
1443 2241 1610 2286 reum,
1656 2234 1710 2276 ct

155 2325 491 2381 sanctitatem
517 2321 544 2362 ἀ
573 2319 761 2375 demus
791 2319 880 2372 Dei
907 2316 1208 2386 profanare,
1234 2327 1288 2368 et
1312 2314 1477 2368 sancti
1505 2311 1711 2366 confes-

155 2417 296 2471 suris
315 2414 516 2472 Christi
545 2411 754 2466 Martini
788 2410 1100 2463 imminuere
1128 2406 1401 2460 honorem.
1443 2403 1711 2456 lrruentes

155 2509 421 2578 siquidem
451 2510 590 2562 intra
626 2505 889 2561 cancellos
925 2503 1129 2568 altaris,
1168 2516 1301 2572 quos
1337 2499 1528 2572 [Mab.,
1559 2499 1709 2566 forte,

155 2593 394 2663 nostros]
439 2591 752 2660 expulerunt
793 2591 987 2646 fratres
1032 2599 1154 2644 ante
1194 2587 1383 2643 faciem
1413 2586 1614 2640 altaris.
1653 2584 1710 2638 Si

156 2685 301 2738 aliud
349 2684 555 2746 dicunt,
599 2681 818 2735 omnino
864 2679 1050 2734 falsum
1097 2678 1292 2739 ferunt,
1341 2677 1461 2744 quia
1506 2675 1713 2728 illorum

156 2771 336 2830 nullus
358 2777 518 2838 caput
541 2778 668 2823 tunc
710 2768 963 2836 temporis
1002 2766 1273 2821 inclinavit
1299 2766 1363 2819 ad
1391 2766 1558 2817 altare
1596 2763 1710 2817 Dei.

159 2859 354 2914 Sonuit
377 2858 638 2927 siquidem
673 2863 796 2911 ante
831 2854 1098 2910 civitatem
1138 2855 1346 2909 venisse
1375 2856 1578 2906 hostem
1608 2854 1715 2906 Au-

159 2951 515 3006 relianensem
543 2940 609 3002 ad
638 2945 959 3017 profananda
987 2945 1154 3000 sancti
1186 2944 1394 2998 Martini
1441 2941 1708 3011 suﬁ‘ragia,

157 3040 283 3108 quia
303 3038 548 3093 sciebant
565 3044 958 3091 commanentes
978 3037 1028 3090 in
1056 3034 1248 3088 villulis
1267 3035 1506 3088 homines
1524 3032 1715 3086 exinde

158 3128 457 3182 venientes.
501 3123 802 3178 Concursus
831 3123 928 3178 fuit
954 3124 1008 3176 in
1045 3125 1258 3177 civitate
1298 3121 1472 3176 subito
1517 3121 1718 3175 mendi-

1806 2039 1961 2091 telam
2001 2039 2272 2106 providam
2302 2039 2714 2101 consideremus,
2746 2039 2833 2092 ubi
2863 2041 2975 2093 ait:
3026 2038 3198 2093 Nolite
3237 2056 3355 2094 cou-

1804 2126 2066 2198 demnare,
2115 2135 2162 2178 et
2193 2142 2296 2178 non
2317 2127 2782 2179 condemnabimini
2805 2127 2966 2194 (Ibid.
2992 2143 3119 2180 vers.
3153 2127 3274 2195 57);
3307 2137 3364 2180 et

1805 2214 1906 2265 alia
1958 2213 2120 2265 multa
2149 2228 2269 2280 qua:
2293 2213 2343 2264 in
2367 2213 2634 2278 Evangelii
2662 2213 2908 2282 leguntur
2934 2213 3248 2268 auctoritate
3293 2214 3358 2266 de

1807 2303 2168 2356 misericordia
2216 2311 2268 2355 et
2309 2301 2475 2370 ipsius
2511 2303 2717 2354 Domini
2744 2304 2926 2366 verbo,
2949 2303 3038 2356 ubi
3077 2305 3152 2355 ait
3183 2317 3198 2355 :
3238 2302 3360 2355 Non

1806 2393 1917 2444 veni
1950 2393 1974 2430 ⁸
2014 2407 2192 2472 vocare
2230 2391 2422 2460 justas,
2469 2390 2558 2443 sed
2594 2396 2880 2460 peccatores
2905 2390 3116 2460 (Matth.
3165 2390 3354 2461 ix,l3).

1807 2479 2138 2550 Quapropter
2168 2481 2513 2550 peccatricem
2540 2480 2831 2542 mulierem,
2857 2496 2975 2550 qua:
3001 2487 3213 2534 sanctos
3239 2480 3360 2534 teti-

1807 2571 1884 2638 εἰ
1910 2570 2087 2635 pedes,
2115 2584 2219 2621 non
2249 2569 2543 2632 abhorruit,
2572 2566 2712 2638 [qum
2751 2567 2880 2638 non]
2909 2582 2975 2624 ex
3009 2576 3149 2622 tactu
3172 2582 3362 2638 oppro-

1808 2657 1980 2712 brium
2026 2656 2250 2710 contulit
2295 2656 2527 2717 Christo.
2575 2658 2667 2710 sed
2720 2657 2947 2725 insignia
2994 2656 3204 2711 virtutis
3253 2654 3367 2723 ejus

1809 2737 2006 2801 elicuit.
2034 2744 2214 2814 Neque
2233 2745 2374 2799 enim
2403 2742 2731 2798 immunditia
2743 2743 2858 2812 ejus
2877 2744 3062 2814 polluit
3083 2744 3360 2805 mundum,

1809 2835 1904 2890 sed
1936 2835 2142 2905 puritas
2181 2835 2361 2888 mundi
2390 2833 2691 2904 purificavit
2721 2834 3064 2888 immundam.
3106 2832 3368 2888 Recorde—

1809 2949 1929 2987 mur
1952 2947 2048 2985 nos
2077 2932 2216 2985 illius
2258 2945 2376 2985 esse
2415 2944 2618 2993 servos,
2663 2931 2753 2999 qui
2792 2931 2980 2984 ductus
3024 2930 3092 2984 ad
3129 2943 3361 2993 crucem,

1808 3044 1906 3098 pro
1935 3026 2367 3094 cruciﬁgentibus
2391 3027 2563 3078 oravit
2592 3024 2740 3093 (Lac.
2775 3041 2907 3080 satu
2929 3065 2944 3088 ,
2986 3024 3099 3095 54).
3138 3024 3204 3079 Ει
3234 3039 3368 3092 quo-

1811 3126 1967 3180 modo
1995 3121 2313 3178 venerabilis
2349 3121 2508 3175 Pater
2536 3119 2686 3183 dicit,
2715 3134 2864 3173 reum
2903 3127 3236 3186 pecca‘torem
3263 3116 3366 3189 [in]

87 3277 90 3279 Α
161 3228 346 3268 corum
369 3227 436 3265 ex
479 3210 626 3264 omni
661 3220 832 3278 parte,
867 3224 1018 3262 suum
1061 3209 1232 3276 parati
1275 3208 1601 3262 defensorem
1628 3208 1708 3261 de
1746 3246 1787 3305 ϐ
1815 3215 2038 3270 ecclesia
2073 3229 2180 3269 non
2205 3212 2397 3275 debere
2427 3209 2628 3278 recipi?
2675 3207 2732 3263 Si
2756 3209 3035 3264 ecclesiam
3060 3215 3368 3277 peceatores

157 3300 401 3357 tendere.
451 3299 635 3354 Timor
676 3309 732 3353 et
780 3298 1034 3352 tumultus
1081 3297 1276 3365 ubique
1320 3296 1599 3356 increbuit,
1651 3295 1718 3348 de

163 3404 391 3459 quorum
431 3389 676 3442 manibus
718 3386 912 3442 fratres
953 3387 1124 3442 nostri
1165 3377 1471 3453 eripuerunt
1514 3383 1718 3454 przefati

163 3479 400 3549 episcopi
446 3478 707 3540 homines,
753 3493 818 3531 ne
861 3478 988 3546 quid
1015 3476 1138 3531 maii
1183 3484 1509 3544 paterentur,
1558 3489 1721 3542 popu-

164 3568 383 3638 lumque
426 3566 568 3620 foras
601 3565 878 3621 ecclesiam
923 3567 1257 3634 expulerunt.
1305 3564 1408 3618 Sed
1445 3564 1556 3618 scio
1599 3571 1721 3616 ante

165 3657 500 3712 nominatum
531 3642 831 3724 pontificem
882 3655 1074 3708 multas
1108 3654 1360 3708 dicendas
1404 3667 1522 3706 esse
1567 3666 1718 3704 accu-

165 3746 403 3802 sationes
445 3752 630 3800 contra
673 3743 866 3797 fratres
908 3752 1136 3806 nostros,
1174 3750 1228 3795 et
1253 3756 1370 3809 qum
1412 3749 1557 3807 gesta
1599 3746 1722 3792 sunt

165 3848 512 3903 exaggerare,
547 3841 601 3887 et
630 3831 854 3902 plurima
889 3830 1080 3886 addere
1103 3846 1221 3899 qua:
1241 3838 1387 3899 gesta
1415 3845 1518 3882 non
1545 3836 1717 3890 erant,

165 3925 306 3977 sicut
331 3924 385 3976 in
411 3921 528 3989 ejus
552 3919 704 3993 (Cod.
732 3919 869 3983 Vat.,
901 3920 1000 3991 eis]
1025 3921 1297 3990 legebatur
1322 3919 1514 3972 litteris
1536 3929 1577 3969 ε.

242 4013 394 4081 17],
411 4011 759 4079 Quapropter,
781 4010 870 4066 filii
895 4011 1214 4073 charissimi,
1232 4009 1582 4079 pratcipiendo
1595 4023 1722 4075 pne-

167 4099 310 4167 cipio
322 4097 494 4158 vobis,
507 4102 566 4148 ut
584 4099 835 4165 prostrati
851 4099 1072 4152 veniatis
1090 4107 1211 4150 ante
1229 4099 1388 4166 pedes
1402 4099 1596 4150 domini
1618 4099 1720 4151 mei

168 4185 333 4239 David
350 4184 687 4253 imperatoris
710 4185 998 4253 aequissimi
1014 4193 1067 4241 et
1089 4185 1429 4247 serenissimi,
1454 4185 1722 4254 postulan-

233 4379 419 4448 nCod:
445 4377 574 4448 sal:
612 4395 644 4448 ιγ
668 4377 1037 4448 Theodulphus
1074 4379 1498 4448 archiepiscopus
1527 4393 1590 4431 ex
1615 4377 1719 4430 fra-

165 4449 339 4502 tribus
387 4445 446 4500 S.
497 4446 706 4514 Martini
750 4445 1032 4514 quamdam
1085 4445 1720 4514 habet'diseeptationem

167 4516 411 4570 ﬁdelibus
437 4514 628 4567 vestris
663 4513 733 4584 de
765 4513 990 4581 quodam
1032 4531 1122 4568 reo
1164 4517 1398 4584 fugitivo,
1434 4513 1633 4582 magis,
1664 4522 1722 4566 ut

164 4583 514 4644 arbitramur,
539 4593 603 4632 ex
633 4583 1148 4650 petitionesuorum,
1172 4599 1327 4650 quam
1360 4590 1552 4636 sancte
1578 4599 1719 4636 men-

164 4652 234 4704 tis
256 4651 397 4703 illius
416 4649 809 4717 perturbatione
826 4649 908 4702 vrl
929 4649 1216 4703 iracundia.
1243 4651 1339 4715 Qui
1365 4666 1503 4711 reus,
1527 4670 1544 4701 ι
1565 4660 1714 4704 etc...

235 4721 264 4760 ι·
286 4718 416 4773 Cod.
443 4717 558 4770 Sal:
583 4736 601 4767 ι
631 4718 729 4783 Qui
754 4718 986 4771 redditus
1007 4719 1238 4786 ejusdem
1263 4719 1464 4786 prmfali
1486 4721 1716 4787 episcopi

165 4787 366 4849 missis,
411 4796 470 4840 ut
495 4803 658 4842 sanus
700 4788 1047 4841 deduceretur
1069 4789 1134 4839 ad
1166 4789 1497 4855 praesentiam
1536 4789 1714 4842 domui

166 4856 550 4926 archiepiscopi
594 4857 691 4909 sub
734 4855 834 4909 fide
861 4855 1069 4909 illorum
1104 4857 1171 4910 ad
1211 4861 1519 4926 canon‘cam
1551 4858 1718 4923 paeni-

164 4925 409 4980 tentiam.
437 4925 553 4989 Quo
573 4933 790 4991 accepto
813 4939 916 4978 non
945 4926 1058 4979 ausi
1083 4935 1206 4978 sunt
1233 4939 1352 4978 eum
1381 4925 1573 4980 ducere
1597 4941 1719 4993 pro—

166 5003 285 5064 pter
309 4993 555 5064 insidias,
579 5009 598 5042 ι
628 5001 731 5059 etc.

236 5074 259 5102 ε
303 5061 434 5116 Cum
477 5062 710 5127 episcopo
752 5059 942 5113 nostrai.
1003 5061 1295 5117 Turonensi
1339 5062 1609 5123 videlicet.
1659 5072 1718 5116 ut

168 5132 335 5250 habia:3
353 5127 685 5184 Mahillonius
708 5127 800 5183 lib.
824 5141 968 5183 xxvtt
1000 5128 1188 5182 Annal.
1222 5131 1415 5184 Bened.
1446 5145 1566 5200 pag.
1592 5131 1710 5193 561,

168 5215 220 5250 n.
339 5237 353 5249 .

166 5215 220 5250 n.
267 5215 353 5250 10.

233 5265 262 5304 δ
286 5265 418 5319 Cod.
448 5265 574 5322 Sal:
608 5285 627 5317 ι
659 5263 982 5332 Principales
1009 5264 1251 5319 homines
1277 5266 1606 5320 intraverunt
1630 5282 1716 5322 ec-

167 5333 494 5403 dcsiam'die
521 5335 791 5391 Dominica
819 5349 938 5389 cum
982 5334 1314 5403 sanctissimo
1357 5334 1600 5403 episcopo
1624 5345 1716 5390 no-

167 5410 299 5464 stro,
327 5409 391 5456 ut
422 5402 598 5470 visum
625 5411 726 5470 est,
771 5417 955 5470 rapere
994 5417 1140 5456 reum
1181 5401 1446 5470 jacentem
1487 5401 1610 5460 ante
1635 5421 1713 5459 se-

168 5471 408 5540 pulcrum
433 5469 491 5525 8.
518 5469 840 5540 confessoris
860 5469 1079 5540 Christi,
1097 5469 1538 5540 etsanctitatem,
1567 5494 1585 5525 ι
1611 5484 1711 5528 etc.

241 5551 265 5610 ς
292 5538 405 5610 Hoc
429 5551 598 5610 usque
626 5539 1007 5610 fragmentum
1032 5538 1336 5610 Habillonii‘.

242 5608 263 5646 '
294 5606 426 5662 Cod.
461 5605 571 5662 Bal.
610 5605 844 5662 Altaris:
877 5627 897 5658 ο
939 5610 1182 5662 timentes
1207 5623 1273 5661 ne
1312 5607 1449 5662 inter
1472 5609 1637 5665 altare
1665 5621 1721 5666 ct

168 5677 467 5749 sepulcrum
505 5676 824 5749 sanctissimi
865 5675 1182 5749 confessoris
1223 5674 1422 5749 Christi
1447 5681 1717 5749 sanguinis

123 5761 126 5764 '
168 5743 355 5802 effusio
377 5743 763 5816 forctJiaptus
805 5753 885 5799 est
909 5746 1120 5816 quidam
1150 5747 1307 5816 homo
1337 5743 1491 5816 illius
1518 5743 1714 5816 fugitivi

172 5817 341 5872 etc-dio
367 5814 568 5885 populi,
593 5823 650 5865 ut
671 5813 949 5867 duceretur
976 5813 1134 5877 foras,
1170 5815 1256 5884 qui
1302 5815 1546 5868 clamavit
1573 5813 1715 5869 auxi-

1817 3319 1921 3357 non
1960 3304 2184 3365 intrant,
2230 3300 2475 3360 fortassis
2500 3297 2749 3353 sacerdos
2787 3313 2892 3351 non
2937 3297 3235 3350 invenietur
3273 3297 3366 3366 qui

1815 3392 2007 3445 missas
2042 3398 2219 3445 cantet
2243 3391 2298 3442 in
2324 3405 2405 3452 ea,
2431 3404 2603 3457 neque
2637 3389 2727 3458 qui
2769 3389 3004 3442 cantanti
3035 3388 3369 3456 respondeat,

1816 3483 1919 3538 nisi
1955 3483 2204 3551 quislibet
2226 3495 2391 3549 nuper
2416 3481 2733 3548 baptizatus,
2776 3481 2986 3534 dicente
3019 3478 3221 3534 Joanne
3245 3495 3371 3548 apo-

1817 3572 1994 3625 stolo:
2043 3570 2102 3624 Si
2149 3570 2430 3623 dixerimus
2468 3569 2594 3638 quia
2639 3577 2904 3637 peccatum
2954 3583 3059 3620 non
3104 3567 3367 3628 habemus,

1817 3664 2149 3729 nosmetipsos
2198 3662 2509 3724 seducimus,
2551 3670 2598 3714 et
2642 3660 2829 3713 veritas
2877 3659 2933 3712 in
2975 3659 3120 3712 nobis
3165 3674 3268 3712 non
3293 3668 3370 3712 est

1817 3749 1869 3818 (I
1894 3749 2052 3802 Joan.
2081 3765 2118 3811 ι,
2156 3751 2232 3815 8).
2278 3748 2382 3800 Sed
2408 3747 2654 3801 eumdem
2701 3763 2849 3801 reum
2889 3747 3157 3800 diabolum
3200 3749 3371 3802 nomi-

1818 3841 1931 3894 nari
1978 3840 2029 3892 in
2057 3838 2376 3892 venerabilis
2401 3837 2632 3904 episcopi
2672 3837 2864 3891 litteris
2903 3837 3219 3901 invenimus,
3263 3854 3370 3895 non

1818 3928 2102 3982 hominem.
2153 3925 2266 3979 Non
2301 3926 2503 3993 cogitas
2551 3925 2677 3992 quid
2711 3923 2994 3994 Apostolus
3038 3924 3152 3977 ait:
3194 3924 3372 3980 Nolite

1811 4018 2051 4086 judicare
2085 4025 2202 4068 ante
2227 4025 2422 4082 tempus
2461 4013 2511 4083 (1
2551 4013 2673 4066 Cor.
2704 4029 2776 4076 tv,
2815 4011 2890 4080 5).
2944 4012 3190 4080 Nunquid
3236 4027 3372 4082 prm-

1781 4164 1784 4167 ,
1819 4107 2098 4160 scribimus
2123 4105 2371 4172 potentiae
2397 4103 2548 4175 (Cod.
2585 4101 2700 4156 Vat.
2724 4142 2737 4166 ,
2773 4102 3149 4172 perscribimus
3180 4111 3369 4170 poten-

1819 4191 1914 4260 tia]
1942 4192 2056 4253 Dei,
2083 4201 2140 4243 ut
2183 4192 2498 4244 misereatur
2524 4192 2606 4244 cui
2639 4191 2765 4252 vult,
2791 4192 2880 4258 qui
2911 4191 2986 4244 ait
3012 4207 3024 4242 :
3059 4189 3230 4243 Erunt
3274 4207 3369 4243 no-

1817 4381 1965 4434 lium.
1992 4378 2103 4434 Hoc
2129 4379 2351 4448 populus
2376 4383 2566 4448 partim
2588 4381 2793 4442 videns,
2821 4381 3009 4449 partim
3035 4381 3254 4435 audiens
3277 4381 3372 4436 fuit

1819 4449 1996 4504 subito
2036 4449 2233 4502 clamor
2273 4449 2456 4518 ingens
2496 4460 2549 4502 et
2586 4465 2876 4504 concursus
2908 4451 3114 4518 populi,
3145 4451 3372 4518 maxime

1820 4465 1996 4504 sumtu
2036 4465 2233 4502 clamor
2273 4465 2456 4518 ingens
2496 4465 2549 4502 et
2586 4465 2876 4504 concursus
2988 4465 3114 4518 pull,
3145 4465 3369 4502 maxime

1820 4533 2128 4597 pauperum,
2157 4533 2219 4597 ex
2245 4519 2403 4597 omni
2433 4519 2860 4597 parte_civ_itatis.
2898 4465 3090 4597 gignit
3111 4517 3369 4597 siquidem

1749 4577 1941 4639 Dante
1981 4587 2032 4638 in
2079 4587 2292 4637 civitate
2338 4577 2544 4638 venisse
2590 4588 2793 4639 hostem
2833 4577 3260 4638 Atireliancnscm
3303 4577 3366 4636 ad

1816 4654 2139 4722 profananda
2172 4653 2225 4705 S.
2259 4653 2470 4722 Martini
2505 4653 2774 4722 suffragia,
2815 4653 2938 4722 quia
2983 4652 3221 4722 sciebant
3259 4666 3370 4722 ma-

1816 4719 1941 4798 nere
1967 4720 2220 4798 plurimos
2247 4720 2310 4773 de
2347 4719 2575 4798 civitate
2600 4719 2849 4798 pnedicta
2890 4719 3130 4798 homines
3153 4733 3248 4786 per
3274 4720 3370 4773 vil-

1817 4790 1968 4842 lulas.
1990 4789 2172 4840 Timor
2190 4798 2242 4840 et
2259 4787 2514 4841 tumultus
2528 4787 2721 4855 ubique
2743 4788 3034 4849 increbuit;
3062 4787 3127 4840 de
3145 4801 3369 4855 quorum

1816 4857 2058 4926 manibus
2105 4855 2297 4911 fratres
2336 4858 2498 4909 nostri
2543 4857 2849 4924 eripuerunt
2890 4856 3093 4923 praefati
3138 4856 3367 4926 episcOpi

1815 4925 2075 4994 homines,
2105 4941 2172 4979 ne
2199 4928 2323 4992 quid
2347 4927 2468 4978 mali
2502 4923 2826 4994 paterentur,
2856 4923 3208 4994 populumque
3227 4923 3368 4978 foras

1813 4993 2092 5063 ecclesiam
2125 4995 2455 5062 expuleruut.
2489 4995 2592 5053 Sed
2623 4995 2702 5049 sui
2747 4993 2972 5063 plurima
3003 4993 3207 5053 dicunt,
3249 5006 3367 5058 qua:
3410 5031 3415 5036 .

1816 5061 1888 5114 ibi
1913 5073 2058 5131 gesta
2081 5061 2660 5136 non’erant,‘autlae_ia,
2681 5061 2872 5129 etquae
2898 5069 3042 5136 gesta
3068 5065 3192 5136 sunt.
3209 5073 3367 5136 exag-

1813 5124 1999 5200 gerare
2021 5133 2197 5185 verbis
2236 5131 2529 5200 superﬂuis.
2559 5132 2741 5200 vestra
2768 5124 3020 5184 sanctitas
3045 5124 3364 5200 consideret,

1813 5193 2076 5268 sjjustum
2095 5203 2164 5253 sit
2187 5209 2244 5253 ut
2267 5193 2318 5252 vi
2345 5199 2578 5267 rapiatur
2596 5198 2846 5268 fugitivus
2865 5211 2985 5251 reus
3003 5195 3068 5248 ad
3086 5193 3364 5247 ecclesiam

1815 5266 2030 5336 Christi,
2059 5278 2113 5323 et
2137 5285 2204 5322 an
2224 5266 2432 5336 :equutn
2459 5270 2549 5329 sit,
2581 5287 2598 5319 ι
2631 5266 2734 5322 etc.

1889 5339 1914 5377 ⁸
1949 5327 2078 5392 Cod.
2125 5335 2235 5391 Sat.
2260 5327 2327 5390 εἰ
2361 5327 2735 5390 Calceamenti.
2765 5333 2978 5388 Certum
3011 5337 3096 5384 est
3119 5327 3364 5384 eumdem

1817 5419 1966 5478 reum
2011 5406 2176 5460 multa
2224 5413 2558 5478 perpetrasse
2600 5411 2814 5478 peccata
2854 5398 3148 5478 ctqseelera
3202 5396 3364 5478 impia

1816 5473 2000 5537 valde;
2035 5480 2207 5542 testes,
2224 5466 2752 5542 habetpresbyioros
2759 5470 3002 5542 viventes
3030 5466 3223 5542 adhuc.
3247 5466 3365 5534 qni-

1816 5535 2088 5613 bussuapi
2114 5541 2258 5613 dedit
2276 5535 3074 5613 confessionetn,_Cbristiannm
3096 5535 3161 5590 de
3181 5547 3363 5613 mona-

1818 5610 1979 5665 sterio
2023 5608 2078 5663 S.
2114 5608 2404 5673 Benedicti,
2455 5618 2511 5664 et
2552 5607 2896 5666 Adalbertum
2940 5605 3004 5659 de
3037 5605 3365 5673 monasterio

1819 5680 1874 5731 S.
1914 5676 2142 5748 Martini,
2184 5668 2465 5748 antequam
2501 5675 3003 5748 deprehenderetur,
3030 5668 3364 5748 velAvinculis

1818 5747 2285 5832 constringeretur,
2325 5739 2435 5832 ’νει
2478 5739 2661 5832 pomis.
2696 5750 3048 5832 torqueretur.
3095 5739 3232 5832 Quid
3281 5747 3365 5796 est

1817 5815 1957 5882 quod
1987 5812 2091 5882 ipsi:
2133 5815 2382 5869 Dmnlnus
2411 5812 2555 5868 Jeéus
2595 5813 2704 5865 ait:
2746 5812 2858 5865 .‘Von
2902 5813 3028 5878 t'cm',
3067 5831 3083 5862 ι
3114 5818 3217 5867 etc.
