4400 6430
807 524 902 577 ιιι

1662 478 1723 575 ll:
1759 523 1816 575 Ρ.
1860 522 2081 576 ALBiNl
2121 522 2252 575 ΒΕΓ
2292 519 2564 575 ALCLINI
2604 520 2879 576 OPERUM
2922 521 3096 577 PARS
3131 522 3170 574 ι.

3922 529 4016 584 δῖε

806 614 997 666 rissimi
1019 613 1191 681 primi,
1223 622 1269 666 et
1287 594 1439 681 primi
1466 613 1725 665 norissimi
1750 611 1959 680 (Manli.
1989 628 2100 673 six,
2125 611 2235 679 50).
2265 608 2368 663 Cu-
2396 617 2439 671 Α
2471 616 2540 670 ιιι,
2572 609 2637 662 de
2676 606 2947 661 debilitate
2975 616 3028 660 et
3055 609 3199 661 onmi
3234 623 3511 675 pennarum
3556 625 3751 679 genere
3789 613 3897 667 sint
3939 630 4015 669 se.

799 714 889 765 jus
938 702 1210 769 sapientia:
1253 698 1744 769 interpretationem
1779 701 1831 754 in
1874 699 2010 755 Juda
2058 711 2113 755 et
2155 699 2365 754 latrone

808 787 1017 857 lSnppl.
1051 786 1353 858 habemus].
1394 786 1485 839 ille
1514 788 1578 841 de
1604 786 1902 856 apostolatu
1931 787 2178 856 pependit
2205 788 2255 841 in
2289 786 2365 839 la-

804 891 963 943 queo,
1012 875 1111 929 iste
1152 876 1217 929 de
1258 890 1419 930 cruce
1480 876 1531 928 in
1586 876 1889 943 paradisum
1940 877 2160 930 intravit
2212 874 2361 945 (Luc.

807 981 965 1026 χχιιι,
1009 963 1119 1034 ⁴55).
1158 963 1275 1019 Duo
1304 974 1446 1029 sunt,
1487 965 1617 1020 dicit
1642 966 1829 1018 beatus
1860 965 2150 1034 Gregorius
2171 965 2236 1018 de
2264 966 2366 1019 hac.

804 1054 990 1109 eadem
1040 1054 1322 1115 sententia,
1373 1069 1489 1122 qua:
1536 1054 1763 1108 sollicite
1817 1069 2042 1121 pensare
2088 1054 2359 1117 debemus,

804 1160 923 1213 qua:
951 1144 1131 1197 enim?
1158 1144 1309 1197 Multi
1334 1146 1519 1204 vocati,
1541 1145 1630 1197 sed
1654 1146 1806 1213 pauci
1829 1144 1975 1198 elerti
2004 1154 2120 1197 sunt
2148 1143 2359 1212 (Matth.

804 1248 985 1294 xxvu,
1016 1232 1091 1302 5).
1130 1232 1368 1287 Primum
1409 1226 1510 1294 est,
1558 1242 1616 1286 ut
1659 1234 1723 1286 de
1773 1249 1830 1286 se
1876 1234 2101 1302 quisque
2145 1235 2363 1289 minime

804 1332 1125 1391 przcsumat,
1176 1323 1302 1392 quia
1365 1323 1466 1375 etsi
1505 1321 1618 1390 jam
1672 1324 1738 1377 ad
1792 1311 1946 1377 fidem
1995 1332 2214 1377 vdeatus
2259 1334 2360 1387 es',

802 1422 982 1468 utrum
1031 1416 1246 1483 perenni
1294 1430 1457 1484 regno
1485 1415 1675 1483 dignus
1700 1415 1789 1478 sit,
1830 1415 2020 1468 nescit.
2060 1414 2360 1468 Secundum

800 1518 947 1566 vero,
976 1514 1033 1558 ut
1065 1506 1428 1573 unusquisque
1469 1506 1788 1573 proximum,
1830 1520 1988 1573 quem
2024 1502 2251 1558 fortasse
2280 1505 2382 1574 ja-‘

799 1604 921 1649 ‘cere
948 1596 998 1649 in
1037 1595 1182 1648 vitiis
1205 1594 1480 1663 conspicit,
1517 1594 1796 1663 desperare
1840 1608 1943 1647 non
1988 1595 2199 1656 audeat,
2237 1596 2359 1663 quia

796 1686 989 1740 divina:
1034 1685 1413 1740 misericordia:
1460 1686 1671 1739 divitias
1716 1686 1945 1755 ignorat.
1992 1685 2244 1753 Nunquid
2266 1686 2360 1740 ali-

797 1775 916 1843 quis
934 1784 1182 1843 peccator
1206 1760 1329 1828 talis
1360 1784 1460 1830 est.
1485 1774 1575 1843 qui
1617 1774 1815 1829 Christi
1844 1777 2102 1845 sanguine
2140 1760 2356 1846 purgari

794 1867 900 1919 'non
926 1864 1123 1933 possit;
1148 1873 1201 1918 et
1239 1872 1345 1918 tam
1377 1862 1568 1936 [Edit.,
1595 1862 1778 1935 quam]
1803 1863 2065 1933 profunda
2095 1864 2356 1927 scelerum

2466 697 2600 750 euri.
2639 716 2655 747 ι
2683 695 2761 751 0!
2811 696 3216 750 Aurelianensis
3244 694 3487 766 pontifex
3541 705 3726 753 contra
3774 699 4013 756 Aurelia-

2464 802 2681 840 nensem
2710 789 2969 858 synodum
3014 788 3191 844 facere
3220 788 3397 854 audet,
3446 790 3499 843 in
3530 805 3633 860 qua
3678 790 3895 848 fuerunt
3917 794 4017 865 cpio

2464 877 2629 945 scopi,
2659 886 2719 931 ut
2745 876 2958 946 legitur,
2981 880 3310 949 septuaginta
3339 880 3462 934 duo.
3490 880 3570 935 An
3606 896 3815 952 mquam
3840 894 3895 939 et
3920 885 4016 939 ho-

2463 977 2671 1023 nestum
2715 970 2881 1024 videri
2924 972 3119 1038 poterit
3165 970 3403 1040 ejusdem
3439 971 3672 1026 civitatis
3716 972 4013 1040 pontiﬁcem

2462 1071 2572 1110 suae
2609 1058 2838 1125 propria:
2866 1058 3099 1112 civitatis
3130 1059 3503 1114 auctoritatem
3529 1047 3861 1130 infringere?
3886 1059 4013 1117 item

2462 1146 2663 1213 synodo
2697 1146 3064 1201 Aurelianensi
3091 1145 3209 1217 (tv),
3236 1129 3351 1216 cap.
3382 1146 3446 1201 21
3481 1166 3495 1198 :
3527 1166 3546 1198 ι
3593 1147 3650 1203 Si
3690 1129 3811 1217 quis
3836 1164 4015 1205 neces-

2460 1235 2635 1289 sitatis
2674 1237 2980 1304 compulsus
3027 1237 3091 1289 ad
3141 1237 3380 1291 ecclesia:
3424 1235 3572 1307 septa
3610 1234 3925 1307 confugerit,
3965 1248 4014 1295 et

2460 1325 2736 1378 sacerdote
2763 1340 2853 1379 seu
2892 1327 3175 1394 prmposito
3201 1326 3438 1381 ecclesia:
3473 1330 3831 1395 praetermisso
3856 1339 4012 1401 atque

2461 1422 2782 1484 contempto,
2832 1430 2957 1469 eum
2993 1416 3217 1485 quisque
3252 1416 3319 1471 de
3348 1416 3483 1472 locis
3523 1418 3692 1473 Sacris
3715 1418 3796 1473 vel
3846 1418 4014 1483 atriis,

2460 1518 2551 1558 seu
2582 1505 2632 1558 vi
2658 1520 2750 1559 seu
2802 1506 2922 1561 dolo
2963 1507 3296 1649 abslrabere,
3338 1515 3429 1562 aut
3463 1498 3749 1564 sollicitare
3794 1508 4017 1567 fortasse

2460 1596 2877 1649 praesumpserit.
2900 1605 2958 1649 ut
2982 1596 3053 1649 ini
3116 1596 3230 1649 icus
3250 1596 3491 1649 ecclesia'.
3516 1597 3583 1649 ab
3609 1598 3726 1649 eius
3748 1597 4017 1649 liminibus

2458 1596 2877 1663 praesumpserit,
2900 1605 2958 1649 ut
2982 1596 3230 1651 inimicus
3250 1596 3491 1651 ecclesite
3516 1597 3583 1651 ab
3609 1598 3726 1667 ejus
3748 1597 4017 1655 liminibus

2458 1693 2722 1747 arceatur,
2765 1700 3044 1755 quousque
3062 1684 3214 1752 juxta
3247 1685 3512 1754 pontiﬁcis
3538 1685 3910 1741 discretionem
3943 1688 4018 1742 di-

2458 1790 2561 1845 gna
2598 1782 2695 1845 per
2722 1776 2976 1832 indictam
3006 1776 3374 1845 paenitentiam
3400 1776 3700 1836 emendatio
3727 1777 4018 1849 subsequa-

2458 1874 2576 1931 tur;
2617 1881 2682 1921 eo
2710 1876 2908 1931 tamen,
2939 1868 3031 1938 qui
3071 1884 3101 1922 a
3138 1884 3197 1923 se
3231 1878 3414 1937 raptus
3452 1876 3553 1932 est,
3587 1868 3735 1938 prius
3779 1869 4016 1925 ecclesia

794 1954 1043 2023 voragine
1064 1954 1358 2017 demersus,
1387 1962 1446 2029 ut
1472 1954 1834 2007 misericordia
1859 1953 2054 2007 Christi
2093 1942 2217 2027 eun]
2242 1969 2353 2009 me-
2384 1946 2426 2007 B
2455 1952 2768 2010 restituatur
2811 1955 3012 2029 [Forte,
3039 1956 3330 2031 restituto].
3372 1979 3389 2010 ι
3430 1958 3560 2013 Item
3604 1967 3821 2014 sanctus
3848 1959 4016 2016 Silve-

796 2041 911 2097 deri
940 2058 1045 2096 non
1072 2026 1437 2110 possitiQuid
1460 2032 1603 2095 aliud
1636 2043 1712 2094 ait
1736 2042 1826 2110 qui
1867 2042 1969 2095 hoc
1994 2042 2140 2101 dicit,
2171 2026 2271 2119 nisi
2298 2052 2359 2097 ut

792 2128 1037 2189 Christus
1070 2131 1267 2187 frustra
1314 2133 1699 2187 mortuus'sit?
1726 2118 1943 2187 Frustra
1979 2138 2177 2187 autem'
2208 2149 2353 2190 mor-

792 2230 915 2286 tuus
958 2236 1058 2293 est,
1100 2228 1146 2282 si
1193 2225 1401 2294 aliquos
1427 2238 1530 2277 non
1558 2230 1727 2292 potest
1755 2222 2044 2285 viviﬁcarc,
2076 2224 2165 2292 qui
2204 2224 2357 2280 nobis

790 2317 1001 2374 veniam
1045 2314 1281 2386 quotidie
1326 2315 1506 2368 donat.
1554 2311 1802 2381 Nunquid
1839 2311 2029 2383 [Edit.,
2060 2312 2353 2385 nunquam]

787 2404 989 2475 justum
1016 2414 1098 2460 est
1124 2421 1240 2459 eam
1289 2404 1407 2458 aliis
1436 2403 1721 2471 denegare,
1768 2417 1928 2471 quam
1960 2402 2114 2455 nobis
2160 2388 2357 2455 sedulis

786 2507 1033 2569 optamus
1061 2498 1200 2550 votis
1224 2495 1374 2550 dari?
1399 2495 1480 2549 Ad
1515 2493 1796 2549 ecclesiam
1827 2491 2183 2559 confugimus,
2215 2501 2273 2543 ut
2302 2490 2355 2544 in

785 2597 849 2643 ea
878 2588 1229 2641 exaudiantur
1256 2598 1442 2652 preces
1466 2592 1684 2643 nostrai,
1714 2591 1767 2635 et
1808 2581 2033 2636 aliorum
2076 2594 2264 2649 preces
2300 2581 2353 2634 in

784 2693 850 2732 ea
877 2675 1129 2733 exaudire
1152 2672 1529 2743 dedignemur?
1556 2671 1719 2727 Nobis
1762 2687 1858 2740 per
1894 2679 2200 2725 sanctorum
2238 2684 2359 2738 pre-

786 2782 878 2822 ccs
908 2766 960 2821 in
990 2764 1212 2820 ecclesia
1239 2770 1458 2831 peccata
1502 2761 1697 2816 dimitti
1723 2760 2059 2824 cenlidimus,
2091 2769 2145 2814 et
2189 2751 2356 2814 conﬁ-

786 2852 915 2911 tjnti
950 2862 1168 2925 peccata
1205 2853 1337 2907 duro
1360 2850 1520 2905 corde
1551 2851 1603 2904 in
1631 2852 1815 2904 eadem
1847 2850 2071 2919 ligamus
2090 2848 2355 2904 ecclesia?

785 2944 856 2996 At
906 2941 1189 3011 Apostolus
1241 2939 1514 3009 prmcipit,
1565 2938 1933 3006 delinquentes
1976 2938 2247 3005 corripere
2299 2938 2354 2989 in

783 3034 969 3103 ‘spiritu
1012 3032 1423 3086 mansuetudinis
1450 3029 1593 3101 (Cal.
1634 3047 1710 3090 vi,
1749 3029 1821 3099 i).
1856 3029 1921 3084 Et
1963 3029 2234 3099 apostolus
2264 3027 2354 3082 Ja-

786 3122 997 3175 cohus:
1057 3119 1117 3174 Si
1169 3118 1329 3171 zelum
1371 3135 1610 3170 amarum
1650 3118 1868 3182 habetis,
1914 3127 1962 3170 et
2007 3119 2351 3171 contentiones

2455 2051 2569 2098 ster
2600 2043 2654 2098 in
2685 2045 2840 2102 titulo
2868 2045 2930 2100 2i
2964 2044 3145 2117 (Cone.
3192 2046 3369 2101 Aurel.
3414 2047 3468 2117 ν)
3510 2066 3526 2101 :
3559 2066 3579 2098 ι
3614 2048 3690 2101 De
3733 2050 3904 2103 servis
3927 2052 4014 2121 qui

2454 2148 2551 2202 pro
2575 2134 2813 2202 qualibet
2836 2135 2989 2204 culpa
3015 2135 3083 2189 ad
3122 2135 3364 2191 ecclesiae
3398 2142 3548 2204 septa
3585 2134 3943 2205 canfugerint;
3964 2138 4015 2192 ω

2454 2223 2738 2278 statuimus
2764 2224 3173 2289 observandum,
3196 2225 3335 2280 sicut
3352 2225 3405 2279 in
3426 2225 3657 2295 antiquis
3675 2218 4010 2298 constitutio—

2455 2313 2611 2367 nibus
2636 2320 2849 2367 tenetur
2874 2315 3151 2383 scriptum.
3198 2313 3302 2370 Pro
3338 2330 3588 2372 concessa
3616 2314 3792 2385 culpa,
3822 2314 3961 2373 datis
3983 2327 4013 2371 a

2454 2402 2669 2457 domino
2694 2405 3066 2467 sacramentis,
3104 2405 3346 2473 quisquis
3379 2396 3466 2458 ille
3493 2404 3675 2469 fuerit,
3712 2404 4015 2475 egrediatur

2453 2490 2520 2543 de
2560 2490 2712 2543 venia
2757 2491 2867 2560 jam
2899 2506 3138 2546 securus.
3180 2491 3465 2546 Enimvero
3489 2493 3534 2547 si
3575 2494 3855 2550 immemor
3893 2484 4012 2551 ﬁdei

2453 2575 2697 2631 dominus
2734 2579 3127 2633 transcendisse
3159 2576 3491 2635 convincitur
3529 2582 3670 2652 Quod
3689 2581 3915 2650 juravit,
3952 2593 4010 2638 ut

2453 2660 2499 2715 is
2544 2662 2634 2729 qui
2690 2664 2898 2718 veniam
2956 2675 3253 2735 acceperat,
3310 2665 3584 2736 probatur,
3646 2674 4011 2728 tantummodo

2453 2746 2607 2820 [Cod.
2649 2747 2785 2813 διάη
2825 2748 3191 2826 postmodum]
3214 2771 3312 2824 pro
3355 2771 3417 2810 ea
3457 2754 3608 2829 culpa
3646 2759 4009 2832 qualecunque

2452 2838 2709 2907 supplicio
2740 2842 3034 2907 cruciatur,
3068 2843 3312 2899 dominus
3351 2845 3439 2900 ille
3470 2847 3561 2915 qui
3603 2848 3883 2902 immemor
3914 2847 4007 2903 fuit

2452 2926 2587 2981 datae
2623 2928 2766 2993 lidei,
2802 2930 2872 2983 sit
2899 2931 2967 2985 ab
2992 2933 3227 2987 omnium
3254 2936 3626 2990 communione
3648 2951 3957 3006 suspensus.
3984 2958 4001 2989 ι

2450 3016 2581 3071 item
2619 3021 2853 3089 synodus
2878 3016 3196 3092 Agathensis
3242 3023 3425 3093 (Cone.
3467 3024 3645 3079 Aureli
3679 3041 3734 3091 ι,
3766 3042 3882 3098 cap.
3916 3028 4004 3097 i):

2452 3102 2497 3174 [ι
2535 3105 2740 3161 Placuit
2790 3117 2850 3162 ut
2889 3110 3173 3166 homicida!
3201 3127 3231 3167 a
3258 3109 3463 3169 foribus
3484 3113 3722 3170 ecclesia:
3755 3132 3861 3171 non
3900 3118 4005 3172 cito

787 3210 907 3263 sunt
929 3208 983 3261 in
1005 3206 1245 3260 cordibus
1269 3205 1467 3269 vestris,
1508 3204 1663 3258 nolite
1684 3203 1901 3273 gloriari
1938 3202 2076 3273 (lac.
2102 3220 2159 3258 tu
2180 3244 2194 3265 ,
2240 3202 2348 3273 Η).
2383 3262 2416 3273 _
2450 3193 2737 3261 Ρεηθῐιῑυτο
2765 3197 2819 3252 εί
2842 3200 2910 3253 ab
2948 3201 3093 3255 omni
3131 3216 3324 3271 Senem
3362 3219 3638 3273 Ρωηπιιω
3680 3207 3788 3260 Si!“
3816 3207 4001 3271 liberi:

782 3307 839 3352 ct
866 3306 1079 3360 cetera,
1121 3312 1239 3365 qua:
1264 3297 1328 3349 ad
1357 3269 1701 3364 sequentibus
1738 3293 1854 3365 [F.,
1899 3269 1955 3347 in
1982 3269 2346 3365 sequentibus]
2375 3269 2420 3330 (ἶ
2453 3286 2525 3339 ita
2556 3294 2755 3352 tamen,
2785 3298 2845 3343 ut
2872 3291 2951 3344 eis
2999 3269 3191 3360 quibus
3235 3294 3314 3348 rei
3361 3269 3506 3360 sunt,
3553 3294 3883 3350 satisfaciant
3934 3269 4003 3369 s].

784 3384 1013 3440 terribili
1058 3399 1282 3438 censura
1324 3384 1573 3452 leguntur
1606 3384 1671 3437 de
1699 3383 1785 3436 his
1822 3382 1914 3452 qui
1947 3382 2118 3437 zelum
2150 3384 2350 3437 habent
2448 3372 2580 3429 item
2604 3378 2839 3446 synodus
2864 3378 3225 3451 Agathensis:
3256 3400 3275 3432 ‹
3307 3382 3492 3438 Omnis
3519 3382 3689 3438 ﬁdelis
3711 3385 3802 3453 qui
3832 3387 3886 3440 in
3926 3378 4000 3442 si-

784 3488 1048 3527 ,mamm,
1087 3473 1243 3528 Ζυιιιε
1265 3472 1526 3541 siquidem
1561 3458 1715 3541 11⁷2
1741 3473 1911 3526 bonus
1944 3470 2135 3542 [Ed,¢,,
2174 3472 2347 3526 zelum
2446 3478 2574 3516 num
2601 3465 2843 3519 ecclesiae
2866 3468 3185 3537 confugerit,
3226 3470 3328 3528 hoc
3362 3471 3445 3526 est
3469 3470 3673 3534 matris,
3713 3489 3818 3529 non
3848 3474 4005 3530 facile

783 3550 1006 3634 bonum]
1028 3570 1129 3625 est,
1163 3564 1207 3617 si
1248 3563 1440 3633 spiritu
1477 3562 1897 3616 mansuetudinis
1926 3562 2216 3631 mitigetur.
2244 3561 2348 3617 Cu-
2446 3551 2755 3620 τερειιειῑυτ.
2779 3555 2869 3609 sed
2897 3556 2949 3610 in
2978 3570 3042 3612 ea
3078 3558 3322 3623 eccletIia,
3348 3568 3605 3631 quantum
3635 3562 3844 3630 judices
3868 3565 4005 3617 veri-

784 3653 1011 3706 randum
1038 3661 1123 3707 est
1155 3660 1216 3705 ut
1253 3660 1515 3706 rectorem
1556 3651 1782 3705 subdltis
1816 3659 1871 3704 et
1904 3659 2130 3705 matrem
2175 3652 2349 3721 pietas
2445 3646 2521 3693 ῑθι

2265 3660 2349 3707 ωε
2445 3642 2569 3696 tatis
2594 3640 2966 3710 judicaverint,
2996 3648 3359 3705 satisfactione
3385 3660 3621 3705 sanetur.
3657 3670 3675 3702 ι
3722 3652 3828 3706 Sed
3850 3660 3905 3707 et
3934 3654 4000 3707 de

786 3737 972 3808 [Forte
990 3738 1393 3808 leg.,utrcctor
1416 3736 1958 3793 subditissematrem
1980 3741 2195 3808 pietate,
2221 3740 2344 3814 etc.]
2442 3729 2794 3787 Constantino
2841 3735 3162 3805 imperatore
3209 3738 3468 3808 legimus,
3515 3740 3640 3794 dum
3695 3741 3997 3811 baptizatus

784 3839 839 3884 et
866 3838 1073 3899 patrem
1100 3815 1351 3884 exhibeat
1396 3829 1694 3897 disciplina,
1753 3838 1914 3898 atque
1958 3829 2345 3897 providendum
2445 3817 2626 3884 ῖιιετίῐν
2658 3830 2716 3875 ιιι
2746 3822 2832 3876 die
2870 3833 3063 3893 (ιιιθτιει
3095 3823 3250 3897 [σοάο
3284 3826 3419 3895 δαί-ο
3448 3828 3649 3895 mium
3677 3831 3760 3886 die
3793 3833 4000 3905 quinta]

784 3932 853 3974 ne
889 3925 983 3972 aut
1022 3918 1284 3973 districtio
1311 3918 1500 3987 rigida,
1529 3924 1621 3971 aut
1645 3917 1816 3985 pietas
1841 3918 1911 3970 sit
1931 3919 2171 3972 remissa.
2212 3917 2344 3972 Nam
2442 3907 2745 3977 δυὶυεπιοάί
2789 3913 3065 3968 “aluisset
3108 3914 3298 3985 legem,
3336 3924 3396 3971 ut
3444 3917 3500 3972 in
3543 3930 3859 3987 quocunque
3888 3920 4003 3974 loco

783 4006 1061 4077 disciplina
1118 4006 1201 4060 vel
1246 4007 1611 4062 misericordia
1660 4006 1883 4060 multum
1941 4006 2251 4072 destruitur,
2300 4008 2343 4061 si
2442 3995 2603 4051 Ῐιιοΐὶῐ
2644 3999 2899 4054 fabricata
2928 4003 3174 4069 ecclesia,
3217 4008 3635 4061 consecrationis
3658 4007 3796 4063 hanc
3828 4010 4000 4063 virtu—

781 4109 888 4151 una
920 4096 1035 4151 sine
1062 4096 1229 4150 altera
1268 4104 1530 4149 teneatur.
1571 4082 1774 4148 idcirco
1808 4095 1861 4147 in
1888 4102 2012 4147 arca
2038 4094 2269 4163 ervit-3a
2292 4102 2348 4148 et
2447 4099 2552 4139 tem
2598 4088 2877 4143 obtineat:
2932 4100 2992 4145 ut
3044 4094 3346 4163 quicunque
3389 4109 3511 4150 reus
3542 4097 3593 4150 in
3623 4111 3740 4151 eam
3783 4096 3997 4168 fugerit.

782 4184 977 4239 inauris
1021 4183 1184 4237 fuisse
1222 4183 1413 4252 legitur
1460 4181 1643 4250 (Ilebr.
1689 4198 1762 4245 ix,
1807 4181 1894 4252 4);
1934 4190 1995 4235 ut
2036 4183 2089 4235 in
2127 4191 2345 4251 pectore
2435 4176 2634 4245 iudieis
2696 4181 2970 4249 periculo,
3033 4185 3123 4253 qui
3186 4186 3239 4239 in
3286 4187 3534 4256 prmscnti
3584 4187 3763 4251 fuerit,
3814 4187 3996 4243 defen-

783 4275 1010 4331 rcctoris
1043 4284 1185 4328 esset
1210 4275 1357 4345 virga
1386 4273 1754 4337 districtionis,
1784 4282 1839 4328 et
1879 4288 2073 4326 manna
2112 4273 2345 4329 dulcedi-
2442 4274 2608 4321 selur-
2669 4267 2776 4323 Sed
2819 4279 2874 4325 et
2909 4274 3205 4342 perspectis
3256 4276 3578 4331 cautissimis
3636 4274 3995 4331 Romanorum

783 4365 886 4427 nis,
915 4372 974 4417 ut
1001 4362 1280 4418 Psalmista
1305 4377 1319 4414 :
1366 4360 1518 4432 Virga
1541 4372 1633 4414 tua
1655 4374 1700 4414 et
1722 4360 1935 4415 baculus
1957 4370 2097 4424 tuus,
2127 4362 2239 4431 ipsa
2264 4378 2344 4414 me
2441 4356 2591 4410 libris
2619 4356 2692 4409 ita
2720 4358 2785 4411 de
2823 4357 3055 4427 fugitivis
3077 4362 3144 4415 ad
3179 4362 3417 4416 ecclesia:
3442 4360 3721 4430 cujuslibet
3749 4363 3995 4433 suffragia

782 4453 1048 4507 consolati:
1086 4463 1203 4506 sunt
1229 4452 1399 4522 (Psal.
1446 4466 1587 4515 χιιι,
1614 4451 1691 4522 ι).
1726 4450 1809 4505 Sit
1838 4451 2003 4514 zelus,
2034 4452 2127 4505 sed
2162 4452 2345 4507 mode-
2440 4444 2739 4499 im'enimus
2763 4447 3043 4515 scriptum,
3073 4449 3157 4504 vel
3185 4451 3250 4505 de
3274 4450 3354 4504 eis
3387 4450 3477 4519 qui
3517 4448 3781 4506 Caesarem
3813 4453 3993 4522 appelo

785 4549 899 4595 rate
927 4540 1153 4595 szeviens
1207 4538 1342 4612 [Cod
1352 4580 1361 4591 .
1399 4538 1542 4603 Vat.,
1585 4537 1846 4609 severus].
1898 4538 1982 4592 Sit
2012 4539 2203 4608 pietas.
2249 4539 2342 4594 sed
2373 4594 2418 4612 ﬁ
2442 4530 2668 4598 Ῑειηιννθι
2704 4535 2770 4588 ad
2791 4537 3083 4606 Ρτίηοῖρθηι
3111 4536 3919 4608 εεάυείῦάείωηιοτιιεοάοείιιε
3942 4546 4023 4604 οἱ.

783 4644 888 4683 non
910 4627 1029 4697 plus
1049 4643 1208 4697 quam
1245 4628 1494 4698 expediat
1512 4640 1757 4696 parcens.
2370 4622 2421 4655 υ
2448 4622 2850 4679 Valentinianus
2873 4624 3009 4695 Aug.
3027 4626 3290 4682 Antiocho
3321 4626 3575 4698 praefecto
3596 4630 3847 4697 praetorio
3872 4629 3992 4684 data

854 4717 959 4773 Sed
984 4719 1259 4772 videamus
1291 4718 1420 4786 quid
1446 4719 1512 4771 de
1544 4716 1781 4788 fugitivis
1807 4717 1873 4771 ad
1906 4717 2185 4772 ecclesiam
2218 4733 2342 4773 san—
2445 4726 2481 4765 ι
2508 4711 2841 4782 ΚαΙοΑΡτὶιὶε
2864 4714 3375 4786 Constantinopolim
3398 4715 3550 4788 (Cod.
3582 4713 3995 4781 Vat.,Constan-

782 4812 855 4865 eti
911 4824 1143 4865 canones
1190 4818 1445 4865 censeant
1496 4822 1543 4863 α.
1598 4809 1648 4862 ln
1705 4824 1911 4863 canone
1968 4808 2339 4864 Aurelianensi
2444 4804 2520 4857 lin

2257 4811 2339 4864 nsi
2444 4804 2691 4877 tindpoli]
2713 4805 2975 4862 Antiocho
3007 4816 3063 4861 et
3081 4806 3246 4861 Basso
3280 4805 3604 4869 consulibus,
3630 4804 3994 4876 interpretatio

784 4897 965 4969 (Cone.
1014 4898 1189 4951 Aurel.
1228 4898 1267 4967 ι)
1295 4913 1409 4967 cap.
1451 4900 1504 4962 i,
1545 4898 1782 4967 legitur:
1818 4916 1837 4947 ι
1885 4896 1961 4951 De
1985 4899 2265 4953 homicidis
2286 4907 2342 4953 et

738 5036 739 5039 η
782 4988 1037 5045 adulteris
1061 4995 1117 5041 et
1158 4985 1388 5050 furibus,
1419 4988 1463 5041 si
1504 4989 1571 5041 ad
1600 4986 1881 5042 ecclesiam
1909 4986 2259 5055 confugerint,
2288 4987 2341 5041 id

782 5078 1156 5135 constituimus
1201 5076 1354 5149 [ϐοά.
1394 5076 1544 5141 Sal.,
1596 5075 1904 5149 statuimus]
1951 5077 2339 5132 observandum

781 5168 925 5241 quod
962 5166 1312 5222 ecclesiastici
1348 5181 1581 5221 canones
1620 5168 1973 5221 decreverunt
2000 5174 2057 5221 et
2105 5165 2188 5219 lex
2235 5166 2341 5220 Bo-

782 5270 939 5310 mana
974 5256 1271 5321 constituit,
1302 5263 1364 5325 ut
1395 5256 1463 5309 ab
1486 5256 1727 5312 ccclesize
1750 5250 1906 5311 atriis
1935 5256 2016 5310 vel
2048 5258 2207 5310 domo
2229 5256 2341 5325 epi-

781 5343 927 5413 sc0pi
987 5359 1080 5397 eos
1122 5345 1358 5400 abstrahi
1399 5344 1617 5399 omnino
1662 5359 1769 5398 non
1812 5344 1988 5409 liceat,
2035 5360 2135 5400 nee
2185 5345 2338 5399 alteri

783 5429 935 5503 [Coit
988 5431 1125 5497 Sal.,
1174 5433 1357 5505 aliubi]
1405 5435 1755 5506 consignare;
1804 5433 1905 5487 nisi
1949 5433 2017 5487 ad
2054 5433 2337 5503 Evangelia

783 5518 934 5589 (cod.
972 5519 1107 5587 Sal.,
1132 5522 1200 5576 ad
1225 5522 1529 5594 ecclesiam]
1560 5524 1699 5579 datis
1724 5522 2075 5593 sacramentis
2096 5522 2161 5577 de
2197 5538 2339 5577 mor-

798 5715 805 5725 .
852 5644 1048 5725 f__Cod.
1081 5647 1191 5725 Sat.
1222 5665 1241 5701 α
1265 5649 1587 5707 immundam
1606 5659 1625 5703 :
1644 5649 1757 5725 Hoc
1780 5636 1904 5705 ideo
1918 5644 2038 5725 dico
2061 5650 2339 5725 qnia_s_unt

781 5718 1067 5790 (pudicum
1079 5718 1528 5790 talespeccatorcs
1541 5734 1646 5776 non
1669 5719 1865 5790 debere
1885 5718 2166 5790 ecclesiam
2179 5719 2307 5790 Cbri
2316 5749 2338 5759 -

781 5785 848 5837 sti
874 5786 1094 5860 intrare.
1124 5785 1284 5845 Forte
1304 5790 1408 5843 rari
1434 5791 1654 5860 intrant.
1673 5788 1741 5842 In
1756 5788 2174 5860 φιαιιηηκᾳάίε,
2206 5788 2337 5844 dicit

782 5856 1037 5922 propheta
1070 5874 1083 5909 τ
1113 5873 1385 5913 conuersus
1420 5858 1571 5911 fuerit
1593 5856 1852 5927 peccator,
1880 5856 1983 5908 rita
2009 5858 2136 5911 τίνα
2157 5867 2204 5910 et
2230 5869 2333 5910 non

2446 4892 2585 4964 (Lib.
2612 4906 2665 4948 tv
2691 4892 2821 4949 Cod.
2848 4895 3064 4959 Tlteod.,
3095 4895 3174 4950 De
3212 4895 3292 4948 Itis
3333 4894 3421 4965 qui
3456 4894 3525 4948 ad
3560 4894 3683 4949 eccl.
3727 4895 3987 4966 confug.):

2448 4999 2469 5034 ι
2504 4982 2740 5038 Ecclesia
2764 4992 2819 5036 et
2844 4984 2957 5039 loca
2984 4984 3094 5037 Deo
3120 4985 3315 5050 dicata,
3362 4985 3439 5040 rei
3479 4972 3570 5055 qui
3612 4985 3805 5040 ibidem
3848 5000 3993 5039 com-

2440 5074 2578 5144 pulsi
2601 5074 2790 5130 timore
2818 5069 3171 5146 confugerint,
3197 5076 3269 5131 ita
3294 5084 3559 5141 tueantur,
3596 5083 3655 5129 ut
3683 5074 3841 5128 nullis
3860 5073 3993 5128 locis

2441 5164 2640 5218 sanctis
2665 5164 2731 5218 ad
2752 5164 3101 5233 direptionem
3124 5181 3303 5221 rerum
3324 5169 3430 5219 vim
3448 5180 3513 5220 ac
3534 5154 3779 5219 manibus
3798 5162 3989 5218 afferre

2440 5261 2727 5320 praesumat
2760 5251 2915 5324 [Cod.
2952 5253 3069 5309 Vat.
3094 5264 3143 5308 et
3174 5253 3306 5318 Sal.,
3336 5268 3549 5310 reorum
3574 5253 3680 5307 vim
3707 5267 3771 5309 ac
3797 5255 3985 5309 morti-

2440 5345 2538 5398 bus
2562 5382 2577 5396 .
2596 5382 2609 5396 .
2639 5382 2653 5395 .
2676 5344 3050 5414 praesumant].
3081 5342 3188 5399 Sed
3212 5345 3468 5415 quidquid
3495 5343 3650 5412 spatii
3675 5343 3759 5398 vel
3783 5343 3836 5398 in
3863 5358 3987 5415 por-

2439 5433 2633 5486 ticibus
2657 5433 2739 5485 vel
2782 5434 2836 5486 in
2869 5433 3020 5499 atriis
3052 5433 3136 5488 vel
3157 5434 3416 5497 domibus,
3450 5432 3530 5488 vel
3555 5433 3609 5487 in
3634 5434 3774 5489 areis
3806 5426 3877 5489 ad
3899 5448 3985 5490 ec-

2440 5524 2656 5578 clesiam
2687 5522 3050 5594 adiacentibus
3071 5527 3324 5597 pertinet,
3348 5524 3493 5579 velut
3518 5524 3772 5584 interiora

2440 5656 2704 5729 morietur.
2737 5654 2842 5729 sed
2875 5657 3149 5714 videamus
3178 5656 3308 5726 quid
3345 5655 3411 5712 de
3448 5628 3699 5729 fugitivis
3717 5656 3786 5711 ad
3817 5656 3984 5729 eccle-

2439 5724 2574 5779 siam
2622 5726 2790 5781 sancti
2848 5741 3079 5782 canones
3129 5724 3399 5793 censeant,
3452 5724 3614 5790 etc.)
3668 5724 3982 5781 Intern-die

2439 5793 2622 5845 omittit
2648 5795 2807 5848 rode:
2844 5794 3035 5849 Salisb.
3601 5792 3608 5803 ’
