4400 6470
99 470 206 548 us

1531 478 1909 536 EPISTULA}.

3208 471 3316 526 ιιι

96 599 432 676 pracipimus
456 602 748 666 custodire,
769 610 828 657 ut
855 616 973 655 reos
995 601 1202 655 tlmoris
1231 599 1522 654 necessitas
1541 609 1649 650 non
1676 601 1725 655 A
1752 595 2039 664 gitivorum
2080 593 2388 647 civitatibus
2429 597 2711 661 prmcepta,
2741 597 2796 644 et
2831 587 3092 657 intelligat
3129 584 3318 641 divini-

96 695 429 764 constringat
464 694 606 749 circa
636 691 824 748 altaria
846 705 1082 755 manere,
1108 699 1163 744 et
1178 689 1293 744 loca
1314 687 1653 742 veneratione

94 781 252 852 digna
291 781 550 852 polluere.
587 800 606 833 ι
636 781 769 850 lmp.
803 779 1066 834 Honorius
1085 787 1142 832 et
1166 777 1494 832 Theodosius
1513 774 1647 844 Aug.

96 872 354 946 Ciciliano
377 873 660 942 praposito
680 879 802 940 post
818 870 920 924 alia
943 869 1165 923 daturtx
1186 867 1302 920 Kal.
1321 865 1480 921 Febr.
1497 862 1650 936 [Cod.

106 951 250 1029 ναι..
277 963 424 1018 data.
467 961 596 1017 Cod.
625 959 762 1025 Sal.,
787 959 923 1014 Non.
963 957 1322 1028 Septembris]
1378 956 1650 1018 Ravenna,

95 1055 332 1110 Honorio
355 1070 432 1110 vn
468 1062 523 1110 et
561 1053 862 1109 Theodosio
892 1049 1124 1106 secundo
1144 1047 1397 1117 Augustis
1422 1045 1655 1100 consuli-

94 1148 216 1211 hos,
250 1144 621 1214 interpretatio
642 1141 782 1211 (Lib.
815 1157 872 1195 ιιι
907 1139 1036 1195 Cod.
1065 1138 1293 1202 Theod.,
1316 1137 1389 1189 De
1419 1133 1656 1188 custodia

94 1234 366 1304 reorum):
419 1252 438 1284 ι
470 1232 729 1289 Omnlbus
760 1229 1048 1285 Dominicis
1087 1229 1274 1282 diebus
1311 1225 1518 1293 indices
1559 1223 1656 1277 sub

93 1315 201 1380 ﬁda
229 1323 471 1380 custodia
515 1324 582 1379 de
628 1321 935 1377 carceribus
979 1334 1100 1373 reos
1142 1319 1392 1380 educant,
1422 1323 1481 1368 ut
1522 1315 1598 1367 eis
1627 1329 1656 1366 a

91 1411 414 1468 Christianis
430 1411 514 1465 vel
552 1427 584 1464 a
621 1411 983 1465 sacerdotibus
1008 1401 1302 1462 substantia
1335 1407 1653 1475 przebeatur,

90 1510 149 1556 et
174 1501 246 1555 ad
271 1500 520 1555 balneum
559 1499 1058 1568 praedictis.diebus
1086 1499 1186 1551 sub
1230 1493 1490 1556 custodia,
1530 1492 1660 1545 reli-

89 1592 270 1662 gionis
288 1590 755 1660 contemplatione,
799 1589 1082 1643 ducantur.
1115 1587 1172 1642 Si
1217 1587 1337 1655 quis
1387 1585 1452 1637 de
1479 1595 1660 1638 custo-

88 1683 248 1738 dibus
281 1681 385 1737 hoc
433 1680 654 1750 implere
705 1678 1017 1747 neglexerit,
1079 1691 1313 1746 poenam,
1365 1689 1522 1742 quan
1573 1672 1658 1726 lex

87 1773 207 1840 ipsa
253 1770 552 1834 constituit,
583 1775 804 1840 cogatur
833 1768 1071 1837 implere.
1104 1787 1122 1818 ι
1170 1767 1308 1836 Lege
1340 1763 1476 1818 Julia
1518 1765 1582 1818 de
1608 1763 1661 1816 vi

86 1859 303 1930 publica
328 1859 634 1924 damnatur;
677 1860 770 1928 qui
811 1860 987 1928 aliqua
1015 1867 1275 1926 potestate
1303 1857 1557 1925 prtcditus
1585 1856 1661 1908 ci-

1752 692 1838 736 tus
1867 697 1986 738 esse
2014 690 2292 748 statutum,
2316 689 2376 734 ut
2401 681 2477 735 rei
2506 688 2560 734 et
2584 687 2910 749 peccatores,
2949 677 3175 730 Domino
3209 676 3321 731 Deo

1749 770 2133 834 demandante,
2173 771 2287 826 loca
2326 769 2706 824 dcfensationis
2752 769 3057 823 debuissent
3119 766 3321 820 habere

1751 863 1840 918 ubi
1859 871 2269 933 protegerentur
2291 877 2322 914 a
2347 860 2784 930 persequentium
2810 857 3014 913 insidiis
3031 854 3201 910 kNec
3213 870 3320 910 non

1753 963 1806 1008 et
1852 955 2018 1021 ipsam
2065 952 2312 1013 Romam,
2363 947 2600 1018 aliasque
2640 964 2736 1018 per
2779 947 3034 1000 mundum
3077 945 3322 999 civitates

1753 1041 1958 1111 asylum
2006 1041 2255 1094 statuisse
2284 1039 2350 1094 ad
2385 1037 2598 1092 reorum
2644 1035 3064 1090 defensationem
3108 1033 3320 1102 legitur,

1753 1110 1826 1184 ut
1853 1145 1947 1200 per
1974 1129 2114 1183 illius
2143 1129 2242 1185 loci
2269 1110 2354 1183 vei
2399 1129 2603 1197 templi,
2633 1121 2735 1198 'qui
2779 1127 2917 1195 apud
2966 1141 3059 1180 eos
3105 1135 3323 1181 sanctus

1754 1221 2069 1281 habebatur,
2114 1234 2297 1272 severa
2328 1218 2503 1287 legum
2539 1218 2788 1271 cautione
2827 1215 2979 1287 [ϐοά.
3029 1212 3166 1278 ναι,
3194 1231 3322 1268 cau-

1754 1307 1852 1380 tio]
1893 1309 2242 1376 mitigaretur.
2274 1306 2354 1360 An
2383 1306 2462 1359 fas
2501 1315 2583 1359 est
2620 1306 2760 1374 apud
2787 1305 3124 1359 Christianos
3152 1306 3326 1360 mino-

1756 1401 1832 1454 ris
1857 1414 1972 1452 esse
2006 1398 2226 1452 honoris
2263 1397 2557 1450 Ecclesiam
2589 1395 2809 1460 Christi,
2861 1411 3019 1464 quam
3065 1396 3318 1464 templum

1755 1489 1901 1544 Jovis
1927 1491 2066 1558 apud
2109 1503 2372 1559 paganos;
2402 1487 2485 1541 vel
2519 1486 2689 1541 beata:
2720 1486 2898 1540 Maria:
2930 1487 3202 1556 genitricis
3232 1487 3325 1540 Dei

1757 1581 1993 1644 domum,
2022 1596 2181 1651 quam
2228 1579 2402 1647 impiae
2438 1577 2662 1633 Junonis
2710 1578 2911 1648 asylum
2945 1576 3213 1631 inferioris
3241 1591 3325 1630 ve-

1759 1671 2048 1725 nerationis
2079 1670 2261 1724 haberi
2295 1670 2307 1721 ἐ
2347 1681 2438 1722 aut
2479 1671 2592 1738 ipse
2633 1670 2824 1724 beatus
2866 1651 3142 1732 Martinus,
3165 1682 3327 1722 verus

1759 1761 1851 1815 Dei
1880 1760 2052 1814 cultor
2089 1759 2141 1812 in
2168 1758 2475 1813 Christiano
2503 1759 2729 1828 imperio
2767 1759 2944 1812 minus
2977 1757 3219 1813 venerari
3249 1756 3328 1810 fas

1758 1850 1858 1911 est,
1883 1864 2037 1917 quam
2066 1844 2344 1915 S'colapius
2370 1846 2610 1911 falsator,
2633 1847 2686 1900 in
2709 1851 3037 1915 paganorum
3067 1854 3330 1914 potestate
3401 1837 3404 1840 ί

89 1928 235 2013 rem,
265 1948 565 2003 Romanum
603 1949 979 2017 imperatorem
1021 1947 1372 2016 appellantem
1422 1944 1561 2014 (Lib.
1617 1959 1654 1996 ιι
1691 1928 1733 1986 Β
1761 1939 1981 1994 habuit?

85 2031 144 2094 et
163 2053 232 2094 xv
253 2038 381 2094 Cod.
412 2039 641 2102 Theod.,
669 2036 1058 2107 de'Ap'pellatz),
1089 2036 1359 2089 necaverit
1382 2033 1656 2104 [necarive

81 2133 330 2199 iusserit,
375 2131 1040 2195 torserit,.verheraverit,
1089 2124 1544 2206 condemnaverit]
1602 2125 1656 2177 in

87 2225 176 2280 Via
221 2223 436 2294 publica
467 2222 641 2277 vincla
692 2222 814 2278 duci
856 2221 1110 2290 iuSserit;
1162 2218 1316 2288 cuius
1369 2219 1443 2273 rei
1501 2216 1656 2285 173

84 2327 249 2383 pinna
269 2315 324 2368 in
345 2313 659 2368 humiliores
675 2313 848 2382 capite
866 2311 1057 2383 [Edit.,
1077 2310 1306 2383 capita];
1327 2311 1377 2363 in
1391 2308 1659 2362 honestio-

89 2420 179 2460 res
205 2405 396 2460 insulae
431 2405 801 2473 deportatione
840 2411 1170 2480 coercentur.
1218 2402 1356 2470 Lege
1402 2397 1541 2453 Julia
1567 2398 1657 2452 de-

86 2500 299 2553 cretum
326 2505 438 2560 est,
469 2506 528 2552 ut
550 2512 649 2567 pro
671 2497 922 2550 violentia
965 2492 1118 2566 [Cod.
1137 2509 1143 2515 “
1161 2493 1298 2557 Sal.,
1328 2508 1424 2562 per
1452 2491 1659 2546 violen-

87 2583 222 2644 tiam
252 2587 488 2661 publica]
530 2589 831 2690 dgmnetur,
876 2589 1177 2656 quicunque
1202 2581 1662 2685 iudex.appellan-

88 2688 221 2746 tem,
247 2688 308 2734 ut
331 2679 401 2734 ad
428 2674 684 2748 principis
720 2677 1334 2746 przesentiam'ducatur,
1373 2674 1661 2743 ingenuum

89 2771 367 2825 hominem
396 2768 476 2822 vel
495 2768 666 2822 civem
704 2767 1000 2820 Romanum
1029 2763 1273 2836 [factum]
1306 2765 1542 2826 torserit,
1565 2778 1660 2817 oc-

84 2859 301 2920 ciderit,
349 2857 434 2912 vel
472 2857 642 2911 occidi
672 2855 914 2923 jusserit,
943 2855 1027 2908 vel
1068 2856 1119 2908 in
1167 2854 1392 2908 vinculis
1430 2836 1661 2920 publicis

86 2947 424 3010 astrinxerit,
464 2946 545 3000 vel
569 2945 789 3024 ﬂagellis
815 2944 1104 3007 exciderit,
1127 2951 1220 2997 aut
1241 2943 1497 2996 damnare
1521 2943 1658 3008 prai-

87 3036 402 3106 snmpserit.
444 3037 549 3092 Pro
583 3052 687 3106 qua
735 3053 794 3092 re
847 3035 1158 3090 humiliores
1207 3049 1448 3103 persona;
1487 3033 1662 3101 capite

87 3125 390 3198 puniuntur
419 3127 610 3199 [Edit.,
636 3126 950 3198 ponuntur],
983 3126 1318 3180 honestiores
1353 3126 1404 3178 in
1434 3124 1661 3178 insulam

88 3219 423 3289 relegantur.
452 3217 671 3288 Legitur
707 3219 762 3271 in
810 3216 1019 3279 Orosio,
1061 3217 1196 3269 libro
1223 3233 1318 3279 vn,
1354 3217 1420 3270 de
1445 3215 1660 3270 Alarico

90 3322 238 3377 rege,
270 3307 364 3377 qui
414 3306 636 3360 Romam
678 3306 905 3368 obsedit,
955 3305 1167 3373 irrupit,
1214 3306 1463 3368 vastavit,
1513 3305 1658 3372 quali

89 3395 394 3450 intentione
438 3395 572 3449 locis
610 3395 812 3450 sanctis
847 3395 988 3450 idem
1028 3409 1266 3465 paganus
1310 3408 1397 3448 rex
1437 3393 1660 3462 paraei-e

84 3487 268 3554 iussit,
321 3493 382 3541 ιιι
417 3485 606 3542 eadem
636 3487 796 3542 verba
837 3502 1098 3556 ponamus
1150 3485 1342 3557 [Edit.,
1390 3485 1658 3558 ponimus]

90 3587 214 3648 qua
257 3579 400 3633 idem
434 3575 721 3634 historicus
743 3582 826 3632 vir
847 3581 1043 3648 posuit,
1081 3580 1171 3648 qui
1207 3586 1327 3647 post
1370 3594 1660 3648 congruam

93 3683 278 3722 rerum
311 3676 583 3737 gestarum
630 3670 825 3724 seriem
873 3669 1065 3724 litteris
1094 3671 1408 3740 subiunxit:
1446 3690 1464 3721 ι
1497 3671 1663 3725 Adest

91 3755 362 3820 Alaricus,
418 3757 681 3826 trepidam
731 3757 954 3811 Romam
999 3758 1227 3821 obsidet,
1287 3759 1663 3825 turliatamque

93 3847 372 3916 irrumpit,
407 3846 536 3902 dato
567 3856 1048 3924 tamenpraecepto
1082 3848 1252 3914 prius,
1281 3856 1340 3900 ut
1381 3849 1424 3901 si
1459 3848 1580 3916 quis
1607 3848 1663 3903 in

93 3945 286 4017 saneta
309 3937 443 4000 loca,
469 3939 732 4007 praecipue
757 3938 811 3991 in
837 3947 1142 3991 sanctorum
1173 3938 1534 4006 apostolorum
1564 3939 1663 3994 Pe-
1711 3971 1717 3975 -

93 4027 167 4083 tri
193 4034 251 4081 et
271 4025 421 4081 Pauli
446 4027 694 4082 basilicas
716 4026 1058 4096 confugisset,
1085 4028 1181 4082 hos
1205 4029 1466 4097 imprimis
1496 4028 1665 4084 invio-

92 4117 236 4172 latos
277 4131 498 4172 securos
531 4132 650 4174 esse
691 4119 998 4196 sinerent.»
1039 4120 1106 4173 Ει
1133 4122 1239 4188 'quo
1286 4121 1488 4176 honore
1535 4128 1664 4178 vasa

92 4217 284 4264 sancta
315 4217 591 4278 reportare
612 4208 864 4277 iussisset
899 4211 1109 4264 inventa
1154 4210 1221 4265 ad
1253 4212 1525 4274 ecclesias,
1575 4213 1663 4268 ille

93 4297 291 4370 [ϐοάάι
334 4295 452 4352 Vat.
478 4308 524 4352 et
552 4296 695 4361 θαι..
723 4297 842 4370 ibi],
879 4299 968 4367 qui
1003 4299 1143 4354 scire
1171 4298 1458 4365 desiderat,
1486 4301 1663 4370 legere

92 4387 313 4457 poterit.
343 4387 400 4443 Si
423 4387 588 4461 [quis]
625 4388 742 4443 hte'c
767 4403 885 4457 quae
911 4389 1185 4458 posuimus
1209 4392 1472 4446 canonum
1508 4399 1563 4445 et
1589 4392 1665 4445 le-

92 4490 224 4546 gum
276 4477 583 4540 testimonia
633 4477 870 4532 minares
926 4492 1046 4532 esse
1097 4479 1446 4533 auctoritates
1502 4477 1656 4549 [ϐοά.

94 4565 235 4630 80L,
277 4565 345 4620 de
391 4567 685 4620 canonibns
719 4567 803 4621 vel
867 4567 980 4633 lege
1029 4567 1267 4620 Romana
1297 4605 1311 4619 .
1347 4606 1360 4618 .
1395 4607 1408 4618 .
1440 4568 1662 4623 minoris
1689 4575 1739 4633 υ

93 4663 216 4710 esse
239 4653 596 4726 auctoritatis]
622 4656 869 4720 :estiniet,
907 4655 1044 4724 legat
1067 4655 1232 4722 ipsius
1258 4656 1466 4709 Domini
1488 4657 1552 4710 de
1581 4655 1664 4710 fu-

101 4872 105 4876 τ
165 4819 193 4850 ⁸
230 4807 814 4880 ϐοᾶ.ὃαιίεῒ)ιιιἐβηείε
833 4807 1068 4880 hoclocp
1091 4807 1161 4860 ita
1187 4807 1396 4880 pergit;
1428 4827 1447 4859 ι
1469 4807 1526 4880 in
1551 4819 1666 4863 tan-

95 4879 236 4943 tum,
260 4888 327 4950 ιιι
356 4879 423 4932 de
458 4878 898 4950 servis'fngitivis
937 4879 987 4932 in
1026 4878 1435 4950 Denteronomio
1472 4878 1666 4950 legitur

98 4947 473 5030 demandasse,
503 4956 565 5030 ut
595 4962 698 5000 noo
729 4947 1077 5030 redderentur
1103 4948 1332 5030 dominis
1359 4947 1576 5030 propter
1606 4951 1669 5003 ti-

97 5031 305 5091 morem
332 5017 736 5090 tormentorum.
783 5017 982 5136 Eidem
1013 5019 1190 5080 verba,
1218 5032 1336 5098 qua:
1371 5017 1442 5072 ibi
1461 5017 1465 5018 “
1486 5019 1667 5096 legun-

99 5098 234 5156 tur:
267 5086 392 5142 Non
419 5085 592 5156 trades
615 5099 815 5156 servum
879 5102 1050 5156 animo
1073 5103 1188 5149 suo,
1221 5104 1308 5156 qm
1347 5087 1415 5140 ad
1456 5098 1505 5142 te
1545 5107 1668 5144 con-

99 5153 318 5228 τοκῆι,
343 5155 438 5211 sed
466 5155 712 5228 habitabit
739 5164 904 5206 tecum
933 5157 987 5206 in
1015 5155 1142 5228 loco,
1183 5153 1270 5224 qni
1310 5158 1356 5208 ei
1391 5157 1664 5226 placuerit,

98 5224 250 5281 α’ἕι
287 5242 398 5280 una
441 5225 646 5279 ιιι-οἰκίη
690 5235 898 5279 tuarum
939 5224 1234 5292 requiescet,
1274 5241 1365 5277 nec
1392 5224 1667 5282 contristes

97 5309 219 5346 eum
248 5293 430 5362 (Deut.
463 5305 616 5356 xxtu,
652 5293 735 5358 15,
768 5292 874 5363 16).
917 5292 1038 5346 Ηωο
1076 5293 1284 5363 Domini
1324 5302 1447 5347 sunt
1485 5298 1665 5360 verba,

101 5377 210 5434 non
233 5363 622 5434 _alterius,quze
643 5363 803 5434 omni
819 5362 1157 5434 veneratione
1184 5362 1520 5433 intelligenda
1545 5377 1670 5420 sunt

100 5430 170 5500 ad
197 5430 592 5486 observandum
613 5433 900 5490 secundum
924 5431 1176 5500 temporis
1197 5430 1665 5500 opportunitatem.

102 5497 210 5555 sed
236 5507 299 5572 et
318 5501 374 5554 in
399 5501 639 5572 historiis
664 5514 904 5558 veterum
933 5497 1122 5572 legitur
1149 5501 1203 5572 in
1231 5497 1546 5572 civitatibus
1574 5519 1666 5572 pe-

101 5583 171 5624 ne
209 5569 410 5641 ubique
440 5569 646 5641 asylum
679 5587 798 5627 esse
833 5568 1050 5641 propter
1084 5568 1342 5641 refugium
1381 5568 1671 5629 scelerato-

101 5652 255 5721 rem,
279 5639 338 5694 et
497 5639 898 5721 apud_paganos
926 5639 1318 5721 qnan_to.magis
1340 5643 1488 5721 apud
1517 5643 1672 5721 Chri-

102 5709 308 5766 stianos
342 5708 919 5768 misericordiae'causa
943 5708 1200 5766 Ecclesia:
1232 5708 1426 5765 debent
1474 5712 1671 5768 habere

107 5779 365 5836 honorem
387 5793 548 5850 suum
581 5777 635 5832 in
651 5776 1004 5850 fugitivorum
1043 5779 1368 5836 solatium?)
1414 5779 1514 5835 Hic
1550 5782 1670 5850 ﬁnis

108 5848 445 5920 cst-epistola
481 5848 538 5902 t'tt
574 5845 688 5903 cod.
714 5845 1128 5918 'Salisburgemi.
1424 5889 1427 5894 ν

1829 2042 1952 2096 Haec
1986 2043 2246 2112 siquidem
2274 2044 2472 2107 omnia,
2504 2043 2549 2097 si
2571 2039 2787 2098 domino
2817 2055 2936 2096 meo
2969 2035 3135 2094 David
3164 2039 3327 2109 impc-

1759 2133 1937 2198 ratori,
1963 2116 2419 2187 Christianissimo
2444 2141 2498 2186 et
2534 2132 2677 2186 omni
2717 2133 2919 2189 honore
2957 2132 3050 2186 Dei
3096 2130 3330 2184 devotis-

1759 2222 1893 2276 simo
1941 2221 2331 2295 lcgantursvel
2377 2222 2553 2275 verbis
2589 2222 2828 2290 pacificis
2873 2222 3139 2284 dicantur,
3191 2219 3323 2282 scio,

1758 2311 2153 2365 sanctissimum
2193 2309 2334 2364 illius
2361 2308 2595 2363 a‘nimum
2624 2320 2676 2364 et
2706 2306 2905 2379 pietate
2933 2310 3318 2380 plenissimum.

1758 2407 1813 2453 et
1857 2400 1914 2453 in
1957 2399 2196 2461 custodia
2245 2397 2612 2453 mandatorum
2655 2399 2752 2453 Dei
2793 2399 3185 2462 cautissimum,
3236 2400 3328 2468 qui

1760 2489 1920 2543 nullis
1946 2489 2143 2558 poterit
2179 2491 2489 2549 muneribus
2525 2489 2587 2544 de
2620 2490 2704 2544 via
2739 2491 2981 2544 veritatis
3019 2491 3186 2545 averti
3233 2491 3325 2559 qui

1756 2580 1937 2635 omnia
1969 2582 2039 2633 ita
2069 2580 2308 2634 decernit
2335 2588 2388 2634 et
2418 2579 2616 2636 iudicat
2646 2579 2797 2653 [ϐοά.
2836 2579 2951 2635 Vat.
2975 2617 2990 2642 .
3019 2579 3330 2653 deiudicat],

1759 2673 1897 2727 sicut
1926 2671 2151 2724 Domino
2188 2672 2294 2724 Deo
2330 2668 2454 2725 Jesu
2488 2671 2700 2725 Christo
2734 2673 3013 2742 placuerit,
3043 2683 3097 2726 et
3128 2673 3327 2728 sanctis

1759 2764 1873 2832 eius
1899 2765 1949 2828 δ,
1986 2773 2039 2818 et
2067 2765 2166 2817 sibi
2206 2764 2308 2817 erit
2344 2772 2842 2849 merces-perpetua
2883 2765 2935 2818 in
2971 2772 3172 2819 (eterna
3208 2765 3328 2820 bea-

1758 2855 1985 2908 titudine
2022 2863 2074 2907 et
2113 2853 2237 2908 filiis
2267 2854 2378 2907 suis
2412 2855 2709 2909 benedictio
2746 2856 3090 2924 sempiterna.

1833 2951 1966 3019 Ecce
1996 2974 2301 3018 sanctorum
2334 2981 2556 3021 censura
2586 2967 2738 3038 [Cod.
2781 2967 2916 3028 ναι..
2944 2967 3208 3040 censum]
3237 2985 3329 3024 ca-

1761 3071 1978 3118 nonum,
2002 3070 2126 3109 ecce
2151 3054 2397 3126 legalium
2424 3057 2558 3110 scita
2581 3057 2881 3111 litterarum
2911 3057 3214 3114 firmissime
3234 3059 3332 3113 ho-

1760 3164 1945 3203 norem
1970 3148 2314 3204 ecclesiarum
2339 3148 2542 3203 Christi
2568 3149 2620 3203 in
2649 3150 2960 3219 patrociniis
2985 3149 3330 3220 fugitivorum

1684 3251 1733 3312 ο
1761 3238 2067 3291 conservari
2099 3235 2306 3304 iubent.
2351 3236 2629 3307 Nunquam
2659 3238 2926 3293 credimus
2969 3247 3027 3292 ut
3067 3239 3330 3294 Christia-

1763 3326 2016 3382 nissimtts
2040 3337 2092 3382 et
2118 3330 2492 3384 serenissimus
2529 3315 2819 3398 imperator
2852 3329 3079 3384 domnus
3111 3329 3333 3386 Carolus

1762 3416 2031 3486 Augustus
2056 3418 2212 3470 aliter
2237 3418 2526 3485 praecipiat,
2555 3419 2656 3472 nisi
2679 3428 2735 3471 nt
2765 3429 3069 3475 sanctorum
3092 3436 3332 3476 censura:

1761 3522 2024 3560 canonum
2053 3519 2108 3561 et
2132 3507 2373 3574 legalium
2397 3506 2592 3580 [edicta
2621 3507 2920 3562 litterarum
2942 3525 3000 3564 se
3030 3511 3246 3573 habent,
3281 3519 3335 3563 et

1762 3607 1823 3652 ut
1850 3607 2218 3654 antecessores
2240 3599 2319 3652 sui
2352 3606 2672 3660 statuerunt,
2697 3614 2795 3653 nec
2815 3607 3013 3654 sanctae
3036 3600 3128 3653 Dei
3153 3599 3335 3653 Eccle-

1763 3689 1854 3740 sia:
1881 3689 2069 3750 honor,
2102 3703 2200 3740 nec
2229 3687 2307 3741 sui
2335 3687 2510 3756 magni
2533 3687 2764 3741 nominis
2781 3687 3079 3743 reverentia
3101 3697 3153 3740 et
3175 3687 3335 3741 timor

1762 3777 1937 3830 minor
1961 3777 2116 3829 debet
2145 3791 2263 3830 esse
2291 3776 2344 3828 in
2373 3768 3006 3842 regho‘excellentissimo
3033 3787 3084 3830 et
3113 3777 3336 3844 imperio

1760 3868 2148 3937 potentissimo,
2179 3865 2262 3919 vel
2287 3865 2341 3919 in
2372 3866 2548 3933 aliqua
2573 3865 2829 3934 dignitate
2848 3873 2901 3917 et
2921 3856 3122 3918 honore
3141 3865 3332 3928 minui,

1761 3959 1855 4014 sed
1881 3973 2094 4028 semper
2122 3957 2323 4027 augeri,
2357 3956 2422 4008 ad
2449 3955 2658 4009 laudem
2679 3962 2732 4008 et
2750 3954 2971 4024 gloriam
2999 3953 3208 4008 Domini
3237 3971 3333 4010 no-

1761 4053 1856 4108 stri
1886 4052 2011 4108 Jesu
2042 4051 2260 4115 Christi,
2284 4051 2372 4120 qui
2397 4066 2519 4104 eum
2550 4064 2708 4118 super
2733 4064 2919 4104 omnes
2946 4048 3079 4103 alios
3103 4063 3257 4118 reges
3281 4057 3336 4102 et

1761 4144 2111 4220 imperatores
2137 4141 2410 4208 sapientia:
2437 4139 2630 4194 decore
2655 4139 2954 4203 honoravit,
2989 4144 3043 4193 et
3067 4137 3215 4207 regni
3243 4145 3336 4206 po-

1764 4232 1928 4286 tentia
1955 4231 2214 4306 exaltavit
2243 4229 2292 4300 ε1
2325 4229 2374 4282 ἀ.
2889 4244 2895 4251 ε

2070 4342 2074 4346 ’
2149 4364 2306 4436 174
2349 4375 2372 4403 e
2401 4347 2729 4421 EPlSTOLA
2769 4366 2994 4421 CLVIII.

1856 4494 1920 4530 so
1961 4491 2187 4530 Αιιςικυιι
2226 4473 2528 4529 ιιλιιὶετιιυιι
2561 4491 2630 4529 ετ
2669 4492 2736 4530 AD
2771 4490 3240 4530 CONGRBGATIONEI

2146 4560 2464 4598 IONASTEBII
2496 4559 2680 4598 SANCTI
2706 4559 2949 4598 IARTINI.
3303 4560 3310 4566 ’

1765 4654 2224 4724 Congrcgationem
2259 4652 2319 4706 S.
2343 4626 2583 4705 'Martim'
2623 4653 2941 4720 reprehendit
2980 4654 3042 4706 ob
3079 4655 3335 4722 delensio-

1836 4811 1865 4852 ι’
1901 4809 2026 4863 iliat
2054 4823 2264 4863 sensus.

1838 4891 1860 4918 ο
1906 4879 2067 4950 Uncis
2099 4879 2303 4934 inclusa
2343 4892 2411 4932 ex
2451 4879 2570 4932 cod.
2620 4876 2740 4932 Vat.
2774 4878 3169 4950 _restituuntur,
3215 4895 3336 4950 qua:

1766 4950 1988 5016 deerant
2027 4949 2080 5003 in
2119 4949 2303 5004 codice
2337 4963 2445 5018 quo
2484 4963 2613 5002 usus
2651 4955 2734 5002 est
2773 4947 3038 5003 Baluzius.

1834 5019 1860 5059 ἀ
1901 5019 2060 5074 Juvat
2084 5019 2209 5073 huic
2233 5016 2490 5086 epistolas,
2513 5019 2582 5072 ob
2601 5032 2793 5071 nexum
2815 5019 3148 5083 historicum,
3173 5016 3339 5085 subii-

1767 5105 1888 5144 cere
1926 5089 2317 5157 responsoriam
2345 5089 2522 5143 Caroli
2554 5087 2726 5158 Magni
2758 5087 3115 5158 imperatoris.

1843 5169 1866 5197 ο
1895 5155 2067 5227 Magni
2100 5160 2377 5222 momenti,
2407 5158 2577 5227 inquit
2603 5155 2850 5211 Baluzius
2875 5158 2927 5211 in
2955 5156 3232 5227 notissuis
3264 5155 3331 5209 ad

1767 5224 2093 5296 Capitularia
2121 5235 2251 5281 tom.
2282 5227 2341 5289 ll,
2369 5224 2494 5297 pag;
2525 5227 2682 5290 1062,
2709 5236 2788 5281 est
2819 5229 2920 5280 ista
2941 5224 3337 5297 Carolicpisu):

1767 5295 1900 5360 la,’a
1927 5313 2121 5366 magno
2142 5295 2390 5366 principe
2397 5295 2459 5366 et
2475 5295 2678 5364 iurium
2715 5295 2997 5366 sacerdotii
3016 5301 3103 5366 iet,
3122 5295 3334 5366 imperii

1767 5364 2095 5436 peri'tissimo
2123 5364 2342 5434 scripta.
2371 5365 2477 5436 Hic]
2516 5366 2662 5436 vides
2684 5364 2936 5436 clericum
2981 5365 3049 5418 ab
3086 5364 3338 5436 episcopo

1769 5432 1867 5490 suo
1897 5436 2187 5493 secundum
2209 5432 2442 5494 canones
2466 5432 2775 5498 iudicatum,
2801 5440 2855 5486 et
2879 5433 2930 5486 in
2949 5433 3189 5487 custodia
3211 5447 3336 5501 pro-

1769 5515 1889 5576 pter
1906 5521 2002 5561 sua
2025 5505 2214 5576 merita
2250 5501 2532 5576 inclusum,
2560 5502 2759 5576 ruptis,
2785 5510 2844 5576 ut
2875 5503 2950 5576 ita
2981 5503 3180 5576 dicam,
3218 5518 3338 5576 car-

1770 5569 1909 5630 ceris
1932 5574 2175 5636 vinculis,
2203 5572 2256 5626 in
2273 5571 2558 5644 ecclesiam
2591 5569 2762 5625 sancti
2795 5571 3005 5626 Martini
3033 5570 3338 5644 confugisse

1769 5653 1824 5698 et
1851 5646 2076 5713 abusum
2117 5643 2400 5713 sanctitate
2424 5641 2524 5696 loci
2543 5681 2558 5704 ,
2590 5653 2659 5713 _ut
2685 5655 2898 5713 pinnam
2921 5642 3191 5713 evaderet,
3214 5657 3337 5713 qua:

1771 5714 1825 5766 in
1852 5709 1972 5767 eum
1995 5713 2195 5780 optimo
2212 5710 2408 5780 iudicio
2432 5709 2724 5768 constituta
2747 5709 2939 5767 fuerat.
2956 5712 3119 5768 Vides
3139 5709 3336 5768 deinde

1773 5783 2084 5845 monachos,
2127 5790 2184 5835 ut
2208 5781 2338 5850 asyli
2377 5781 2460 5835 sui
2505 5780 2811 5850 religionem
2862 5789 2914 5836 et
2956 5782 3330 5837 auctoritatem

1775 5852 2130 5918 vcnditarcnt,
2163 5850 2381 5907 latebris
2423 5851 2567 5907 illum
2617 5850 2729 5905 suis
2763 5851 3082 5919 occultasse,
3109 5854 3330 5923 eiusque
