4400 6404
871 438 975 492 H9

1708 437 1766 503 Il.
1804 439 1864 490 F.
1905 436 2128 492 ALBINI
2165 435 2295 491 SEU
2333 434 2607 511 Αιουιδι
2643 433 2929 491 OPERUM
2963 434 3138 490 PARS
3177 436 3216 488 I.

3984 437 4075 493 ιω

868 548 1113 620 ῳιτιιεὶνίι
1130 548 1197 603 ab
1219 563 1283 603 co
1307 555 1484 601 utrum
1510 548 1652 603 Deus
1672 548 1829 617 Pater
1853 548 2036 603 volens
2056 564 2125 602 an
2150 547 2337 602 nolens
2359 546 2430 600 sit
2454 552 2500 606 Α
2529 542 2751 613 aliquid.
2775 543 2881 599 Sed
2907 544 3064 599 modo
3090 544 3364 613 videamus
3402 544 3591 601 borum
3638 544 3945 603 distantiam
3990 563 4077 603 uo-

870 639 1044 695 Deus?
1064 648 1142 706 ut,
1167 653 1214 694 si
1252 637 1597 708 responderet
1619 636 1815 704 nolens,
1861 645 2175 706 sequeretur
2211 636 2427 689 miseria

869 722 1220 793 necessitatis,
1270 742 1432 798 quam
1479 726 1546 781 de
1579 726 1689 782 Deo
1732 726 1952 782 credere
1979 740 2171 795 magna
2219 724 2427 777 insania

867 827 981 883 est;
1004 818 1050 873 si
1073 824 1253 872 autem
1300 816 1502 870 diceret
1517 814 1710 879 volens,
1740 814 2153 885 responderetur
2202 813 2272 876 ei,
2302 827 2429 881 ergo

866 917 921 963 et
937 909 1052 978 ipse
1076 906 1346 963 voluntate
1369 921 1463 960 sua
1484 906 1623 960 Deus
1646 913 1744 967 est,
1776 921 1883 977 non
1904 913 2115 958 natura.
2132 902 2274 970 Quid
2298 918 2429 971 ergo

865 1000 1107 1055 restabat
1149 996 1279 1070 [ιιι.
1325 994 1607 1069 restabit],
1654 997 1756 1056 nisi
1802 1004 1859 1050 ut
1909 996 2322 1059 obmutesceret,
2373 1002 2430 1049 et
2466 991 2474 997 ’

866 1104 963 1143 sua
1011 1087 1428 1158 interrogatione
1471 1086 1760 1158 obligatum
1804 1084 2067 1141 insolubili
2113 1083 2324 1139 vinculo
2368 1098 2427 1138 se

867 1175 1105 1230 videret?
1130 1174 1295 1246 igitur
1314 1175 1456 1229 Deus
1487 1184 1698 1228 .natura
1721 1182 1806 1228 est
1831 1174 1993 1238 Deus,
2021 1182 2078 1227 et
2123 1173 2290 1227 Filius
2331 1187 2429 1225 na-

868 1274 987 1320 tura
1010 1274 1093 1320 est
1118 1258 1301 1329 Filius,
1327 1272 1384 1318 et
1424 1263 1655 1334 Spiritus
1679 1272 1897 1329 sanctus
1917 1270 2107 1316 natura
2151 1271 2236 1317 est
2260 1261 2429 1332 Spiri-

866 1362 954 1410 tus
980 1354 1298 1419 sanctusﬁet
1329 1362 1415 1409 est
1442 1368 1551 1408 una
1596 1362 1791 1406 natura
1820 1352 2010 1406 borum
2054 1352 2238 1415 trium,
2289 1352 2430 1405 sicut

866 1458 973 1497 una
994 1452 1078 1499 est
1100 1444 1355 1507 essentia,
1386 1450 1442 1497 et
1464 1457 1573 1496 una
1598 1442 2008 1512 pmnipotentia,
2037 1451 2092 1494 et
2114 1456 2218 1494 una
2238 1440 2429 1494 divini-

868 1542 970 1587 tas.
996 1532 1261 1589 (lintei-tim
1279 1546 1378 1602 pro
1401 1531 1627 1605 diversis
1666 1530 1946 1586 eventibus
1970 1529 2148 1583 multae
2174 1537 2302 1584 sunt
2326 1529 2425 1582 tri-

866 1623 1166 1691 bulationes
1214 1621 1446 1677 ﬁdelium
1466 1661 1482 1687 ,
1509 1629 1567 1677 et
1614 1635 1947 1690 unaquaeque
1972 1634 2202 1690 persona
2256 1626 2426 1692 tenta-

866 1712 1098 1783 tionibus
1147 1710 1385 1779 subiacet
1424 1711 1479 1765 ln
1504 1712 1608 1766 hoc
1636 1710 1854 1775 mundo,
1882 1710 2008 1779 quia
2051 1709 2294 1764 exsilium
2319 1717 2423 1777 est,

865 1802 955 1857 ubi
1003 1803 1249 1868 vivimus,
1297 1817 1403 1867 non
1460 1802 1669 1872 patria;
1696 1802 1986 1876 admonent
2032 1801 2176 1854 enim
2217 1814 2316 1854 nos
2342 1801 2426 1859 ha:

2533 632 2756 689 mitium.
2796 630 3122 690 Immortalis
3170 634 3313 689 enim
3362 633 3452 689 illa
3499 634 3694 691 dicitur
3736 644 3927 691 natura
3967 652 4075 708 qu

2530 712 3023 808 mori'uunjspotest,
3049 738 3155 793 non
3180 738 3355 779 tamen
3380 737 3592 809 semper
3633 725 4001 794 immutabilis,
4028 728 4076 783 id

3041 830 3147 869 non
3172 816 3385 884 possit:
3418 798 3558 872 sicut
3587 818 3762 872 anima
3809 819 4039 875 humana
4059 860 4073 881 .

2528 890 2997 979 qum‘v‘immortalis
3020 912 3203 959 creata
3226 914 3332 970 est,
3378 899 3861 963 sed‘immutabilis
3900 912 4077 979 proal

2526 990 2693 1047 dubio
2706 992 2815 1066 non
2837 1002 2944 1058 est,
2973 994 3097 1063 quia
3111 994 3177 1050 de
3196 993 3375 1064 peiore
3395 995 3448 1049 in
3474 995 3680 1062 melius,
3692 996 3777 1052 vel
3795 999 3860 1053 de
3880 999 4074 1054 meliori

2527 1080 2581 1133 in
2610 1072 2956 1158 peiusict'de
2981 1080 3160 1151 peiore
3183 1083 3237 1137 in
3254 1072 3412 1154 pejus
3431 1084 3515 1154 vel
3539 1085 3605 1140 de
3627 1085 3845 1156 meliore
3875 1088 3931 1142 in
3972 1102 4077 1143 me-

2526 1168 2630 1224 lius
2651 1167 2845 1245 mutari
2866 1173 3061 1247 potest,
3087 1171 3225 1229 sicut
3246 1172 3444 1228 dictum
3472 1180 3556 1228 est
3586 1186 3602 1225 :
3632 1171 3787 1240 Ibunt
3813 1176 3981 1228 uncti
4014 1175 4076 1229 de

2526 1256 2713 1313 virtute
2752 1256 2815 1333 in
2846 1248 3083 1316 uirtutem
3133 1259 3304 1331 (Prol.
3344 1276 3571 1327 LXXSIII,
3612 1262 3690 1333 8).
3737 1262 3896 1318 Solus
3944 1264 4076 1319 Deus

2525 1362 2651 1415 vene
2680 1338 2999 1418 immortalis
3041 1358 3097 1419 et
3134 1350 3499 1416 immutabilis,
3546 1340 3670 1421 quia
3694 1351 3839 1407 solus
3878 1366 3998 1408 vere
4025 1362 4079 1409 et

2524 1437 2740 1507 pr0prie
2765 1445 3017 1516 aeternus,
3043 1450 3100 1494 et
3121 1432 3263 1507 quod
3282 1454 3493 1510 semper
3516 1448 3617 1505 est,
3644 1442 3710 1496 de
3728 1456 3835 1508 quo
3855 1440 4075 1511 Aposto-

2527 1528 2609 1582 lus
2645 1545 2659 1579 :
2687 1524 2791 1602 Qui
2809 1527 2951 1603 solus
3139 1529 3596 1588 immortalitatem.
3631 1530 3685 1602 (1
3710 1530 3844 1586 Tim.
3869 1531 4077 1602 ",16).

2524 1615 2884 1672 Immortalem
2898 1617 3082 1687 posuit
3101 1632 3201 1687 pro
3219 1616 3534 1672 immutabili
3564 1634 3582 1684 ;
3602 1634 3725 1688 quia
3745 1618 3886 1689 quod
3912 1629 4079 1674 muta-

2524 1705 2631 1761 bile
2673 1718 2777 1772 est,
2816 1706 3219 1775 quodammodo
3260 1707 3493 1762 moritur
3513 1721 3580 1764 eo
3623 1709 3767 1778 quod
3798 1718 3902 1774 est,
3956 1710 4076 1764 ιιιιιιι

2526 1793 2670 1867 aliud
2711 1794 2913 1864 aliquid
2948 1794 3138 1865 incipit
3163 1795 3449 1865 essequod
3485 1810 3593 1851 non
3633 1805 3769 1867 erat.
3802 1795 3909 1853 Sed
3950 1799 4077 1867 abu-

865 1892 1123 1947 molestize
1150 1870 1504 1947 tentationum
1541 1870 1780 1965 patriam.
1811 1905 2075 1960 qumrere,
2104 1900 2161 1945 et
2184 1892 2425 1961 quietam
2458 1892 2504 1953 Β
2529 1884 2641 1938 sive
2666 1897 2807 1952 saepe
2833 1870 3085 1939 curuum
3114 1882 3310 1955 legitur
3334 1885 3554 1951 dictum,
3575 1886 3716 1955 quod
3752 1888 3975 1957 tempori
3997 1887 4076 1943 vel

866 1984 1050 2049 vitam,
1073 1997 1197 2053 qua:
1215 1982 1516 2037 nullatenus
1536 1983 1624 2037 bic
1644 1982 1870 2056 inveniri
1895 1984 2115 2052 poterit,
2135 1983 2235 2037 nisi
2258 1982 2311 2036 in
2332 1997 2427 2051 spe

864 2081 1077 2128 aeternae
1102 2073 1295 2143 quietis
1329 2073 1544 2127 viventi.
1574 2072 1819 2141 Explicit.
1954 2062 1962 2071 ’

1236 2178 1396 2249 178
1442 2190 1469 2219 ι
1507 2178 1836 2233 EPISTOLA
1862 2178 2063 2251 CLXII.

1381 2283 1447 2321 AD
1474 2283 1689 2321 υοιιιωιι
1721 2281 1914 2322 ιιεεειι.

1425 2356 1599 2428 (Auno
1622 2357 1871 2428 incerto.)

866 2449 1094 2521 Exponit
1118 2464 1234 2518 qua
1259 2449 1326 2502 sit
1346 2448 1642 2522 cli/ferentia
1664 2450 2068 2522 intercutemum
2093 2460 2140 2503 et
2162 2459 2428 2519 sempiter-

934 2518 1079 2582 num,
1103 2529 1400 2588 perpetuum
1424 2526 1472 2570 et
1523 2518 1833 2600 immortale,
1868 2518 2148 2584 saxulum,
2177 2518 2341 2573 rerum
2370 2529 2427 2591 et

936 2599 1154 2658 tempus.

914 2677 1158 2747 Domino
1178 2676 1363 2741 David,
1398 2676 1594 2731 rectori
1646 2677 1868 2747 optimo,
1919 2675 2108 2747 victori
2170 2677 2426 2743 maximo,

866 2767 1090 2832 Flaccus
1111 2765 1334 2820 Albinus
1366 2772 1517 2834 optat
1541 2754 1786 2821 salutem.

936 2853 1012 2911 De
1037 2856 1389 2922 quorumdam
1413 2852 1685 2907 nominum
1707 2854 2053 2927 proprietate,
2084 2866 2358 2912 revertens
2395 2873 2428 2911 a

864 2945 1018 3001 nobis
1034 2942 1141 3016 [Αι.
1168 2940 1342 3015 vobis]
1370 2943 1398 2983 δ
1425 2942 1695 3017 Candidus
1710 2953 1912 3011 noster,
1926 2948 2250 3015 quaestiones
2275 2948 2428 3002 nobis

863 3036 1175 3125 proposuit:
1207 3035 1273 3090 de
1296 3035 1491 3125 quibus
1522 3042 1581 3090 ut
1612 3050 1678 3090 ex
1705 3042 1945 3125 tempore
1974 3037 2279 3125 diligentius
2305 3052 2430 3107 per-

864 3124 1218 3191 Scrutarctur,
1246 3124 1460 3180 interim
1491 3132 1671 3179 tacere
1690 3124 1947 3195 disposui.
1977 3124 2083 3181 Sed
2118 3126 2207 3180 ille
2234 3135 2428 3181 vestra:

2530 1975 2876 2047 mutabilitati
2920 1974 3219 2053 obnoxium
3258 1983 3392 2051 est,
3436 1990 3539 2032 nec
3585 1990 3799 2046 semper
3844 1975 4077 2045 eiusdem

2529 2065 2675 2119 modi
2692 2073 2794 2130 est,
2823 2074 2879 2119 et
2902 2063 3021 2119 ideo
3044 2074 3294 2127 aeternum
3318 2081 3426 2122 non
3472 2073 3617 2121 recte
3661 2067 3876 2139 dicitur.
3927 2068 4077 2135 Quod

2526 2152 2671 2208 enim
2695 2161 2951 2217 mutatur,
2980 2167 3089 2210 non
3121 2162 3301 2209 manet
3324 2171 3338 2208 :
3363 2152 3544 2225 quue,
3570 2164 3628 2209 ut
3644 2169 3803 2225 supra
3824 2154 4071 2219 diximus,

2530 2240 2669 2309 inter
2692 2241 3053 2309 immortaleiet
3091 2251 3341 2298 atomum
3376 2231 3477 2298 est
3518 2238 3860 2309 discriminis,
3897 2242 4077 2317 [quod]

2528 2346 2687 2385 omne
2724 2339 3008 2401 aeternum,
3056 2330 3356 2403 imtnortale
3392 2341 3506 2397 est;
3534 2342 3589 2386 et
3637 2347 3742 2387 non
3780 2348 3958 2389 omme
3981 2336 4077 2389 im-

2528 2422 2773 2485 mortale,
2794 2423 2926 2477 satis
2946 2422 3231 2487 subtiliter,
3244 2422 3409 2479 ctiam
3425 2432 3683 2494 internum
3702 2423 3899 2479 dicitur
3920 2442 3935 2478 :
3960 2427 4078 2497 quia

2528 2512 2630 2568 etsi
2665 2511 2866 2583 aliquid
2905 2526 3117 2589 semper
3140 2513 3305 2583 vivat,
3337 2520 3512 2569 tamen
3541 2512 3635 2586 [si]
3678 2515 4078 2570 mutabilitatem

2526 2603 2753 2673 patitur,
2799 2618 2906 2657 non
2930 2597 3147 2677 proprie
3175 2613 3431 2674 teteruum
3464 2604 3793 2675 appellatur;
3817 2605 3943 2675 quia
3978 2622 4081 2660 non

2526 2707 2737 2762 semper
2782 2692 3085 2762 huiusmodi
3133 2703 3233 2756 est,
3288 2686 3531 2764 quamvis
3588 2697 3908 2767 immortale,
3957 2698 4080 2770 quia

2528 2799 2741 2854 semper
2762 2784 2915 2852 vivit,
2943 2793 3086 2845 recte
3113 2785 3215 2839 dici
3240 2786 3427 2855 possit.
3466 2787 3697 2843 Vocatur
3724 2796 3903 2843 tamen
3921 2775 4077 2842 mter-

2527 2888 2676 2938 num,
2707 2871 2973 2926 interdum
2997 2872 3181 2937 etiam,
3220 2874 3360 2941 quod
3382 2874 3713 2949 \-lmmortale
3748 2884 3832 2929 est
3863 2894 3878 2931 :
3929 2886 4081 2931 aster-

2526 2975 2654 3014 num
2681 2960 2827 3013 enim
2866 2975 2988 3014 cum
3034 2960 3251 3030 proprie
3297 2961 3515 3027 dicitur;
3572 2977 3745 3034 neque
3794 2964 4079 3034 quidquam

2524 3049 2856 3120 praeteritum
2887 3049 3068 3113 habet,
3111 3063 3211 3104 nec
3243 3046 3510 3118 futurum;
3540 3052 3634 3107 sed
3685 3052 3943 3121 quidquid
3977 3060 4079 3119 est,

2527 3153 2738 3209 semper
2756 3146 2858 3211 est,
2895 3138 3039 3217 quod
3061 3138 3206 3211 solus
3225 3147 3308 3195 est
3344 3141 3516 3212 Deus;
3541 3150 3596 3209 et
3774 3140 3920 3204 solus
3945 3142 4081 3215 Deus

864 3218 1153 3273 voluntatis
1168 3216 1365 3271 nimius
1390 3224 1610 3272 exactor
1648 3224 1705 3271 et
1729 3217 2064 3288 importunus
2100 3220 2387 3289 inquisitor
2404 3260 2420 3285 ,
2451 3220 2499 3283 ο
2526 3205 2759 3285 ωιειῖιιιιε
2777 3205 2860 3285 εει
2878 3205 3170 3286 δέεαηάυω
3183 3205 3561 3302 proprietatem
3583 3205 3915 3285 aeternitatis.
3932 3205 4079 3298 Quod

864 3320 1044 3361 moras
1079 3320 1164 3361 me
1199 3304 1376 3361 facere
1415 3321 1522 3360 non
1558 3306 1787 3382 sinebat.
1831 3308 2168 3394 Quapropter
2230 3326 2429 3380 paucas

864 3396 1173 3451 earumdem
1214 3395 1487 3450 nominum
1516 3397 1763 3453 rationes
1792 3399 2074 3468 repentino
2123 3408 2181 3454 et
2224 3399 2428 3457 inculto

869 3485 1039 3559 [Edit.
1074 3486 1129 3541 in
1156 3486 1389 3561 occulto]
1416 3488 1597 3561 notavi
1636 3502 1912 3554 sermone;
1949 3498 2186 3543 vestrum
2228 3490 2295 3546 de
2344 3490 2430 3545 bis

866 3594 986 3649 qua:
1009 3578 1149 3633 dicta
1167 3586 1311 3641 sunt,
1334 3579 1473 3633 sicut
1502 3586 1557 3632 et
1577 3578 1644 3634 de
1682 3579 1818 3633 meis
1852 3581 2098 3635 omnibus
2142 3581 2301 3636 dictis
2342 3581 2427 3637 vel

865 3668 1102 3737 scriptis,
1143 3675 1390 3737 spectans
1423 3666 1705 3736 judicium.
1760 3667 1891 3723 Nam
1918 3671 2172 3726 obediens
2217 3673 2430 3727 devotio

869 3757 1134 3828 laudanda
1154 3767 1256 3824 est,
1286 3759 1331 3813 si
1365 3759 1684 3813 auctoritate
1713 3757 1953 3827 iubentis
1977 3763 2251 3830 probatur.
2305 3762 2431 3817 Ηιεε

867 3863 998 3918 ergo
1035 3856 1120 3903 est
1149 3848 1495 3917 interrogatio
1518 3888 1535 3914 ,
1566 3864 1685 3917 qua:
1712 3851 1866 3905 nobis
1900 3852 1969 3905 ab
2011 3852 2197 3907 eodem
2250 3842 2429 3908 oblata

867 3946 973 4003 est,
996 3935 1243 3992 scilicet:
1279 3937 1407 4005 quid
1433 3937 1505 3991 sit
1544 3937 1873 3992 discriminis
1901 3939 2042 3993 inter
2092 3952 2343 4007 retentum
2380 3952 2430 3997 et

867 4027 1231 4097 sempiternum
1252 4065 1267 4090 ,
1296 4066 1301 4073 .
1338 4034 1638 4098 perpetuum
1667 4033 1724 4081 et
1772 4025 2095 4092 immortale,
2148 4028 2429 4094 sarculum,

868 4132 1031 4171 mm
1042 4124 1095 4169 et
1106 4115 1333 4184 tempus?
1350 4114 1585 4168 Primum
1598 4115 1740 4169 enim
1754 4117 2028 4171 sciendum
2040 4127 2123 4172 est
2135 4120 2274 4188 quod
2292 4121 2429 4176 idem

872 4194 1024 4273 [ϐοά.
1043 4200 1181 4266 Vat.,
1194 4200 1382 4273 unum]
1404 4196 1703 4270 signiﬁcare
1723 4205 1931 4278 videtur
1951 4215 2200 4261 aeternum
2220 4218 2276 4279 et
2299 4226 2431 4264 sem-

870 4294 1161 4363 piternum;
1188 4299 1242 4345 et
1268 4291 1491 4360 simplex
1512 4306 1629 4347 esse
1657 4310 1852 4351 nomen
1876 4308 2156 4364 (sternunt;
2173 4304 2434 4372 sempiter-

873 4398 997 4435 num
1020 4396 1145 4436 vero
1157 4382 1509 4451 compositum
1531 4397 1599 4437 ex
1620 4384 1872 4459 adverbio
1897 4403 2119 4458 smper,
2143 4399 2198 4444 et
2218 4392 2433 4445 nomine

855 4481 1145 4529 ,wternum.
1162 4470 1285 4525 ldeo
1303 4460 1461 4525 omne
1478 4481 1737 4528 aeternum
1759 4483 1936 4543 potest
1956 4476 2058 4531 dici
2077 4486 2131 4533 et
2155 4480 2433 4548 sempiter-

2526 3336 2655 3374 vero
2681 3321 2748 3375 de
2768 3329 2968 3375 aeterno
2994 3321 3242 3385 diximus,
3270 3321 3372 3376 hoc
3407 3321 3547 3387 idem
3596 3320 3720 3376 licet
3748 3321 3980 3393 intelligi
4020 3322 4084 3376 de

2527 3410 2872 3479 sempiterno.
2888 3409 2992 3464 Sed
3015 3409 3143 3480 quid
3175 3417 3259 3483 est
3284 3410 3426 3481 quod
3443 3409 3728 3482 Apostolus
3752 3411 3918 3465 dicit:
3954 3415 4083 3477 Αιιιο

2526 3506 2758 3571 tempora
2807 3508 3002 3563 eterna
3048 3498 3220 3571 (Rom.
3257 3515 3367 3567 ιη,
3391 3499 3484 3565 25,
3511 3510 3561 3554 et
3579 3498 3644 3554 II
3668 3498 3801 3553 Tim.
3828 3514 3867 3557 ι.
3896 3499 3952 3571 9)
3972 3500 3998 3553 2
4031 3500 4085 3555 Si

2526 3588 2669 3662 enim
2702 3599 2951 3659 tempora,
2988 3588 3513 3658 quombdoctma;
3555 3604 3679 3645 cum
3706 3596 3941 3659 tempora
3982 3604 4086 3643 non

2528 3686 2675 3742 sunt,
2697 3679 2799 3737 nisi
2828 3679 2882 3732 in
2903 3679 3211 3743 creaturis?
3235 3678 3337 3736 nisi
3359 3678 3497 3734 forte
3526 3688 3646 3755 ante
3659 3679 3833 3747 castris
3856 3688 4087 3750 ιειιιροηι

2528 3767 2749 3838 intelligi
2786 3768 2973 3822 voluit.
3010 3768 3234 3824 diurna
3272 3779 3453 3833 autem
3490 3756 3683 3837 ωίιυιι
3707 3769 3887 3825 dicere
3926 3783 4086 3838 quam

2529 3858 2723 3921 omnia,
2758 3856 2987 3913 fortasse
3011 3859 3132 3913 ideo
3150 3859 3274 3928 quia
3298 3868 3505 3931 tempus
3532 3875 3637 3915 non
3662 3860 3825 3930 capit
3853 3874 3922 3914 ex
3949 3868 4087 3916 tem-

2528 3960 2660 4015 pore
2686 3962 2701 4010 ;
2729 3954 2947 4000 attema-
2967 3946 3113 4001 enim
3133 3955 3369 4017 tempora
3389 3949 3562 4003 aevum
3582 3948 3904 4019 signiﬁcant.
3942 3948 4091 4005 lutet

2530 4049 2692 4087 cuum
2742 4043 2919 4088 autem
2946 4043 3001 4089 et
3023 4044 3222 4106 tempus
3248 4036 3349 4091 hoc
3373 4036 3539 4091 distat
3574 4037 3716 4106 quod
3740 4036 3879 4093 illud
3891 4039 4081 4091 stabile

2528 4133 2632 4189 est,
2655 4133 2865 4194 tempus
2890 4134 3070 4179 autem
3097 4126 3373 4182 mutabile.
3421 4123 3683 4182 Szeculum
3729 4141 3857 4181 vero
3893 4128 4087 4203 dicitur

2528 4221 2649 4282 post
2676 4221 2886 4279 creatas
2934 4211 3067 4286 [Al.,
3123 4213 3371 4287 dicuntur
3429 4216 3601 4284 primo
3633 4214 3858 4287 creata]
3908 4230 4084 4270 rerum

2526 4300 2755 4369 species,
2784 4301 2912 4355 etin
2939 4301 3178 4356 diversas
3221 4308 3517 4373 temporum
3540 4305 3937 4370 rmutabilitates
3974 4304 4084 4367 dis+

2534 4390 3086 4462 tinctzen'ideturque
3121 4378 3451 4447 secutumet
3484 4401 3712 4461 tempore
3766 4393 3923 4447 simul
3976 4410 4083 4449 cm-

2532 4478 2695 4548 pisse.
2728 4477 2833 4532 Sed
2874 4479 3054 4533 multis
3092 4478 3243 4545 locis,
3292 4481 3538 4535 secutum
3582 4482 3742 4556 etiam
3797 4485 3847 4538 in
3901 4495 4083 4555 sancta

871 4576 1072 4627 num;e
1088 4577 1344 4617 converso
1356 4563 1541 4617 ordine
1551 4577 1707 4619 omne
1718 4565 2095 4633 sempiternum
2109 4569 2269 4623 etiam
2283 4580 2435 4649 aster:
2464 4548 2512 4607 Ῑ)
2536 4564 2815 4635 Scriptura
2844 4565 3039 4635 legitur
3063 4582 3162 4638 pro
3184 4570 3511 4643 sempiterno,
3538 4551 3630 4626 rut.
3655 4571 3849 4630 dicitur
3878 4587 3895 4626 :
3927 4550 4085 4645 179

874 4666 1019 4705 num.
1035 4651 1358 4723 Perpetuam
1383 4668 1511 4709 vero
1536 4654 1748 4709 videtur
1769 4657 2109 4729 (derivatum)
2130 4674 2250 4715 esse
2276 4676 2343 4715 ex
2367 4676 2433 4716 eo

875 4740 1016 4807 quod
1026 4748 1110 4794 est
1130 4757 1328 4812 perper,
1342 4752 1396 4796 et
1410 4743 1713 4813 signiﬁcare
1736 4746 1879 4813 quod
1894 4747 2037 4801 nullo
2050 4749 2323 4805 dirimitur
2345 4752 2431 4805 in-

874 4827 1118 4893 tervallo,
1137 4830 1230 4883 sed
1241 4844 1455 4900 semper
1464 4831 1652 4885 eodem
1665 4833 1823 4887 modo
1840 4843 2044 4903 perstat
2056 4853 2161 4906 quo
2174 4849 2273 4895 est.
2291 4841 2435 4895 Inter

876 4928 1123 4972 internum
1178 4925 1356 4973 autem
1394 4926 1449 4973 et
1481 4918 1771 4975 immortale
1802 4921 1904 4978 hoc
1946 4924 2147 4981 distare
2198 4928 2430 4995 γλάμων,

876 5006 1018 5072 quod
1061 5020 1226 5060 omne
1274 5013 1533 5059 :rternum
1568 5008 1888 5076 immortale,
1930 5029 2033 5067 non
2063 5025 2243 5070 tamen
2276 5029 2441 5072 omne

879 5093 1179 5169 immortale
1240 5102 1497 5148 aeternum
1538 5105 1683 5151 recte
1727 5099 1939 5155 dicitur.
1996 5104 2138 5158 inter
2176 5121 2339 5159 meum
2379 5116 2434 5160 et

880 5180 1125 5232 naculum
1154 5183 1228 5236 ita
1274 5183 1502 5238 discerni
1545 5194 1739 5254 potest,
1785 5189 1928 5257 quod
1974 5206 2137 5244 aevum
2183 5194 2431 5262 quiddam

882 5276 1140 5321 aeternum
1167 5278 1361 5338 potest
1408 5273 1651 5344 intelligi,
1699 5274 1947 5331 siccatum
1971 5293 2099 5333 vero
2148 5284 2433 5347 temporale

1478 5449 2015 5531 Que‘rcetanusinter
2042 5469 2204 5531 opera
2229 5455 2434 5531 Alcuini

883 5509 1188 5601 ἐθειὲὲἓέ
1214 5509 1419 5601 irim.
1436 5509 1765 5601 samaras:
1796 5522 1920 5587 ⁷6⁵»
1951 5509 2437 5601 ,ερεέεζιεεείδιίὲέ

1213 5536 1768 5662 ξῗὲἓεοῗὲέιωὲάὲίῗιὲί
1790 5536 1920 5662 έξὲῖ
1945 5536 2437 5647 ιὲῗῗῗῗξιῗῖἑὲῗῖἱ

890 5651 1101 5716 teriri:
1122 5651 1409 5716 scriptores
1428 5662 1648 5709 censent
1667 5651 1908 5714 eamdem
1930 5663 2129 5716 rectius
2150 5663 2287 5715 inter
2307 5661 2438 5715 alias

892 5713 1140 5847 ιόρίιιοὴε
1182 5713 1385 5777 Alcuini
1431 5738 1589 5793 quam
1643 5725 1781 5779 inter
1822 5713 2123 5798 dogmatiea
2151 5713 2433 5785 colloca—ri.

941 5795 1127 5839 uorum
1154 5791 1406 5846 monitum
1426 5794 1593 5847 secuti
1622 5807 1820 5847 sumus.
1850 5794 2030 5847 Exstat
2053 5816 2170 5847 cum
2193 5801 2433 5847 emenda-

941 5795 1127 5839 uornm
1154 5791 1406 5846 monitum
1426 5791 1593 5849 secuti
1622 5807 1820 5847 sumus.
1850 5791 2030 5850 Bistat
2053 5816 2170 5852 mm
2193 5801 2439 5853 emenda-

2534 4652 2794 4717 Quoniam
2814 4654 2870 4707 in
2908 4655 3155 4724 secutum
3189 4658 3543 4723 misericordia
3572 4661 3706 4730 ejus.
3737 4660 3910 4732 (ρωι.
3934 4678 4021 4727 cv,
4046 4681 4082 4731 ι,

2530 4752 2575 4795 et
2592 4757 2756 4805 cxvtt,
2777 4743 2804 4796 ί
2820 4742 2950 4812 seq.)
2968 4743 3035 4797 In
3051 4744 3319 4809 malum,
3335 4746 3540 4800 scilicet
3558 4748 3611 4800 in
3630 4758 3925 4818 perpetuum
3935 4752 4082 4816 dicit,

2531 4833 2780 4898 quoniam
2826 4832 3189 4900 misericordia
3216 4834 3382 4904 ipsius
3424 4844 3621 4891 eterna
3671 4848 3728 4892 et
3777 4839 4083 4897 indeﬂciens

2531 4927 2635 4987 est.
2668 4918 2932 4974 chulum
2956 4931 3037 4975 est
3057 4924 3219 4978 etiam
3264 4926 3442 4981 mundi
3466 4928 3597 4983 ordo
3622 4928 3943 4995 decurrens.
3994 4934 4080 5003 qui

2532 5008 2599 5062 ad
2635 5006 2811 5062 futura
2839 5009 3061 5065 tendens
3084 5013 3353 5081 prasterita
3378 5015 3595 5080 deserit,
3620 5026 3676 5072 et
3726 5018 3846 5081 ideo
3892 5021 4080 5084 male

2531 5100 2671 5154 dicta
2707 5115 2827 5157 esse
2864 5110 3100 5171 putatur,
3154 5105 3280 5174 quia
3317 5106 3370 5158 in
3416 5119 3476 5160 se
3508 5107 3707 5175 iugiter
3752 5100 4080 5181 resolvuntur

2534 5188 2625 5261 [F.
2654 5190 3019 5262 revolvuntur]
3042 5201 3300 5263 tempora.
3351 5192 3457 5265 Sed
3482 5192 3781 5251 differentia
3833 5184 3938 5259 est;
3958 5199 4079 5255 dum

2530 5278 2744 5340 dicitur,
2772 5294 2803 5331 α
2831 5276 3020 5331 seculo
3044 5294 3058 5335 :
3082 5277 3161 5340 let
3207 5280 3333 5354 dum
3390 5281 3606 5347 dicitur,
3627 5284 3683 5338 in
3723 5284 3977 5357 mulo];
4030 5294 4079 5349 ct

2534 5454 2767 5545 tigribus
2810 5456 2863 5509 in
2905 5458 3025 5513 cod.
3064 5475 3176 5536 reg.
3199 5462 3321 5518 Vat.
3350 5460 3440 5527 69.
3470 5461 3641 5539 (Apud
3666 5464 3897 5535 Froben.

2537 5523 3145 5681 {fgissent--9052!!!
3171 5612 3335 5681 ξρετε
3362 5601 3559 5681 saeviis
3579 5604 3656 5681 uti
3680 5602 3887 5681 εοιρῐιιι

2537 5676 2657 5739 nus,
2689 5669 2749 5739 ut_
2773 5669 2920 5731 patet
2949 5677 3012 5717 ex
3048 5665 3289 5739 pluribus
3319 5665 3572 5737 episiolis,
3616 5672 3670 5727 in
3706 5672 3896 5739 quibus
3936 5665 4071 5739 illum

2538 5730 2816 5810 aliquoties
2857 5740 3017 5810 voca}
3048 5730 3367 5806 Wizonrmf
3397 5740 3470 5810 De
3506 5730 3611 5810 quo
3648 5730 3754 5795 vid.
3795 5738 3933 5793 Gali.
3975 5736 4068 5794 litt;

2539 5807 2664 5851 tom.
2695 5798 2759 5862 γ,
2788 5814 2908 5868 pag.
2942 5800 3006 5854 i0
3030 5816 3142 5871 seq.
3279 5799 3299 5806 ”
3406 5798 3436 5811 ”’
3515 5798 3537 5828 ’⁷
