4400 6432
896 512 1005 567 ιῖὄ

1725 503 1782 555 Β.
1822 503 1881 555 F.
1924 498 2142 554 ALBINI
2181 497 2307 552 SEU
2343 495 2612 550 ALCUINI
2650 489 2924 549 OPERUM
2963 489 3135 544 PARS
3157 488 3199 542 ι.

3962 479 4052 534 ιιι

897 611 1330 685 prudentissimas
1371 607 1632 678 sagaciter
1668 605 1818 678 [Cod.
1848 604 1986 670 801.,
2019 581 2426 674 prudentissima
2455 606 2500 660 Α
2529 601 2635 665 alie;

2315 601 2426 654 ima
2455 606 2500 660 Α
2529 601 2828 669 allegorias.
2855 605 2915 650 ut
2939 596 3190 649 studiosis
3213 593 3499 647 lectoribus
3526 591 3678 646 facile
3705 599 3788 647 est
3811 591 4053 646 invenire.

899 679 1207 775 sagacitate]
1233 700 1465 755 excitare
1490 696 1622 750 velle
1651 696 1845 749 inveni.
1875 694 1985 748 Imo
2011 707 2106 762 per
2134 690 2426 758 inquisitio-
2530 688 2783 760 Abyssus,
2807 685 3133 741 immensitas
3159 698 3446 775 aquarum;
3485 682 3723 775 abgssus,
3743 679 4057 775 profunditas

901 808 996 847 nes
1020 790 1210 864 [magis
1234 789 1449 850 docere,
1495 799 1654 854 quam
1685 785 1921 852 ignorata
1947 779 2176 856 discere]
2205 778 2428 847 agnovi;

898 881 1020 951 quia
1045 880 1298 948 sapienter
1314 876 1646 943 interrogare,
1666 871 1846 925 docere
1873 882 1964 930 est,
1985 868 2146 924 veluti
2173 868 2226 922 in
2245 875 2436 921 vestra:

901 964 1230 1021 auctoritatis
1274 963 1461 1031 pagina
1501 961 1755 1027 scriptum
1800 957 2130 1025 reperimus;
2185 955 2274 1008 ubi
2317 959 2436 1022 post

2533 775 2955 846 Scripturarum;
2982 771 3244 843 [abyssus,
3263 768 3549 824 ineﬁ‘abilia
3561 766 3761 834 judicia
3781 767 3874 821 Dei
3895 768 3914 831 (
3923 765 4053 820 Psal.

2533 878 2692 926 xxxv,
2721 865 2774 926 7,
2803 872 2850 914 et
2879 861 3028 913 Rom.
3051 875 3125 923 xi,
3147 858 3295 928 33)];
3325 858 3567 927 abyssus,
3595 857 3886 925 sapientia;
3919 852 4058 926 abyso

2533 964 2644 1011 sus,
2685 949 2846 1002 corda
2887 947 3160 1001 hominum
3203 943 3498 1013 signiﬁcat;
3545 951 3602 996 et
3640 941 3806 995 multa
3849 942 3974 994 talia
4011 942 4057 994 in

901 1067 1190 1123 congruam
1236 1048 1550 1104 sententiam
1598 1044 1828 1098 veridico
1873 1057 2115 1097 sermone
2162 1049 2435 1094 exaratum
2527 1036 2822 1104 Scripturis
2848 1035 3046 1088 sanctis
3073 1035 3432 1095 inveniuntur,
3474 1046 3592 1100 quas
3628 1031 3916 1086 secundum
3941 1045 4060 1098 qua.

901 1139 1350 1209 perspeximusa:
1395 1153 1415 1184 ι
1459 1133 1753 1201 Cognoscat
1801 1131 1962 1198 igitur
2008 1128 2264 1182 industria
2307 1134 2435 1190 tua,

903 1227 933 1268 δ
958 1225 1268 1282 charissime
1294 1224 1346 1276 in
1369 1221 1578 1276 Christo
1600 1227 1911 1288 prmceptor,
1937 1217 2260 1285 propositam
2291 1214 2441 1268 nobis

901 1330 934 1368 a
961 1315 1187 1384 quodam
1219 1328 1322 1365 non
1352 1310 1585 1370 clerico,
1605 1307 1696 1362 sed
1725 1307 1859 1360 laico
1893 1307 1956 1358 de
1983 1303 2266 1374 Evangelio
2297 1317 2440 1370 quae-

902 1405 1152 1466 stionem,
1186 1401 1277 1457 cui
1299 1409 1427 1453 tunc
1453 1400 1629 1452 tamen
1657 1412 1687 1449 a
1714 1397 1865 1450 nobis
1894 1409 2056 1464 usque
2082 1393 2182 1465 [in]
2212 1408 2442 1462 praesens

903 1501 987 1548 est
1015 1492 1174 1546 dilata
1203 1488 1513 1557 responsio:
1553 1484 1666 1539 Non
1694 1486 1816 1553 quia
1845 1483 1998 1550 juxta
2033 1483 2173 1550 quod
2211 1482 2440 1534 interro-

899 1579 1083 1651 gavit,
1135 1575 1452 1644 respondere“
1477 1588 1600 1627 .non
1644 1572 2016 1633 valuissemus,
2049 1591 2067 1621 ι
2121 1576 2174 1623 et
2221 1569 2439 1636 reliqua.

907 1667 1043 1720 Vere
1079 1675 1136 1719 et
1176 1664 1324 1717 valde
1367 1671 1574 1733 gratum
1612 1662 1784 1715 habeo
1823 1659 1985 1713 laicos
2025 1659 2339 1727 quandoque
2379 1656 2445 1710 ad

907 1755 1236 1826 evangelicas
1261 1754 1550 1807 effloruisse
1578 1750 1969 1820 inquisitiones,
2015 1749 2138 1802 dum
2166 1747 2444 1818 quemdam

907 1845 1082 1899 audivi
1115 1846 1288 1897 virum
1326 1843 1635 1910 prudentem
1667 1839 1948 1906 aliquando
1977 1838 2192 1891 dicere:
2231 1835 2450 1890 clerico—

2536 1124 2710 1177 litates
2746 1123 2976 1176 locorum
3013 1123 3188 1176 varias
3215 1121 3413 1174 habent
3452 1119 3836 1188 intelligendas.
3888 1117 4060 1178 Sermo

2537 1214 2742 1267 Domini
2768 1211 3012 1274 oculosus
3038 1219 3141 1275 est,
3166 1220 3222 1264 et
3247 1211 3476 1278 undique
3500 1208 3756 1278 perforari
3780 1216 3980 1278 potezl,
4015 1217 4063 1262 et

2537 1302 2643 1354 alta
2686 1300 3016 1369 profunditas
3060 1298 3429 1366 mysteriorum
3475 1297 3586 1350 Dei.
3637 1296 3765 1361 Quis
3791 1296 4064 1350 omniase—

2537 1399 2683 1444 creta
2723 1390 2929 1442 illorum
2971 1389 3286 1457 investigare
3323 1386 3535 1455 potest?
3580 1386 3740 1455 Igitur
3776 1393 3833 1439 et
3875 1384 4066 1453 gladios

2540 1477 2823 1532 multifarie
2851 1475 3150 1545 signiﬁcare
3175 1475 3402 1528 videtur.
3441 1473 3574 1534 Nam
3600 1483 3964 1540 etveneuatas
3986 1471 4067 1525 iu.

2539 1566 2771 1620 decorum
2811 1565 3207 1618 maledictiones
3244 1564 3298 1616 in
3324 1562 3592 1616 Christum
3619 1559 3947 1632 [signiﬁcat],
3988 1561 4065 1613 ubi

2541 1654 2670 1708 dicit
2693 1673 2704 1706 :
2739 1652 2840 1717 Qui
2867 1662 3177 1708 exaruerunt
3205 1663 3259 1704 ut
3284 1652 3511 1720 gladium
3538 1651 3740 1720 linguas
3765 1667 3888 1704 suas
3908 1650 4064 1721 (Psal.

2543 1763 2695 1811 ιιιιι,
2723 1745 2799 1813 ι).
2831 1745 3004 1799 Etiam
3027 1753 3083 1799 et
3107 1753 3335 1799 mortem
3362 1742 3642 1813 signiﬁcat,
3670 1742 3759 1795 ubi
3783 1741 3946 1795 dicit:
3977 1740 4069 1805 Qui

2544 1834 2770 1888 liberasti
2793 1833 2958 1886 David
2983 1849 3183 1886 servum
3212 1842 3356 1885 tuum
3382 1833 3445 1884 de
3470 1830 3641 1902 gladio
3666 1831 3890 1899 maligno
3910 1829 4068 1899 (Psal.

906 1945 1024 1985 rum
1066 1943 1185 1984 esse
1222 1926 1560 1996 Evangelium
1589 1922 1816 1995 [discere
1841 1923 2031 1994 (Edit.,
2061 1919 2401 1993 discernere)]
2425 1961 2440 1984 ,
2477 1911 2518 1967 Β
2543 1938 2727 1984 exuit,
2747 1921 2853 1990 i0).
2885 1921 3098 1974 Scilicet
3117 1927 3172 1974 et
3190 1919 3577 1973 tribulationem
3600 1919 3863 1988 passionis
3884 1916 4072 1972 Christi

906 2033 1013 2074 non
1041 2017 1316 2071 laicorum.
1366 2013 1502 2080 Quid
1540 2015 1607 2066 ad
1647 2013 1800 2066 hzcc?
1831 2011 2018 2065 Omnia
2045 2022 2240 2081 tempus
2263 2011 2448 2064 habent

899 2105 1104 2178 (Eccle.
1130 2105 1328 2172 tlt,~i),
1375 2113 1429 2157 et
1468 2116 1608 2170 saepe.
1636 2102 1895 2168 posterior
1938 2099 2088 2153 affert
2134 2101 2277 2152 hora
2310 2097 2450 2166 quod

907 2196 1055 2267 prior
1079 2211 1180 2248 non
1209 2200 1434 2262 poterat.
1475 2192 1670 2246 'I‘ameu
1706 2195 1805 2247 iste
1837 2192 2018 2252 laicus,
2049 2190 2291 2258 quisquis
2319 2187 2447 2253 fuit,

909 2283 1121 2352 sapiens
1139 2290 1220 2336 est
1240 2282 1418 2343 corde,
1441 2281 1539 2334 etsi
1563 2282 1803 2334 manibus
1826 2278 1994 2340 miles,
2019 2277 2202 2346 quales
2222 2285 2451 2330 vestram

911 2369 1350 2437 sapicntissimam
1379 2368 1750 2423 auctoritatem
1779 2368 2035 2437 plurimos
2058 2367 2253 2419 habere
2280 2364 2452 2434 [decet

913 2457 1103 2528 (Edit.,
1131 2457 1350 2528 debet)].
1385 2455 1489 2511 Sed
1515 2457 1583 2510 ad
1609 2457 2003 2524 responsionem
2029 2453 2452 2524 interrogationis

911 2555 1182 2600 vertamus
1205 2546 1421 2616 stylum,
1449 2547 1513 2599 ad
1537 2543 1964 2598 satisfaciendum
1993 2543 2316 2613 inquisitoris
2341 2543 2453 2597 ani-

911 2650 1021 2700 mo,
1058 2635 1102 2690 si
1141 2643 1316 2690 tamen
1346 2645 1527 2689 nostra
1555 2635 1789 2704 parvitas
1817 2641 1925 2687 tam
1956 2633 2216 2702 praeclaro
2244 2631 2453 2700 ingenio

913 2723 1221 2778 satisfacere
1245 2723 1405 2777 valet.
1691 2714 1696 2719 ’

982 2813 1162 2868 Nodus
1185 2827 1313 2867 vero
1341 2813 1621 2881 prepositte
1649 2811 1971 2880 quastionis,
1999 2810 2160 2864 veluti
2187 2810 2238 2862 in
2267 2817 2456 2863 vestra:

911 2899 1237 2954 excellentiae
1283 2899 1476 2953 litteris
1521 2900 1698 2952 inveni
1723 2939 1736 2961 ,
1798 2897 2097 2966 huiusmodi
2140 2896 2457 2952 constrictus

915 2987 1034 3050 fuit,
1064 2994 1122 3040 at
1149 2987 1333 3041 eadem
1360 3001 1617 3055 ponamus
1638 2987 1798 3041 verba
1825 3000 1944 3055 qua:
1971 2985 2026 3039 in
2055 2982 2161 3039 illis
2183 2983 2415 3054 legebam
2439 3002 2451 3036 :

922 3093 943 3127 ι
973 3075 1069 3130 Est
1105 3076 1246 3131 enim
1274 3075 1422 3131 locus
1446 3074 1714 3146 Evangelii
1753 3077 2039 3130 secundum
2081 3073 2277 3130 Lucam
2305 3073 2453 3144 (Cap.

913 3177 1051 3226 xxii,
1069 3162 1160 3226 '56,
1182 3163 1272 3226 58,
1293 3162 1404 3231 50),
1420 3163 1510 3216 ubi
1537 3163 1788 3217 Dominus
1807 3161 2050 3217 Christus
2072 3162 2137 3215 ad
2158 3163 2457 3231 passionem

915 3259 1195 3315 venturus,
1243 3251 1476 3304 tunicam
1517 3264 1580 3304 ac
1621 3264 1803 3320 peram
1828 3249 2085 3312 vendere,
2127 3249 2460 3319 gladiumque

918 3353 1102 3394 emere
1141 3338 1424 3408 discipulos
1462 3337 1638 3405 jussit.
1685 3337 1780 3392 Cui
1821 3332 1941 3392 cum
1970 3353 2280 3408 responsum
2321 3346 2464 3392 esset

916 3425 1070 3481 binos
1097 3427 1170 3480 ibi
1193 3440 1316 3481 esse
1341 3427 1562 3496 gladios,
1589 3427 1742 3490 dixit,
1771 3428 1900 3480 satis
1925 3442 2060 3496 esse.
2101 3420 2332 3492 Quorum
2358 3434 2462 3479 uno

917 3513 1135 3568 Petrum
1171 3515 1224 3568 in
1265 3514 1586 3568 abscissione
1621 3513 1865 3566 auricolie
1892 3513 2079 3567 Malchi
2119 3528 2270 3565 usum
2301 3513 2464 3566 fuisse

917 3607 1204 3672 putamus:
1245 3601 1340 3656 Cui
1379 3609 1435 3654 et
1475 3609 1599 3654 tunc
1634 3616 1666 3654 a
1704 3601 1925 3654 Domino
1951 3603 2150 3656 dictum
2172 3609 2292 3657 cst:
2324 3601 2462 3654 Con-

921 3701 1056 3752 verte
1081 3689 1310 3758 gladium
1337 3690 1571 3743 tuumin
1597 3691 1852 3758 vaginam.
1890 3687 2075 3742 Omnes
2104 3691 2240 3741 enim
2264 3689 2351 3756 qui
2381 3704 2466 3739 ac-

925 3777 1147 3845 ceperint
1189 3777 1437 3847 gladium,
1476 3776 1648 3845 gladio
1678 3777 1910 3845 peribunt
1940 3774 2148 3845 (Matth.
2180 3790 2325 3837 xxvr,
2353 3772 2462 3842 52).

925 3865 1198 3930 Quomodo
1226 3867 1324 3919 sibi
1350 3867 1595 3920 convenit
1614 3865 1762 3937 [ϐοά.
1788 3865 1924 3929 Sal.,
1947 3865 2267 3933 conveniat],
2295 3875 2354 3919 ut
2377 3868 2465 3934 qui

928 3964 1052 4007 tunc
1074 3955 1301 4007 vendere
1328 3955 1590 4016 tunicam,
1630 3955 2074 4024 emere'gladium
2109 3954 2376 4020 jusserat.
2422 3955 2467 4007 is

926 4041 1105 4094 statim
1135 4041 1452 4109 accipientes
1479 4041 1708 4110 gladium
1735 4041 1909 4110 gladio
1933 4041 2131 4095 diceret
2167 4056 2285 4095 esse
2325 4043 2467 4110 peri-

929 4131 1122 4184 turos’?
1159 4130 1218 4186 Si
1244 4130 1448 4198 gladius
1473 4141 1545 4184 est
1571 4131 1772 4184 uerbum
1799 4132 1892 4183 Dei
1926 4132 2134 4202 (Ephes.
2165 4149 2236 4196 v1,
2266 4132 2371 4202 17),
2416 4141 2470 4186 et

933 4218 1180 4272 Dominus
1229 4219 1379 4287 181
1427 4220 1638 4286 quando
1682 4220 1911 4289 gladium
1957 4235 2134 4274 emere
2181 4222 2466 4290 praecepit,

930 4304 1146 4357 verbum
1169 4304 1261 4358 Dei
1282 4305 1627 4374 signiﬁcavit;
1659 4309 1921 4376 quomodo
1943 4310 2204 4376 congruit,
2220 4318 2279 4361 ut
2299 4311 2469 4362 omnis

930 4392 1020 4459 qui
1065 4392 1290 4460 accipiat
1314 4392 1531 4446 verbum
1571 4385 1687 4456 Dei,
1717 4394 1879 4446 verbo
1919 4392 2009 4447 Dei
2039 4396 2260 4462 pereat?
2292 4414 2310 4444 ι
2366 4392 2469 4448 Sed

2545 2008 2825 2078 signiﬁcat,
2852 2006 2939 2060 ubi
2961 2007 3115 2060 dicit:
3139 2005 3206 2058 Et
3233 2016 3374 2058 tuam
3399 2005 3559 2076 ipsius
3580 2005 3804 2058 animam
3822 2013 4072 2072 pertrans-

2544 2098 2635 2149 ibit
2659 2097 2862 2166 gladius
2887 2095 3035 2166 (Luc.
3067 2112 3128 2159 ii,
3153 2095 3276 2164 35);
3305 2094 3356 2148 id
3389 2103 3501 2157 est,
3529 2094 3798 2148 tribulatio
3819 2093 4073 2163 passionis

2547 2187 2686 2242 illius
2728 2194 2873 2240 tuam
2919 2185 3184 2254 torquebit
3225 2185 3474 2238 animam.
3523 2183 3839 2238 Divisiooem
3874 2196 4075 2251 quoque

2547 2277 2839 2349 signiﬁcat,
2883 2277 2972 2331 ubi
3015 2275 3176 2330 dicit:
3211 2274 3330 2328 Non
3376 2277 3486 2329 ueni
3529 2276 3727 2328 mittere
3752 2288 3950 2343 pacem,
3992 2272 4074 2325 sed

2546 2365 2773 2434 gladium
2799 2364 3006 2434 (Matth.
3036 2379 3089 2428 x,
3118 2363 3238 2433 34);
3295 2363 3349 2418 id
3391 2371 3512 2427 est,
3555 2376 3803 2430 separare
3844 2361 4009 2415 bores
4047 2375 4073 2412 a

2548 2453 2720 2507 malis.
2771 2451 2875 2506 Sed
2901 2452 2997 2524 [et]
3023 2453 3254 2506 vindicta
3299 2452 3459 2522 gladii
3504 2452 3713 2506 nomine
3757 2450 4072 2519 intelligiuir,

2540 2543 2637 2596 ubi
2661 2543 2885 2612 legitur:
2915 2542 3034 2596 Non
3055 2543 3188 2595 enim
3211 2541 3403 2610 frustra
3426 2542 3651 2609 gladium
3675 2550 3877 2608 portat;
3908 2541 4075 2593 uindex

2549 2640 2622 2684 est
2648 2632 2782 2684 enim
2818 2632 2873 2683 in
2907 2647 2994 2684 eos
3023 2631 3112 2700 qui
3140 2640 3416 2699 operantur
3440 2630 3630 2683 malum
3659 2629 3831 2700 (Rom.
3862 2645 3979 2691 xm,
4006 2628 4073 2697 ι).

2549 2720 2812 2776 Iudicium
2840 2735 3048 2791 quoque
3075 2721 3169 2776 Dei
3195 2721 3353 2791 gladii
3381 2722 3590 2780 nomine
3625 2719 3816 2788 legitur
3839 2719 4074 2788 designa-

2553 2823 2663 2868 tum
2707 2826 2721 2863 :
2770 2810 3061 2865 Inebriatus
3110 2820 3184 2864 est
3229 2812 3283 2864 in
3329 2809 3452 2863 caelo
3496 2809 3697 2880 gladius
3740 2823 3882 2860 meus
3932 2806 4073 2878 (lsai.

2552 2916 2735 2965 xxxiv,
2764 2899 2842 2970 5).
2884 2900 3019 2953 Item
3047 2899 3206 2967 quia,
3251 2898 3517 2952 Exacuam
3561 2907 3615 2950 ut
3657 2897 3833 2966 fulgur
3857 2898 4073 2966 gladium

2553 3004 2743 3055 meum,
2770 2997 2817 3040 et
2839 2998 2954 3056 aget
2966 2987 3223 3056 judicium
3249 3001 3430 3039 manus
3455 3002 3566 3038 mea
3593 2985 3766 3055 (Deut.
3787 3000 3954 3047 xxxii,
3975 2984 4074 3048 li).

2555 3077 2623 3130 Et
2642 3075 2795 3145 juxta
2819 3075 3142 3144 Apostolum,
3169 3076 3387 3128 verbum
3411 3075 3502 3128 Dei
3537 3073 3839 3142 intelligitur
3865 3073 4075 3142 gladius.

2627 3165 2730 3221 Sed
2756 3165 2977 3219 forsitan
3003 3163 3089 3219 ille
3111 3164 3297 3226 laicus,
3319 3164 3408 3232 qui
3432 3163 3483 3216 in
3508 3177 3612 3217 uno
3632 3161 3836 3215 solebat
3856 3174 4078 3232 pugnare

2558 3255 2750 3325 gladio,
2779 3269 2940 3307 unam
2971 3268 3092 3318 eum
3117 3253 3338 3322 putabat
3364 3253 3556 3306 habere
3583 3252 4077 3320 interpretationem.

2559 3356 2664 3394 non
2700 3343 3039 3395 considerans
3080 3340 3225 3393 ilium
3267 3341 3470 3408 ipsum,
3517 3353 3674 3408 quem
3719 3355 3878 3393 manu
3917 3349 4080 3401 tenet,

2562 3429 2842 3496 ancipitem
2865 3442 2984 3482 esse
3007 3444 3018 3478 :
3060 3427 3112 3480 in
3140 3442 3244 3495 quo
3271 3437 3322 3480 et
3351 3427 3562 3483 inimico
3589 3427 3748 3479 vitam
3779 3425 3988 3479 auferre
4012 3426 4084 3478 ui-

2561 3519 2710 3580 titur,
2758 3525 2814 3571 et
2859 3531 3009 3570 suam
3056 3515 3338 3571 defendere
3383 3515 3592 3585 gaudet.
3642 3514 3764 3569 Ideo
3807 3515 4083 3569 secundum

2561 3605 2719 3656 aliam
2764 3602 3200 3671 signiﬁcationem
3244 3603 3296 3655 in
3343 3601 3584 3655 Matthiae
3628 3601 3879 3654 Dominus
3924 3600 4085 3654 dixit:

2564 3692 2749 3746 Omnes
2768 3693 2853 3760 qui
2875 3692 3155 3760 acceperint
3177 3691 3423 3759 gladium,
3446 3690 3616 3758 gladio
3636 3691 3867 3759 peribunt
3884 3689 4084 3758 (lauit.

2562 3796 2707 3843 xxvr,
2732 3779 2841 3851 52).
2893 3779 3049 3847 Juxta
3095 3779 3249 3832 aliam
3277 3795 3401 3832 vero
3429 3780 3481 3832 in
3509 3779 3647 3832 Luca
3671 3796 3688 3830 :
3719 3778 3822 3833 Sed
3849 3795 3981 3832 nunc
4006 3778 4090 3846 qui

2561 3872 2708 3923 habet
2734 3870 3015 3932 sacculum,
3046 3869 3191 3922 tollat
3225 3869 3458 3921 similiter
3482 3879 3527 3921 et
3554 3885 3746 3937 peram.
3785 3868 3851 3921 Et
3880 3869 3966 3935 qui
3994 3883 4089 3918 non

2561 3958 2740 4018 habet,
2786 3956 2966 4010 vendat
2995 3958 3220 4008 tunicam
3259 3972 3404 4008 suam
3445 3967 3490 4008 et
3530 3967 3661 4014 emat
3690 3954 3917 4022 gladium
3945 3952 4086 4022 (Luc.

2564 4062 2693 4108 xxu,
2720 4047 2829 4110 56).
2878 4040 2980 4099 Iste
3008 4059 3133 4098 vero
3169 4044 3372 4115 gladius
3386 4027 3605 4097 Ividetur
3630 4043 3678 4096 ei
3707 4042 3984 4112 placuisse,
4013 4041 4090 4094 ille

2564 4135 2739 4204 itaque
2776 4134 3122 4203 displicuisse.
3170 4134 3291 4188 ideo
3320 4134 3462 4187 illum
3489 4134 3723 4187 converti
3751 4133 3806 4186 in
3830 4133 4088 4202 vaginam.

2561 4223 2720 4276 istum
2747 4223 2847 4274 emi
2877 4222 3144 4290 prmcepit.
3197 4221 3400 4276 Idcirco
3427 4220 3721 4290 diligentius
3759 4220 4091 4273 considerau-

2564 4311 2688 4363 dum
2715 4300 2947 4374 est'quid
2975 4317 3197 4376 uterque
3222 4307 3510 4377 signiﬁcet:
3552 4315 3607 4361 et
3631 4306 3766 4360 sacri
3793 4315 4090 4360 sanctorum

2564 4398 2779 4451 Patrum
2805 4396 3101 4465 proferendi
3132 4406 3252 4450 sunt
3278 4410 3484 4459 sensus,
3512 4409 3578 4449 ne
3603 4395 3727 4463 quid
3752 4402 3930 4449 nostra
3953 4392 4092 4466 [par-

931 4479 1102 4541 facilis
1125 4487 1210 4532 est
1234 4478 1445 4543 solutio,
1487 4481 1533 4533 si
1574 4480 1896 4549 singulorum
1923 4482 2288 4535 consideratur
2311 4497 2469 4535 evan-
2497 4520 2543 4578 υ
2565 4485 2702 4538 vitas
2727 4483 2855 4554 (AL,
2891 4483 3170 4555 pravitas)]
3199 4492 3608 4554 prazsumptuose
3633 4483 3808 4538 dicere
3834 4484 4087 4537 videatur.

931 4567 1234 4637 gelistarum
1262 4568 1384 4621 huic
1408 4567 1525 4621 loco
1549 4569 1966 4633 circumstantia,
1993 4577 2048 4623 et
2072 4570 2294 4625 diversa:
2317 4571 2468 4624 intel-

930 4654 1160 4724 liguntur
1185 4655 1341 4725 glaiii
1383 4657 1809 4726 signiﬁcationes.
1859 4659 1973 4713 Non
2015 4661 2154 4714 enim
2199 4661 2470 4730 aequaliter

932 4743 1127 4810 ubique
1168 4743 1371 4811 gladius
1411 4745 1690 4813 signiﬁcat.
1739 4747 1961 4816 [Itaquc,
2001 4751 2138 4804 sicut
2174 4751 2280 4805 Leo
2318 4752 2471 4816 aliter

935 4829 1240 4898 signiﬁcat,]
1284 4831 1370 4883 ubi
1413 4832 1638 4884 dicitur:
1681 4833 1810 4885 Ecce
1838 4836 1951 4887 uicit
1979 4837 2055 4887 leo
2080 4837 2143 4889 de
2171 4838 2307 4889 tribu
2329 4839 2469 4891 Iuda

935 4918 1115 4986 (Apoc.
1145 4934 1197 4979 v,
1236 4917 1324 4985 5);
1374 4918 1528 4972 aliter
1567 4921 1654 4974 ubi
1701 4922 1927 4976 dicitur:
1965 4923 2156 4976 Circuit
2189 4928 2335 4994 quasi
2370 4926 2468 4990 leo,

933 5019 1166 5071 qurerens
1191 5019 1339 5072 quem
1367 5005 1567 5058 deuoret
1594 5006 1646 5073 (Ι
1669 5006 1808 5061 Petr.
1831 5025 1885 5072 ν,
1905 5010 1979 5079 8).
2012 5009 2100 5066 Ille
2126 5011 2207 5064 leo
2231 5012 2472 5066 Christus

936 5097 1045 5152 est;
1071 5091 1190 5154 iste,
1219 5091 1459 5144 diabolus
1484 5109 1496 5144 :
1526 5094 1626 5147 etsi
1653 5096 1847 5149 eisdem
1873 5099 2138 5152 scribatur
2159 5100 2350 5156 litteris
2368 5101 2469 5164 leo,

938 5190 1044 5230 non
1083 5185 1260 5232 tamen
1301 5180 1498 5234 eisdem
1537 5185 1778 5252 congruit
1811 5186 2294 5254 signiﬁcationibus.
2339 5190 2471 5244 Nam

939 5271 995 5318 et
1035 5264 1256 5334 abyssus
1297 5269 1349 5320 in
1389 5268 1679 5339 Scripturis
1721 5274 1920 5328 sanctis
1961 5274 2276 5329 multifarias
2315 5277 2476 5332 habet

1002 5423 1037 5496 ’Ῐ
1055 5413 1151 5496 qi?
1174 5413 1293 5496 θρίξ
1319 5421 1650 5496 θείθρξιξιοβε
1679 5425 1814 5493 apud
1836 5424 2125 5496 Canisiuin.

1011 5479 1370 5564 ‘Chgrissime
1393 5479 1671 5564 tia-Christo
1695 5479 1991 5564 irascemur.
2038 5479 2114 5550 Ex
2158 5495 2262 5557 his,
2310 5494 2475 5564 ipsius

943 5546 1271 5634 imp.
1325 5552 1674 5634 confessiope,
1695 5546 2471 5634 '_conti_hnawr"_ieiiibaﬁiai

946 5612 1251 5700 {gamma
1278 5623 1543 5700 narrantis
1564 5612 1809 5700 Carqu
1829 5612 2473 5700 ,είιῖέξιετίῑδξεῑεξιῇξῑιῑέ

947 5680 1320 5762 (murenam
1373 5691 1426 5762 in
1483 5680 1870 5762 grammatica),
1902 5680 2473 5754 inanissima.

948 5760 1340 5818 przeceptorem.
1363 5756 1476 5821 Quo
1491 5756 1651 5814 etiam
1673 5756 1908 5828 spectant
1922 5778 2105 5818 versus
2125 5768 2468 5834 epigramma-

2565 4573 2654 4627 Ille
2682 4587 2805 4626 vero
2833 4573 3036 4642 gladius
3072 4572 3357 4627 secundum
3386 4572 3684 4626 Mattbaaum
3706 4572 3992 4627 vindictam
4020 4574 4092 4626 in-

2558 4663 2819 4730 juriarum
2847 4675 3145 4719 nostrarum
3176 4662 3480 4734 intelligitur
3503 4663 3796 4732 designare,
3821 4678 3981 4733 quam
4007 4666 4092 4733 qui

2565 4753 2888 4820 exsequitur,
2931 4753 2983 4806 in
3026 4753 3136 4806 suis
3169 4752 3436 4820 periturus
3480 4753 3583 4805 erit
3625 4752 3938 4815 sceleribus,
3983 4753 4092 4822 ipsa

2567 4836 2771 4889 dicente
2793 4834 3065 4888 Veritate:
3107 4836 3152 4888 si
3191 4851 3290 4887 non
3337 4835 3629 4889 remiseritis
3661 4839 3948 4891 hominibus
3979 4855 4090 4906 pec-

2566 4937 2682 4978 cata
2702 4941 2816 4987 sua,
2842 4941 2929 4977 nec
2953 4924 3108 4976 Pater
3127 4935 3283 4978 vester
3300 4925 3507 4979 scelestis
3525 4925 3738 4980 dimittet
3761 4929 3894 4980 robis
3914 4927 4092 4980 delicta

2567 5017 2730 5063 uestra
2761 5009 2948 5079 (Marc.
2977 5026 3052 5072 xi,
3077 5009 3185 5080 26).
3235 5009 3565 5080 Quapropter
3599 5020 3654 5063 et
3687 4998 3827 5068 hunc
3863 5012 4092 5065 converti

2567 5101 2621 5154 in
2641 5099 2880 5167 vaginam
2905 5099 3082 5152 cordis
3105 5099 3358 5167 praecipit,
3388 5105 3448 5150 ut
3470 5097 3561 5160 ibi,
3575 5096 3725 5163 juxta
3745 5089 4091 5167 evangelium

2568 5189 2790 5243 duorum
2836 5199 3109 5242 servorum
3156 5187 3460 5256 parabolam
3506 5183 3652 5256 (Luc.
3699 5203 3791 5250 vn,
3838 5187 3898 5241 ιι
3945 5187 4090 5256 αφ).

2567 5276 2927 5344 unquque
2950 5277 3186 5330 remittat
3201 5275 3353 5331 fratri
3377 5289 3475 5332 suo
3497 5277 3562 5332 de
3578 5278 3737 5333 corde
3759 5292 3872 5332 suo.
3902 5277 3968 5332 Et
3986 5277 4093 5332 hac

2573 5399 3095 5525 ﬂgiégéiigsziiiﬁ)
3119 5403 3326 5458 Aleuiai
3364 5402 3428 5457 ad
3473 5401 3666 5458 fratres
3716 5403 4088 5460 Eberaceuses.

2691 5598 2820 5664 ’ξιιμ
2846 5613 3050 5662 namque
3075 5600 3264 5664 placent
3285 5610 3446 5664 vestro
3463 5601 3577 5664 quia
3597 5614 3796 5655 unum
3817 5605 3961 5662 Patri,

2695 5659 3183 5725 Qutpuncc‘gje’glas
3204 5663 3449 5720 regalibus
3470 5659 3655 5714 insonat
3675 5669 3805 5713 artes

2694 5720 2914 5777 Aurum,
2934 5717 3192 5768 et'I’at‘rm
3217 5717 3340 5771 ducit
3365 5734 3456 5785 per
3476 5729 3608 5784 prata
3628 5731 3932 5786 sentientem,
3952 5727 4040 5770 ete.
