4400 6466
175 541 284 596 ης
343 584 349 591 .
609 580 613 585 ι
974 572 980 578 ι
1188 594 1191 599 ⁴
1580 569 1602 585 .-
1634 530 1913 587 El’lSTlll.

1677 529 2004 586 [’ISTOIJI.
2042 565 2047 577 ν
2080 574 2083 577 .
3306 516 3412 573 426

174 656 262 704 est
287 654 601 702 nostrorum
622 643 942 714 indulgentia
963 643 1319 705 delictorum,
1338 650 1405 695 ut.
1424 642 1476 695 in
1502 655 1599 695 nos
1622 655 1747 710 pec-
1777 646 1951 702 A:est,
1975 651 2069 690 cur
2094 633 2386 689 auriculam
2412 634 2638 688 abscidit
2665 631 3014 695 adversantis,
3043 631 3168 687 dum
3197 630 3415 684 verbum

176 735 431 793 cantibus
461 734 816 798 dimittamus,
859 735 971 803 ipsa
1010 741 1298 789 attestante
1330 732 1602 795 V’eritste:
1645 730 1742 784 Di-
1849 728 1940 781 Dei
1984 742 2049 781 ex
2097 728 2281 782 auditu
2320 727 2385 781 ad
2428 734 2636 780 secreta
2674 724 2851 779 cordis
2895 722 3088 778 cubilia
3123 723 3417 792 pervenire

177 824 365 877 mittite
389 830 440 878 et
465 821 753 876 dimittetur
779 820 918 875 vobis
944 820 1094 891 (Luc.
1119 836 1196 884 vn,
1226 818 1337 890 57).
1848 819 2020 883 solet;
2067 827 2126 872 ut
2167 818 2238 871 ibi
2280 817 2403 872 ﬁdei
2438 815 2671 872 fructum
2699 816 3015 877 centesimo,
3060 813 3418 883 sexagesimo,

250 915 359 973 Sed
384 915 661 972 videamus
696 913 825 984 quid
865 913 951 969 ille
994 912 1291 967 secundum
1319 910 1475 965 Lueze
1502 910 1745 979 Evange-
1848 908 1929 960 vel
1961 900 2233 961 tricesimo
2250 905 2398 961 ferat
2420 905 2612 961 effectu
2641 904 2854 977 (Matth.
2873 921 2991 967 xm,
3010 904 3100 972 8)?
3129 902 3267 970 Quid
3295 902 3420 964 ista,

172 1008 308 1064 lium
334 1006 542 1079 gladius
568 1004 874 1077 signiﬁcare
900 1004 1089 1076 possit,
1113 1003 1180 1056 de
1207 1017 1314 1073 quo
1342 991 1504 1056 iotius
1528 1000 1749 1070 i'nquisi-
1832 998 2075 1053 obsecro
2097 1037 2113 1062 ,
2160 997 2428 1069 signiﬁcat
2475 997 2736 1052 abscissio
2756 1035 2771 1060 ,
2822 996 2924 1051 nisi
2968 1005 3027 1049 ut
3072 994 3424 1066 [inﬁdelitatis

176 1097 342 1152 tionis
366 1096 643 1153 oriebatur
659 1096 849 1151 series.
884 1094 977 1149 ille
998 1102 1084 1148 est
1105 1092 1359 1147 nimirum
1381 1090 1602 1145 verbum
1632 1091 1747 1148 Dei.
1851 1092 2043 1162 (£411.,
2074 1090 2435 1161 infmditatisn
2466 1090 2709 1147 auricula
2739 1090 3105 1152 abscindatur,
3148 1097 3206 1143 ut
3232 1087 3424 1143 diviuze

177 1200 343 1255 qnam
366 1184 598 1241 venditis
623 1184 871 1239 omnibus
904 1181 1182 1261 saecularis
1210 1180 1331 1237 vita:
1359 1178 1751 1248 impedimentis
1852 1195 1915 1239 ia,

1686 1178 1751 1231 tis
1852 1194 1995 1240 tactu
2024 1188 2210 1256 gratia:
2237 1201 2374 1241 nova
2401 1193 2638 1247 sanetur,
2668 1193 2725 1238 et
2748 1183 2943 1237 veteris
2973 1182 3204 1237 hominis
3222 1196 3424 1251 exspo~

176 1275 331 1335 nobis
362 1288 545 1331 emere
571 1287 791 1331 necesse
817 1280 931 1337 est,
972 1279 1026 1325 et
1066 1269 1292 1325 viriliter
1318 1268 1370 1322 in
1399 1282 1463 1322 eo
1513 1280 1750 1337 pugnare
1851 1276 1914 1330 lia

1692 1280 1750 1319 1'8
1851 1276 1997 1330 liatio
2024 1277 2076 1330 in
2105 1290 2257 1330 nova:
2277 1274 2675 1330 reformationis
2701 1283 2940 1329 transeat
2964 1274 3187 1343 gloriam
3208 1273 3243 1326 ?-
3273 1272 3427 1327 Unde

173 1374 369 1422 contra
395 1377 583 1420 omnes
609 1363 812 1431 antiqui
850 1362 1115 1431 serpentis
1143 1358 1381 1414 insidias.
1431 1356 1602 1425 Quem
1640 1356 1751 1427 gla-
1848 1375 1905 1420 et
1929 1366 2028 1419 iste
2050 1379 2237 1420 servus
2261 1364 2499 1419 Malchus
2520 1364 2815 1419 dicebatur.
2846 1362 3082 1417 Malehus
3107 1363 3159 1416 in
3182 1360 3425 1416 Latinam

175 1451 328 1509 dium
354 1450 603 1509 Salvator
627 1459 810 1509 noster
832 1465 953 1505 cum
986 1448 1257 1517 triumpho
1280 1446 1458 1517 gloria:
1480 1445 1547 1499 ad
1572 1454 1751 1513 pater—

180 1559 321 1600 nam!
353 1543 568 1599 rediens
600 1543 784 1598 sedem
807 1582 822 1607 ,
870 1540 1143 1611 discipulis
1183 1539 1295 1593 suis
1336 1537 1485 1591 dedit
1524 1538 1745 1592 dicens:

177 1635 296 1699 Ite,
336 1635 520 1695 ,docete
565 1650 741 1688 omnes
788 1641 962 1702 gentes
1010 1630 1223 1701 (Matth.
1254 1644 1443 1690 xxviii,
1478 1627 1585 1696 l9).
1636 1627 1751 1681 Non

175 1726 345 1797 igitur
382 1724 451 1779 ad
492 1722 853 1794 bujus‘gladii
902 1723 1086 1784 ictum,
1135 1719 1273 1772 sicut
1313 1716 1751 1770 extraordinaria:

176 1814 344 1883 hujus
390 1814 675 1883 inquisitor
715 1811 1023 1883 quaestionis
1066 1808 1446 1867 arbitrabatur,
1497 1805 1754 1860 Dominus

1852 1459 2086 1527 linguam
2114 1459 2343 1511 vertitur
2382 1472 2473 1510 rex
2512 1456 2594 1509 vel
2625 1464 2965 1527 regnaturus.
3014 1454 3292 1522 Quomodo
3333 1471 3422 1509 rex

1852 1554 1906 1600 et
1933 1560 2144 1609 servus,
2188 1546 2291 1600 nisi
2331 1546 2456 1614 quia
2498 1546 2552 1599 in
2580 1555 2760 1599 vetere
2800 1546 3013 1600 homine
3054 1546 3193 1598 servi
3233 1543 3431 1600 fuimus

1852 1638 2088 1706 peccati;
2142 1638 2195 1690 in
2245 1651 2382 1690 novo
2411 1637 2590 1704 itaque
2621 1636 2830 1691 Domini
2861 1636 2953 1689 Dei
3002 1635 3199 1706 [satiati
3230 1634 3426 1704 (Edit.,

1853 1726 2071 1797 saneti)]
2102 1727 2272 1794 gratia
2294 1764 2309 1788 ,
2340 1740 2493 1794 reges
2520 1734 2575 1778 et
2606 1726 2875 1794 regnaturi
2905 1725 3105 1779 erimus
3131 1740 3255 1779 cum
3276 1724 3429 1779 Chri—

1852 1819 1977 1869 sto?
2008 1818 2145 1883 Quid
2169 1826 2252 1871 est
2274 1818 2416 1886 quod
2441 1819 2552 1886 ipse
2573 1817 2831 1871 Dominus
2853 1827 3251 1886 persecutorem
3273 1833 3430 1871 suum

177 1881 493 1976 respondit:
523 1902 771 1961 Converte
799 1881 1030 1971 gladium
1071 1902 1125 1954 in
1158 1901 1396 1969 vaginam
1424 1918 1612 1963 suam,
1659 1898 1751 1954 sed
1855 1924 1912 1962 sa

1691 1898 1751 1951 8d
1855 1911 2104 1973 sanavit,
2155 1912 2257 1963 nisi
2311 1912 2451 1979 quod
2501 1912 2675 1965 omnis
2721 1913 3040 1981 praedicator
3086 1914 3138 1967 in
3190 1912 3429 1994 Ecclesia

175 2000 252 2056 ad
299 1997 442 2054 illius
484 1997 676 2067 quiin
725 1995 972 2049 Mattiaco
998 1994 1209 2064 legitur.
1259 1995 1339 2049 Ad
1367 1997 1521 2049 istius
1550 1994 1827 2068 [itaque‘g
1855 2001 2053 2053 Christi
2084 2016 2195 2054 nee
2215 2014 2342 2054 suos
2372 2001 2533 2055 verbo
2576 2003 2791 2070 pietatis
2830 2016 3024 2056 sanare
3065 2002 3313 2055 inimicos
3341 2002 3432 2056 de-

178 2089 315 2161 (Αι.,
341 2086 545 2159 atque)]
567 2087 727 2141 dixit:
754 2085 920 2141 Sinite
941 2102 1099 2155 usque
1117 2086 1215 2138 huc
1235 2083 1537 2155 [Cod.Sal.,
1560 2084 1752 2154 adhuc]
1858 2092 2051 2145 sistat?
2082 2091 2229 2146 Unde
2251 2101 2305 2145 et
2325 2094 2434 2161 ipse
2455 2092 2711 2146 Dominus
2747 2102 2985 2162 tempore
3010 2093 3276 2161 passionis
3303 2108 3432 2156 sum,

179 2178 337 2248 (Luc.
362 2192 520 2239 nul,
548 2176 657 2245 51).
698 2174 984 2240 ,Quatenus
1022 2182 1246 2242 uterque
1291 2189 1441 2228 suam
1485 2176 1757 2243 propriam
1858 2197 2020 2249 opera
2051 2183 2215 2235 etiam
2248 2183 2299 2234 in
2330 2197 2453 2235 suos
2478 2191 2854 2251 persecutores
2895 2198 2998 2235 non
3028 2184 3267 2237 deseruit
3292 2185 3437 2237 saui-

178 2267 386 2323 habere
412 2266 672 2336 potuisset
706 2263 1171 2333 signiﬁcationem.
1219 2264 1353 2317 Nam
1390 2264 1669 2332 aliquoties
1706 2266 1756 2315 in
1861 2270 2006 2322 tatis.
2043 2270 2118 2322 Ac
2149 2271 2269 2323 ideo
2300 2270 2521 2324 forsitan
2552 2271 2843 2339 permissus
2873 2280 2957 2323 est
2987 2269 3223 2324 Male-lius
3252 2271 3437 2324 vulne-

178 2372 292 2412 uno
332 2355 474 2411 facto
512 2356 738 2410 aliorum
773 2355 928 2424 182
970 2354 1117 2408 salus
1158 2360 1212 2408 et
1259 2354 1484 2407 aliorum
1531 2355 1759 2423 perditio
1863 2357 1990 2419 rari,
2022 2366 2081 2409 ut
2105 2356 2247 2410 Petri
2269 2360 2644 2411 ostenderetur
2667 2359 2973 2411 constantia
2998 2367 3055 2411 et
3079 2358 3288 2413 Domini
3323 2359 3434 2411 cla-

181 2446 483 2521 [provenit;
515 2444 624 2509 AL,
645 2442 929 2515 pervenit].
976 2443 1046 2496 llt
1072 2443 1125 2496 in
1158 2451 1266 2496 tota
1288 2443 1484 2497 Christi
1512 2444 1759 2512 passione
1864 2449 2373 2516 rcsceretpietas,et
2394 2449 2544 2501 nobis
2565 2448 2631 2500 ad
2653 2464 2841 2500 omnes
2864 2448 2987 2501 boni
3016 2450 3195 2518 aperis
3215 2450 3435 2503 daretur

176 2534 493 2609 Judteorum
523 2544 606 2588 εει
632 2532 880 2603 perditio.
927 2540 1111 2586 nostra
1155 2541 1335 2585 autem
1367 2532 1555 2584 83105:
1598 2532 1669 2585 ita
1708 2539 1762 2585 el
1860 2538 2193 2607 exemplum,
2238 2549 2504 2609 quatenus
2545 2539 2731 2593 salutis
2760 2550 2971 2593 acterna:
3017 2538 3430 2609 [inedicatnenta

183 2608 386 2678 factum
418 2621 724 2693 apostoli‘eze
750 2621 987 2675 audacia:
1016 2621 1168 2690 juxta
1200 2620 1465 2690 allegoriae
1494 2621 1758 2675 subtilita-

184 2720 295 2767 tem
316 2711 598 2781 dupliciter
616 2725 681 2764 ει
706 2710 1103 2780 ipsiusDomini
1124 2710 1301 2763 verbis
1328 2710 1543 2781 intelligi
1566 2719 1758 2780 potest.

184 2802 508 2869 Quaeratque
537 2800 645 2863 ille,
685 2800 928 2868 quisquis
955 2809 1058 2865 est,
1096 2816 1193 2853 cur
1220 2801 1271 2853 in
1301 2800 1406 2854 alio
1432 2801 1761 2869 evangelista

185 2893 448 2947 Dominus
474 2892 788 2961 prmeiperet
814 2891 1017 2961 virgam
1046 2892 1386 2959 portandam,
1415 2892 1468 2944 in
1497 2892 1601 2944 alio
1630 2908 1764 2960 prae-

184 2982 395 3053 ciperet
436 2994 554 3035 non‘
582 2980 940 3050 portandum:
990 2989 1045 3033 et
1089 2989 1215 3033 tunc
1261 2980 1557 3047 intelligat,
1604 2980 1763 3049 gladii

187 3070 439 3127 diversas
464 3084 584 3123 esse
610 3068 1047 3137 signiﬁcationes.

264 3158 372 3215 Sed
398 3158 843 3214 considerandum
871 3166 983 3222 est,
1014 3164 1306 3213 secundum
1330 3170 1521 3213 vestra:
1548 3160 1761 3229 sapien-

188 3252 283 3309 tia
324 3250 630 3307 venerabile
672 3258 1029 3321 praceptum,
1070 3267 1089 3301 ι
1127 3250 1256 3319 quid
1299 3250 1565 3321 signiﬁcet
1604 3249 1765 3317 hujus

193 3434 326 3504 quid
351 3448 502 3504 pera,
530 3432 656 3501 quid
686 3433 886 3497 tunica,
914 3447 1014 3501 cur
1038 3441 1312 3503 postremo
1339 3431 1392 3485 in
1420 3430 1630 3485 duobus
1653 3431 1766 3500 gla-

321 3525 455 3580 satis
470 3514 593 3579 esse
613 3522 860 3577 dicatur?
879 3540 900 3572 s
933 3521 1009 3575 De
1028 3522 1379 3576 eonvemione
1400 3521 1582 3589 itaque
1604 3520 1767 3591 gladii

193 3617 253 3673 in
279 3617 529 3686 νεέσθω
555 3630 706 3671 suam
731 3622 787 3669 et
811 3614 877 3669 de
904 3612 1141 3683 periculo
1168 3613 1499 3682 accipientis,
1525 3612 1642 3667 loco
1668 3627 1768 3666 suo

194 3707 451 3764 diximus.
505 3705 718 3773 Emptio
754 3704 1017 3774 siquidem
1062 3704 1218 3773 hujus
1260 3704 1420 3774 gladii
1462 3712 1547 3758 est
1586 3703 1765 3757 smeuli

196 3795 555 3856 renuntiatio,
598 3794 664 3847 de
700 3807 808 3863 qua
847 3793 961 3863 ipse
1001 3793 1256 3849 Dominus
1295 3791 1467 3847 dixit:
1517 3792 1620 3858 Qui
1662 3810 1765 3846 non

197 3882 569 3938 renuntiaverit
598 3881 835 3935 omnibus
860 3896 977 3953 qua
1004 3882 1250 3950 possidet,
1289 3889 1390 3935 itan
1423 3891 1587 3950 potest
1621 3898 1764 3935 meus

174 3988 308 4027 ~esse
347 3970 631 4042 discipqu
674 3970 823 4041 (Luc.
871 3987 981 4035 stv,
1027 3972 1137 4041 35).
1195 3971 1304 4025 lloe
1350 3980 1473 4025 est:
1527 3972 1766 4026 avaritiae

195 4070 437 4119 sectator
472 4076 578 4116 non
616 4070 793 4132 potest
815 4064 1058 4116 veritatis
1095 4078 1214 4117 esse
1255 4067 1592 4132 przedicator,
1640 4066 1766 4132 quia

197 4153 346 4222 quod
373 4166 467 4205 ore
492 4150 767 4221 praedicat,
802 4166 962 4220 opere
986 4152 1228 4207 destruit.
1278 4155 1441 4222 Igitur
1470 4156 1522 4208 in
1553 4156 1766 4209 sacculo

196 4243 411 4299 occulta
440 4243 744 4297 divitiarum
771 4241 1066 4296 substantia
1093 4256 1106 4294 :
1139 4243 1189 4295 in
1220 4256 1366 4310 pera,
1393 4243 1602 4313 publica
1628 4245 1766 4298 desi-

196 4334 354 4405 gnari
399 4339 591 4403 potest.
644 4332 700 4386 In
748 4332 924 4386 tunica
970 4333 1200 4385 carnalis
1241 4334 1523 4387 delectatio
1550 4335 1767 4388 demon-

200 4429 427 4475 stratur.
474 4419 605 4485 Qum
632 4421 809 4474 omnia
841 4418 1077 4475 funditus
1106 4421 1407 4483 vendenda,
1444 4425 1493 4478 id
1524 4433 1607 4477 est
1636 4423 1766 4491 abji-

198 4509 393 4565 cienda
418 4518 566 4572 sunt,
593 4517 657 4577 ut
683 4510 871 4581 dignus
893 4509 997 4582 [in]
1015 4510 1202 4581 "gladio
1229 4513 1372 4565 verbi
1404 4508 1496 4567 Dei
1533 4521 1770 4567 sectator

197 4598 406 4655 Christi
442 4595 718 4653 adiciatur
762 4598 935 4654 miles.
999 4601 1150 4666 Quod
1199 4611 1376 4657 autem
1423 4605 1663 4674 discipuli
1716 4604 1768 4658 id

1865 2628 2059 2696 (fidit,
2082 2629 2320 2700 munus)]
2351 2632 2512 2684 etiam
2541 2630 2774 2684 inimicis
2803 2640 3183 2699 praestaremus
3211 2634 3430 2686 nostris.

1932 2718 2039 2770 Cur
2075 2719 2179 2771 duo
2215 2718 2374 2787 gladii
2417 2719 2471 2771 in
2513 2718 2784 2772 Dominica
2817 2718 3211 2789 [tantummodo
3241 2721 3434 2790 (l-Idit.,

1863 2809 2245 2879 postmodum”
2280 2810 2524 2877 paSsione
2554 2810 2751 2862 inventi
2783 2817 2924 2871 sunt,
2947 2818 3002 2861 et
3024 2811 3074 2863 in
3099 2826 3205 2863 uno
3231 2823 3436 2880 aposzw

1864 2897 1964 2949 lica
1997 2900 2250 2967 pugnavit
2278 2898 2503 2961 ﬁducia;
2551 2899 2712 2952 alium
2744 2900 2949 2969 vagiine
2986 2911 3290 2971 esctnptum
3332 2919 3437 2957 non
3464 2952 3473 2961 ,

1864 2989 2127 3058 legimus?
2172 2991 2405 3045 diximus
2447 2992 2581 3045 duos
2626 2991 2831 3059 gladios
2858 3007 3055 3061 corpus
3101 3001 3157 3047 et
3201 2995 3436 3048 animam

1865 3078 2204 3144 signiﬁcare:
2252 3094 2393 3147 quae
2414 3080 2573 3133 ambo
2600 3094 2697 3148 per
2725 3095 2887 3133 unam
2918 3081 3075 3134 Iidem
3102 3084 3314 3151 Operari
3347 3084 3437 3137 de-

1865 3164 2012 3229 heut,
2051 3175 2108 3219 ut
2143 3166 2295 3231 ﬁdes,
2323 3182 2440 3236 qum
2470 3170 2523 3222 in
2555 3170 2733 3223 anima
2764 3169 2911 3232 latet,
2945 3169 3089 3224 foras
3121 3187 3215 3241 per
3242 3186 3437 3243 corptis

1866 3257 2182 3312 ostendatur
2211 3259 2261 3311 in
2291 3272 2471 3327 opere.
2522 3257 2605 3311 Ex
2634 3259 2956 3312 abundantia
2983 3261 3156 3315 cordis
3184 3278 3239 3315 os
3266 3262 3436 3332 loqui—

74 3410 87 3415 η
191 3344 451 3420 (emptio;
482 3344 671 3415 (Edit.,
698 3342 1010 3415 exemptio)]
1057 3343 1236 3413 gladii,
1279 3343 1408 3411 quid
1453 3342 1766 3406 saeculum,
1793 3346 1840 3411 C
1869 3357 1955 3398 tur
1980 3342 2191 3416 (Matth.
2218 3363 2317 3410 vn,
2344 3349 2454 3418 34).
2511 3349 2661 3403 Unde
2706 3359 2761 3402 et
2806 3349 3048 3419 discipuli
3088 3352 3224 3404 dona
3264 3354 3437 3406 sancti

1869 3435 2099 3507 Spiritus
2129 3438 2184 3492 in
2219 3439 2388 3508 igneis
2417 3440 2611 3509 linguis
2640 3441 2963 3509 accipientes
3004 3442 3145 3509 loqui
3188 3443 3436 3495 dicuntur
3506 3432 3524 3515 ξ

1866 3530 2129 3599 magnah'a
2171 3530 2264 3584 Dei
2295 3529 2430 3599 (Art.
2472 3547 2533 3594 ll,
2576 3530 2684 3600 ll).
2740 3531 2876 3596 Quia
2922 3532 3011 3586 ubi
3059 3533 3297 3586 citat-itas
3344 3550 3438 3602 per

1866 3623 2063 3677 donum
2095 3625 2267 3677 sancti
2297 3624 2528 3692 Spiritus
2564 3625 2707 3677 intus
2737 3614 2970 3677 ardescit
2998 3624 3049 3677 in
3079 3624 3280 3685 animo,
3314 3642 3436 3678 mox

1867 3712 2013 3767 foras
2040 3714 2095 3767 in
2122 3714 2285 3768 verbo
2310 3715 2557 3769 clarescit
2592 3715 3005 3784 praedicationis.
3052 3712 3282 3769 Possunt
3308 3706 3437 3784 quo-

1865 3818 1967 3871 que
2016 3820 2118 3858 non
2168 3806 2607 3860 inconvenienter
2634 3806 2740 3858 duo
2785 3806 2980 3874 gladii,
3033 3804 3164 3860 ﬁdes
3210 3814 3263 3860 et
3305 3820 3440 3877 opus

1869 3897 2083 3967 intelligi
2111 3914 2123 3949 :
2156 3898 2243 3951 illa
2274 3900 2326 3951 in
2356 3900 2515 3952 corde
2541 3899 2731 3960 latens,
2762 3898 2902 3952 istud
2932 3900 2985 3952 in
3012 3898 3152 3952 facto
3183 3903 3233 3953 in
3262 3899 3437 3970 palam

1869 3990 2179 4057 procedens.
2247 3990 2314 4043 Et
2360 3990 2665 4064 diligentius
2715 3989 3075 4042 consideranti
3126 4006 3223 4057 par
3267 3991 3436 4057 priori

1868 4082 2241 4146 signiﬁcationi
2265 4083 2381 4135 hate
2402 4097 2610 4150 quoque
2635 4082 2922 4142 invenitur,
2943 4084 3067 4147 quia
3092 4079 3222 4134 ﬁdes
3246 4082 3437 4134 anima:

1867 4181 1978 4232 est,
2019 4186 2153 4239 opus
2181 4186 2310 4226 vero
2348 4172 2608 4240 corporis.
2666 4170 2815 4224 Unde
2860 4180 2913 4223 ct
2957 4171 3321 4239 unusquisque
3368 4175 3436 4225 ad

1866 4260 2047 4313 cordis
2077 4262 2157 4314 sui
2188 4260 2482 4329 penetralia
2523 4261 2719 4327 dirigat
2755 4262 3101 4313 intentionem
3122 4300 3137 4324 ,
3180 4269 3234 4313 et
3261 4262 3440 4316 videat

1868 4352 1922 4404 in
1952 4366 2035 4411 eo,
2066 4359 2323 4419 quantum
2350 4352 2533 4420 diligat
2570 4350 2767 4411 Deum,
2814 4360 2867 4402 et
2908 4351 3151 4406 eamdem
3183 4352 3276 4406 Dei
3303 4352 3436 4409 dile-

1869 4441 2099 4493 ctionem
2136 4438 2374 4510 proferat
2415 4442 2467 4493 in
2510 4456 2659 4509 opus.
2713 4442 2777 4493 Et
2808 4442 3037 4494 maxime
3062 4443 3441 4511 praedicatores

1873 4530 2123 4583 Ecclesize
2150 4530 2349 4584 Christi
2375 4532 2695 4585 charitatcm
2726 4531 3095 4598 Redemptoris
3135 4534 3302 4585 nostri
3343 4548 3440 4604 per

1806 4666 1815 4681 κ
1871 4620 2030 4673 verba
2058 4619 2252 4673 sedulae
2279 4620 2671 4689 praedicationis
2708 4620 2913 4688 populis
2942 4621 3244 4675 ostendant.
3281 4623 3437 4694 183

202 4690 496 4746 dixerunt:
529 4687 664 4743 Ecce
691 4689 793 4744 duo
823 4678 985 4773 gladii
1021 4690 1104 4742 hic
1144 4701 1282 4753 sunt,
1310 4700 1364 4745 et
1394 4691 1646 4747 Dominus
1682 4687 1765 4747 re-
1871 4706 1940 4760 Si.

1698 4687 1765 4747 τ’
1798 4707 1842 4765 ι)
1871 4706 2227 4762 Sint/acerna:
2244 4710 2477 4763 ardentes
2511 4710 2659 4779 (Luc.
2688 4728 2785 4773 Ml,
2813 4712 2900 4781 55)
2930 4713 2980 4764 in
3010 4712 3168 4765 domo
3193 4678 3435 4767 Dor-nini:

201 4780 455 4851 spondit:
488 4780 614 4833 satis
643 4774 754 4843 ist;
796 4770 900 4834 duo
926 4779 1083 4849 gladii
1115 4789 1239 4834 sunt
1273 4794 1467 4852 corpus
1490 4790 1544 4837 et
1570 4783 1766 4847 anima,

201 4870 257 4925 in
294 4868 492 4937 quibus
529 4869 897 4940 unusquisque
924 4871 1214 4926 secundum
1242 4872 1339 4926 sibi
1386 4888 1414 4925 a
1455 4872 1563 4928 Deo
1590 4875 1770 4931 datam

200 4959 437 5031 gratiam
481 4957 536 5011 in
578 4956 787 5012 Dumlnl
813 4956 906 5015 Dei
932 4960 1202 5015 voluntate
1230 4962 1456 5031 praeliari
1487 4964 1662 5019 debet.
1707 4964 1773 5020 Et

203 5050 340 5105 satis
368 5048 472 5103 erit
487 5047 745 5103 Voluntati
777 5046 892 5111 Dei,
915 5048 959 5104 sl
980 5046 1201 5121 corpore
1227 5054 1480 5115 et'animo
1511 5054 1651 5109 illius
1675 5057 1771 5111 im-

202 5140 492 5212 plebantur
515 5148 800 5211 precepts.
848 5218 853 5219 γ
1246 5147 1250 5151 ·
1454 5215 1458 5219 η
1640 5206 1645 5209 _
1704 5136 1709 5139 ’

218 5243 223 5249 ’
277 5228 638 5335 Sedetbaae
666 5254 938 5329 proposita
974 5253 1196 5335 qurmstio
1240 5254 1466 5327 alteram
1508 5255 1768 5318 advocat,

207 5334 346 5429 quia
363 5330 848 5429 abyssusabgssum
876 5330 1077 5429 inuocat
1108 5341 1273 5415 (Psal.
1297 5358 1409 5409 xu,
1434 5344 1509 5414 8).
1553 5344 1622 5400 Et
1647 5346 1770 5402 dum

207 5426 430 5503 fn'odum
453 5418 656 5503 ’(Εᾶἱιζ.
685 5419 1179 5509 modumﬂ‘valida,
1206 5436 1586 5509 complexioms
1627 5438 1770 5495 solu-

207 5518 642 5606 tumjctttimavi,
677 5510 805 5591 ecce
828 5514 1081 5606 [alterum
1107 5537 1175 5585 ex
1194 5521 1371 5583 latere
1388 5524 1622 5601 occultae
1645 5541 1773 5586 eon-

206 5606 504 5672 strictionis
546 5600 765 5692 tam.
794 5600 1133 5692 uiuam
1180 5625 1247 5676 ex

743 5690 941 5763 οῦ*ὡῶ
965 5740 985 5774 ρ
1008 5694 1201 5783 έᾳιιιιιι.
1238 5716 1345 5761 non
1572 5705 1777 5777 prioris

211 5781 581 5875 inquisitionis
606 5784 835 5875 auctori,
969 5781 1510 5875 sve'stra‘veneranda
1526 5792 1776 5875 dignitati

213 5865 511 5936 exsolvam;
558 5867 861 5947 Si’giaiﬂds
892 5863 1125 5941 istbﬂit-
1154 5868 1406 5947 dlxi'm'us,
1434 5863 1653 5939 verbum
1682 5863 1779 5940 Dei

619 5973 889 6033 Panos.
939 5969 1008 6031 C.

1874 4798 1979 4852 sint
2008 4799 2252 4853 civitates
2278 4799 2445 4854 ﬁrmae
2474 4802 2525 4855 in
2556 4803 2822 4854 montibus
2844 4804 3099 4854 virtutum
3123 4802 3359 4862 consita,
3385 4814 3451 4856 et.

1875 4895 2059 4941 contra
2082 4902 2271 4940 omnes
2293 4888 2510 4942 insidias
2532 4888 2738 4942 hostilis
2761 4889 3023 4941 exercitus
3046 4890 3434 4943 munitissima.

1875 4977 1995 5031 Sint
2038 4985 2281 5046 pastores
2327 4978 2567 5048 providi,
2613 4978 3071 5048 gregemeristi
3118 4992 3215 5045 per
3242 4993 3439 5046 pascua

1874 5068 1996 5139 vitae
2022 5076 2236 5139 muenia:
2255 5070 2541 5133 ducentes,
2581 5076 2845 5137 quatenus
2872 5066 2993 5121 cum
3021 5067 3298 5136 multiplici
3323 5072 3439 5123 ani-

1876 5146 2085 5217 marum
2131 5157 2306 5215 fructu
2360 5159 2550 5230 gaudia
2601 5159 2809 5214 Domini
2858 5159 2949 5214 Dei
3000 5159 3082 5215 sui
3129 5170 3439 5213 mereantur

1876 5249 2098 5319 ingredi.
2134 5246 2266 5322 [llos
2295 5257 2384 5304 tua
2416 5248 2609 5320 (Edit.,
2633 5248 2830 5313 hostia,
2862 5247 3144 5319 mendum
3172 5248 3435 5305 excellen-

1877 5342 2081 5397 tissima
2109 5342 2340 5411 dignitas
2382 5350 2436 5397 et
2478 5343 2815 5398 sanctissima
2857 5342 2910 5399 in
2946 5339 3145 5396 Christi
3174 5342 3438 5397 ebaritate

1876 5429 2123 5509 voluntas
2148 5444 2361 5501 semper
2384 5430 2669 5491 admoneat
2688 5471 2703 5495 ,
2745 5433 2851 5489 imo
2878 5431 3210 5486 suavissimis
3235 5431 3434 5487 esbor-
3530 5414 3535 5427 ’

1877 5522 2167 5580 tationibus
2192 5521 2261 5579 ad
2286 5522 2680 5591 pradiestionis
2704 5521 2941 5591 impellat
2961 5520 3155 5583 oﬁlcis.
3175 5531 3439 5590 quatenus

1881 5613 1937 5669 in
1960 5611 2046 5668 die
2074 5625 2268 5684 magno
2294 5610 2503 5676 Domini
2539 5613 2709 5672 nostri
2744 5609 2870 5670 Iesu
2895 5611 3092 5671 Christi
3132 5620 3189 5667 tu
3225 5625 3439 5683 quoque

1883 5700 2166 5757 amabilem
2193 5701 2452 5759 merearis
2487 5702 2674 5760 audire
2707 5693 3063 5759 unaunam:
3102 5699 3270 5772 Euge,
3300 5718 3439 5757 sem

1884 5793 2012 5848 bone
2044 5803 2093 5846 et
2121 5791 2315 5861 ﬁdelis,
2351 5793 2475 5861 quia
2512 5808 2665 5862 super
2689 5809 2858 5865 pauca
2885 5793 3033 5865 futili
3058 5791 3249 5862 ﬁdelis,
3280 5809 3439 5866 stipa

1883 5877 2045 5937 multa
2077 5891 2123 5935 te
2152 5883 2479 5944 constituam,
2529 5876 2667 5937 intra
2713 5884 2768 5937 in
2814 5882 3063 5955 gaudium
3088 5882 3318 5937 Domini
3362 5881 3442 5938 (id

2980 5970 3048 6033 ιι
