4400 6438
826 412 931 467 ιίὶῖ

1662 398 1721 451 Β.
1764 394 1824 450 F.
1862 389 2087 448 ALBINI
2123 385 2254 444 SEU
2295 377 2570 437 ALCUINI
2621 378 2903 437 ΟΡΕΒΙΞΜ
2942 377 3120 433 PARS
3155 376 3197 433 1.

3939 360 4046 423 428

829 529 1040 597 (Matth.
1070 540 1199 588 xxv,
1224 520 1337 591 21).
1384 517 1497 572 Nec
1524 515 1667 570 enim
1711 513 1813 565 hoc
1858 507 1987 563 solis
2026 498 2394 559 sacerdotibus
2423 496 2468 556 Δ
2495 492 2563 549 Et
2581 506 2689 549 neu
2716 492 3084 597 evangelicum
3115 489 3403 597 :IQuodni'n
3416 504 3560 597 ,οιιὲ
3585 487 3825 592 pudistis,
3851 483 4050 597 pra-di-

827 590 910 677 ve]
939 617 1147 677 clericis
1172 610 1492 668 audiendum
1518 606 1587 661 ibi
1610 600 1909 659 arbitreris,
1931 596 2028 651 sed
2049 594 2214 649 etiam
2234 590 2388 644 bouis

829 713 978 768 laicis
1016 719 1074 764 et
1106 708 1244 763 bene
1281 704 1335 757 in
1376 713 1539 770 Opere
1574 695 1669 749 Dei
1704 688 2073 746 laborantibus
2107 681 2390 740 dicendum

826 819 944 858 esse
969 800 1181 862 credas,
1210 804 1266 850 et
1292 792 1524 847 maxime
1548 786 1634 841 his
1663 783 1754 853 qui
1785 783 1839 836 in
1868 774 2268 834 sublimioribus
2297 786 2393 842 po-

826 896 915 950 siti
956 898 1086 947 sunt
1124 885 1305 942 smcuIi
1346 877 1691 953 dignitatibus
1713 916 1729 939 ,
1779 885 2008 941 quorum
2053 865 2393 924 conversatio

826 986 965 1041 bona
992 992 1050 1040 et
1069 982 1193 1036 vice
1219 975 1477 1033 sanctitas
1502 979 1558 1025 et
1581 963 1936 1023 admonitoria
1966 970 2182 1017 aeterna:
2204 956 2393 1014 salutis

822 1076 1013 1140 verba,
1053 1073 1165 1127 suis
1200 1065 1455 1135 subjectis
1494 1057 1801 1131 praedicatio
1834 1054 2035 1126 poterit
2068 1064 2208 1106 esse.
2256 1048 2393 1102 Nam

828 1165 1195 1235 unusquisque
1228 1160 1295 1214 de
1327 1156 1555 1227 pecunia
1581 1149 1781 1208 domini
1812 1147 1929 1211 sui,
1958 1158 2120 1235 quam
2153 1140 2391 1235 accepit,

827 1228 1093 1311 rationem
1109 1228 1428 1306 redditurus
1455 1244 1562 1301 erit
1589 1242 1646 1297 in
1679 1240 1765 1294 die
1787 1235 1995 1305 iudicii.
2040 1232 2110 1287 Et
2144 1232 2239 1302 qui
2274 1228 2395 1300 plus

827 1346 1064 1408 laborat,
1091 1342 1210 1413 plus
1233 1336 1500 1395 mercedis
1524 1330 1767 1401 accipiet.
1804 1320 2396 1413 Quapropter-dilectis-

827 1438 964 1492 sime
991 1441 1045 1487 et
1068 1408 1391 1486 honorande~
1446 1422 1765 1479 cclesiarum
1795 1411 2039 1488 [Christi]
2065 1408 2319 1466 defensor
2343 1412 2399 1461 et

829 1533 1029 1588 rector,
1048 1530 1150 1577 tuae
1174 1517 1527 1575 sanctissima:
1546 1509 1819 1581 sapientiae
1838 1502 2142 1561 venerabile
2160 1500 2397 1556 studium

831 1617 965 1671 alios
991 1609 1327 1668 admonendo
1349 1607 1682 1666 exhortetur,
1725 1598 1857 1653 alios
1885 1592 2198 1665 castigando
2221 1589 2396 1645 corri-

831 1717 942 1781 gat,
968 1705 1105 1761 alios
1127 1702 1250 1756 vitm
1276 1694 1572 1766 disciplinis
1593 1690 1836 1752 erudiat,
1875 1693 1937 1739 ut
1958 1678 2398 1781 omnibusomnia

832 1769 1003 1869 iactus
1030 1793 1083 1865 (1
1111 1791 1232 1847 Cor.
1259 1805 1336 1854 rx,
1356 1786 1472 1858 22),
1501 1800 1571 1838 ex
1592 1780 1843 1837 omnibus
1869 1773 2172 1869 mercedem

832 1858 1093 1943 merearis
1118 1888 1450 1953 perpetuam.
1485 1875 1557 1930 Ut
1582 1886 1704 1927 eum
1730 1881 1922 1938 magna
1949 1872 2006 1918 et
2026 1858 2280 1953 laudabili

834 1962 1077 2050 polorum
1113 1945 1450 2028 multitudine
1476 1964 1739 2037 gloriosus
1776 1960 1830 2014 in
1865 1959 2155 2023 conspectu
2186 1945 2402 2003 Domini

835 2068 930 2124 Dei
956 2068 1035 2121 tui
1064 2075 1347 2135 appareas.

902 2157 1077 2213 Audio
1100 2134 1271 2209 etiam
1291 2167 1386 2220 per
1416 2145 1687 2215 Ecclesias
1706 2139 1907 2197 Christi
1934 2134 2221 2208 quamdam
2274 2144 2405 2186 con-

836 2246 1173 2304 suetudinem
1196 2257 1301 2297 non
1327 2239 1459 2295 satis
1485 2233 1827 2297 laudabilem,
1866 2220 2027 2298 quam
2071 2230 2249 2279 vestra
2277 2234 2406 2290 pru-

836 2334 1150 2396 deutiSsima
1176 2332 1469 2388 auctoritas
1494 2327 1651 2382 facile
1679 2322 1968 2380 emendare
2010 2323 2206 2389 potest,
2231 2313 2277 2368 si
2318 2320 2403 2366 ta-

839 2445 960 2484 men
987 2442 1113 2483 vera
1140 2432 1224 2479 est
1249 2422 1449 2491 opinio,
1481 2425 1535 2473 et
1574 2431 1683 2470 non
1712 2412 1881 2483 magis
1926 2408 2059 2464 falsa
2109 2402 2405 2467 excusatio,

840 2515 1065 2588 utquod
1087 2514 1266 2569 facere
1293 2526 1399 2565 nou
1436 2507 1621 2561 volunt
1651 2500 1973 2574 presbyteri,
2020 2497 2132 2552 suis
2166 2491 2408 2561 injiciaut

839 2607 1122 2680 episcopis.
1150 2603 1285 2657 Nam
1304 2602 1491 2656 dicunt
1514 2599 1581 2652 ab
1602 2594 1867 2666 episcopis
1900 2588 2245 2680 interdictum

841 2675 1168 2771 presbyteris
1226 2701 1283 2747 et
1325 2688 1639 2746 diaconibus
1688 2684 1985 2755 praedicare
2033 2679 2088 2734 in
2128 2675 2409 2771 ecclesiis,

842 2764 971 2845 dum
994 2764 1049 2843 in
1076 2780 1394 2857 Apocalypsi
1420 2778 1663 2852 [legiturz
1682 2773 1914 2845 Spiritus
1938 2780 1985 2823 et
2001 2784 2192 2840 sponsa
2211 2764 2408 2857 (Dditi,

842 2880 1052 2951 legatur
1077 2852 1344 2946 episcopis
1369 2879 1425 2926 et
1443 2880 1674 2945 sponsae,
1698 2862 1845 2932 etc.)
1867 2859 1891 2932 ]
1914 2860 2095 2951 dicunt
2127 2874 2145 2911 :
2341 2852 2411 2951 lit

844 2942 933 3039 qui
974 2942 1182 3028 audidt,
1210 2942 1374 3022 dicat,
1422 2957 1554 3011 ueni.
1580 2942 1695 3019 Qui
1727 2953 1857 3016 sitit,
1896 2950 2089 3039 ueniat,
2134 2946 2225 3017 qui
2281 2942 2410 3007 uult,

844 3036 1065 3132 accipiat
1090 3068 1281 3125 aquam
1326 3050 1441 3104 vita:
1484 3046 1666 3117 (Apoc.
1708 3059 1842 3109 χχιι,
1886 3041 1997 3132 Π).
2052 3036 2164 3132 Nec
2205 3042 2417 3132 uorti-et

846 3122 1179 3217 Apostolus:
1210 3139 1361 3204 Quod
1385 3137 1431 3189 si
1456 3134 1548 3189 alii
1578 3132 1853 3186 revelatum
1870 3122 2415 3229 fuert‘tsedenlti3plrior
2441 3164 2492 3229 ϐ

849 3211 1038 3289 άωαι.
1071 3228 1301 3283 Potestis
1323 3227 1455 3279 enim
1481 3240 1578 3294 per.
1596 3219 1827 3292 singulos
1862 3216 2167 3289 prophetare
2190 3212 2256 3286 (1
2286 3211 2408 3267 Cor.

849 3339 966 3389 xiv,
993 3322 1085 3386 50,
1107 3318 1220 3389 5i),
1250 3317 1301 3372 id
1321 3325 1405 3372 est
1427 3316 1642 3370 docere.
1666 3312 1801 3367 item
1824 3310 1892 3365 ad
1914 3308 2290 3364 Timotheum:
2310 3303 2414 3370 Qui

851 3419 979 3472 bene
996 3420 1223 3486 praesunt
1248 3407 1546 3481 presbyteri,
1576 3390 1771 3478 duplici
1799 3402 1995 3455 honore
2015 3398 2162 3468 digni
2190 3395 2419 3450 habean-

851 3519 940 3563 tur
964 3522 981 3559 :
1010 3504 1235 3557 maxime
1258 3500 1347 3571 qui
1400 3498 1639 3551 laborant
1668 3496 1725 3547 in
1752 3492 1904 3546 verba
1931 3500 1980 3544 et
2026 3489 2266 3559 doctrina
2321 3487 2421 3541 Dei

853 3598 907 3669 (I
937 3597 1070 3652 Tim.
1100 3611 1156 3659 v,
1188 3592 1297 3663 t7).
1318 3591 1514 3645 Dicant
1546 3587 1691 3642 enim
1712 3586 1765 3638 in
1788 3583 1985 3653 quibus
2013 3580 2311 3636 canonibus
2335 3580 2420 3634 in-

790 3738 793 3739 ν
854 3690 1141 3745 terdictum
1160 3685 1233 3739 sit
1249 3680 1579 3753 presbyteris
1603 3675 1933 3748 praedicare?
1960 3672 2099 3741 Quin
2129 3673 2301 3743 magis
2344 3671 2424 3726 le-

852 3786 984 3848 gant
1028 3785 1085 3830 et
1121 3772 1437 3843 intelligant,
1494 3768 1562 3822 ab
1614 3767 1767 3821 initio
1826 3764 2099 3819 nascentis
2142 3762 2421 3826 Ecclesia,

857 3870 1046 3940 quanti
1067 3876 1297 3935 etquam
1319 3862 1593 3917 mirabiles
1622 3876 1689 3913 ex
1724 3858 1940 3911 diverso
1968 3856 2293 3909 clericorum
2333 3868 2427 3907 or-

859 3963 982 4016 dine
1010 3972 1109 4029 per
1139 3964 1307 4011 totam
1334 3953 1517 4008 mundi
1548 3949 1882 4005 latitudinem
1912 3948 2061 4002 fuere
2111 3947 2429 4017 praedicato-

859 4066 972 4113 res,
1000 4050 1163 4104 etiam
1187 4054 1244 4100 et
1277 4042 1569 4115 apostolica
1594 4041 1647 4095 in
1669 4042 1910 4095 diversas
1932 4047 2115 4108 partes
2135 4037 2435 4091 transmis-'

860 4142 905 4195 si
936 4138 1255 4194 auctoritate
1287 4153 1301 4188 :
1324 4140 1383 4189 et
1402 4133 1652 4189 desinant
1672 4130 1908 4201 speciale
1935 4129 2159 4194 habere,
2181 4130 2324 4199 quod
2359 4129 2429 4186 ad

861 4229 1041 4297 majus
1067 4226 1369 4297 animarum
1398 4223 1610 4277 lucrum
1635 4221 1986 4291 plurimon
2028 4221 2233 4290 poterit
2282 4234 2424 4276 esse.

865 4292 1004 4371 Nam
1026 4323 1082 4370 et
1103 4315 1219 4383 ipse
1232 4292 1489 4366 Dominus
1517 4320 1701 4365 noster
1717 4309 1875 4365 Jesus
1900 4310 2149 4364 Christus
2173 4308 2430 4377 apostolis

867 4411 980 4463 suis
1004 4409 1071 4464 ad
1098 4396 1491 4477 praedicationis
1524 4403 1698 4459 cilicia
1748 4404 1970 4458 secundi
2017 4402 2223 4457 ordinis
2284 4401 2430 4455 viros

2488 593 2601 637 cate
2621 600 2775 654 super
2799 592 2935 636 tecta
2966 580 3280 650 (lamus.
3313 579 3441 649 27)?
3486 577 3628 634 Dicit
3670 575 3835 631 enim,
3860 572 4053 629 beatus

2490 674 2844 745 Hieronymus
2866 674 2919 727 in
2948 672 3174 742 epistola
3201 670 3313 742 (52)
3342 669 3410 724 ad
3440 668 3792 739 Nepotianum
3827 664 4052 737 presby-

2489 773 2685 830 terum,
2730 764 2821 819 ubi
2862 779 2985 818 eum
3029 763 3097 818 de
3141 761 3538 833 praedicationis
3576 757 3750 815 cilicio
3775 756 4050 811 instituit:

2496 872 2515 902 ι
2549 851 2806 907 Pessima:
2831 850 3234 906 consuetudinis
3261 856 3367 913 est,
3395 849 3448 903 in
3469 845 3787 918 quihusdam
3798 843 4057 899 Ecclesiis

2491 954 2677 999 tacere
2694 942 3065 1012 presbyteros,
3095 948 3152 995 et
3176 924 3532 1009 praesentibus
3549 936 3813 1008 episcopis
3849 950 3958 989 non
3978 934 4058 988 lo—

2490 1032 2583 1102 qui
2616 1031 2814 1101 :quasi
2841 1038 2936 1085 aut
2957 1029 3234 1085 invideant
3254 1036 3351 1083 aut
3376 1043 3483 1084 non
3527 1027 3810 1098 dignentur
3848 1026 4054 1081 audire.

2493 1122 2561 1177 Et
2595 1123 2643 1177 si
2665 1121 2780 1187 alii,
2810 1120 2983 1190 inquit
3017 1120 3217 1175 Paulus
3259 1118 3554 1189 apostolus,
3582 1117 3737 1186 fuerit
3782 1115 4057 1172 revelatum

2492 1214 2714 1280 sedenti,
2759 1213 2908 1284 prior
2949 1220 3139 1266 taceat.
3207 1210 3431 1266 Potestis
3490 1209 3626 1265 enim
3652 1198 3771 1279 per
3830 1206 4059 1277 singulos

2492 1304 2817 1375 prophetare,
2848 1311 2905 1356 ut
2923 1290 3100 1356 omnes
3127 1301 3330 1369 discant
3353 1300 3541 1373 [Edit.,
3562 1310 3612 1354 et
3636 1315 3809 1355 omnes
3836 1298 4059 1367 dicunt],

2493 1404 2542 1450 et
2562 1411 2739 1449 omnes
2763 1394 3096 1448 consolentur
3121 1393 3178 1466 (l
3201 1393 3323 1448 Cor.
3354 1409 3467 1458 slv,
3525 1392 3616 1457 30,
3642 1390 3754 1462 3i).
3780 1392 3848 1446 Et
3890 1409 3904 1444 :
3941 1390 4063 1461 Spi—

2496 1485 2628 1539 ritus
2647 1485 3014 1555 prophetarum
3037 1484 3298 1555 prophetis
3317 1484 3575 1555 subjectus
3614 1493 3724 1549 est;
3775 1499 3901 1537 non
3924 1483 4064 1537 cuius

2496 1573 2835 1627 dissensionis
2854 1582 2932 1627 est
2950 1572 3113 1637 Deus,
3131 1572 3222 1626 sed
3246 1573 3389 1642 pacis
3424 1570 3611 1641 (Ibid.,
3641 1587 3772 1625 vers.
3803 1570 3896 1635 52,
3950 1569 4062 1636 33).

2499 1663 2684 1720 Gloria
2707 1666 2872 1735 patris
2895 1673 2971 1718 est
3015 1663 3159 1732 ﬁlius
3198 1654 3610 1733 sapiens'(Pror.
3639 1678 3696 1727 ι,
3721 1660 3798 1733 ί).
3824 1652 4069 1716 Gaudeat

2498 1758 2785 1829 episcopus
2805 1752 3012 1826 judicio
3037 1771 3158 1821 suo,
3189 1770 3314 1811 cum
3355 1755 3492 1811 tales
3543 1752 3803 1828 [Christo]
3849 1753 4070 1825 elegerit

2428 1830 2479 1893 Β
2501 1835 2832 1904 sacerdotes.
2869 1846 3029 1921 18‘.
3050 1846 3312 1920 [Docente
3335 1856 3389 1902 te
3410 1848 3462 1901 in
3488 1846 3719 1903 ecclesia
3740 1844 3936 1917 (Elin,
3964 1844 4071 1898 Do-

2499 1947 2685 1994 centes
2709 1940 2763 1993 in
2782 1937 3036 2009 ecclesia)
3070 1936 3092 2010 ]
3119 1952 3225 1992 non
3247 1936 3454 1992 clamor
3478 1934 3657 2007 pepuli
3701 1934 3796 1990 sed
3835 1934 4069 2006 gemitus

2500 2024 2815 2085 suscitetur.
2840 2024 3121 2100 Lacrymte
3155 2028 3460 2083 auditorum
3511 2026 3694 2081 laudes
3720 2034 3826 2081 tum
3877 2026 4006 2081 sint.
4044 2044 4064 2075 ι

2502 2120 2627 2176 llaec
2662 2128 2847 2175 tantus
2871 2128 2929 2174 et
2976 2118 3309 2174 admirabilis
3348 2118 3535 2174 doctor
3586 2117 3713 2173 huic
3759 2125 3869 2171 tam
3915 2115 4071 2170 mala.-

2502 2211 2879 2291 consuetudini
2908 2210 3177 2281 opposuit.
3204 2210 3443 2265 Plurima
3462 2210 3657 2265 exinde
3684 2209 3791 2264 dici
3816 2214 4070 2279 possunt.

2503 2302 2598 2358 sed
2620 2303 2847 2374 sapienti
2868 2316 3043 2372 pauca
3068 2300 3364 2357 sufﬁciunt.
3388 2300 3499 2356 Nec
3523 2308 3723 2355 nostra
3749 2292 4073 2353 rusticitatis

2502 2401 2606 2457 est,
2635 2391 3146 2456 vestra‘laudabilis
3168 2392 3446 2462 sapientiae
3493 2405 3653 2445 aures
3699 2388 3943 2461 plurimis
3981 2403 4072 2459 ag-

2488 2497 2734 2555 gravare
2759 2481 2971 2547 verbis;
2999 2483 3096 2537 sed
3118 2489 3333 2540 tantum
3352 2480 3577 2551 supplici
3603 2479 3885 2535 deprecari
3910 2478 4070 2532 devo-

2506 2574 2675 2636 tione,
2694 2579 2755 2626 ut
2773 2571 2905 2625 talia
2946 2580 3172 2641 paterna
3198 2570 3504 2641 provisione
3540 2567 3796 2638 iubeatis,
3850 2569 3899 2623 si
3944 2582 4070 2621 vera

2508 2664 2639 2727 sint,
2660 2662 2968 2717 emendare.
3001 2662 3277 2727 Quatenus
3296 2660 3524 2716 sublime
3581 2658 3777 2731 regalis
3823 2657 4071 2728 potentiae

2510 2756 2749 2826 regimen
2769 2754 3020 2809 omnibus
3042 2754 3241 2822 ubique
3258 2753 3508 2824 proﬁciat
3528 2753 3594 2807 ad
3622 2751 3871 2813 salutem,
3904 2758 3961 2804 et
3982 2748 4075 2802 tibi

2510 2861 2636 2901 cum
2653 2845 2869 2901 Christo
2896 2845 3125 2907 Domino
3146 2844 3258 2899 Deo
3287 2851 3471 2898 nostro
3490 2851 3546 2898 et
3568 2842 3772 2897 sanctis
3792 2839 3909 2908 eius
3935 2854 4067 2911 prae-

2512 2934 2621 2989 mia
2648 2934 2893 3004 perpetui
2923 2933 3147 2988 honoris
3176 2939 3494 3002 augeantur.

2585 3022 2829 3077 Vidimus
2858 3036 3071 3092 quoque
3117 3021 3383 3090 aliquibus
3427 3020 3481 3087 in
3519 3019 3651 3074 locis
3704 3015 4068 3090 [negligentes]

2517 3109 2826 3168 altaria'Dei
2851 3113 3056 3183 absque
3082 3120 3247 3177 tecto,
3270 3112 3452 3166 avium
3481 3108 3811 3165 stercoribus
3861 3108 3947 3165 vel
3986 3124 4073 3163 ca-

2518 3218 2648 3259 num
2675 3204 2843 3259 mictu
2870 3202 3091 3258 fmdata.
3120 3201 3274 3269 Quod
3298 3200 3458 3255 facile
3474 3206 3657 3254 vestra
3673 3197 3979 3253 veneranda
4022 3198 4070 3251 in

2516 3284 2903 3348 Deo‘voluntas‘
2914 3308 3014 3363 per
3031 3293 3315 3362 episcopos
3336 3290 3623 3345 emendare
3648 3289 3824 3344 valet:
3848 3297 3911 3343 ut
3958 3303 4072 3344 cum

2516 3384 2722 3438 honore
2746 3383 3011 3454 condigne
3040 3389 3257 3435 maneat
3282 3395 3468 3435 merrsa
3493 3379 3704 3434 Domini
3728 3378 3782 3432 iu
3809 3377 3932 3432 loco
3961 3392 4073 3440 suo,

2516 3473 2598 3528 rel
2622 3480 2871 3543 portetur
2890 3472 2944 3527 in
2965 3470 3255 3529 ecclesiam
3278 3468 3558 3537 majorem,
3605 3466 3904 3536 secundum
3953 3479 4074 3519 san-

2519 3571 2665 3619 ctam
2691 3563 3036 3617 sacerdotum
3086 3552 3199 3614 Dei
3225 3558 3647 3629 providentiam;
3693 3566 3750 3613 et
3789 3557 4078 3614 honoriﬁce

2520 3660 2785 3707 tractetur
2803 3666 2896 3707 seu
2926 3650 3098 3704 altare
3116 3648 3340 3712 Christi,
3367 3662 3463 3703 seu
3486 3647 3821 3715 consecratio
3842 3646 4078 3717 corporis

2521 3750 2579 3797 et
2613 3742 2890 3813 sanguinis
2916 3740 3081 3805 illius,
3109 3747 3165 3793 et
3188 3738 3517 3808 praecipuum
3550 3734 3739 3790 salutis
3771 3743 3968 3789 nostra:
4000 3750 4081 3790 sa-

2523 3842 2863 3890 cramentum
2883 3832 3029 3887 omni
3050 3830 3397 3885 veneratione
3415 3835 3781 3893 consecretur,
3805 3828 4079 3893 habeatur,

2525 3933 2582 3978 et
2602 3924 2959 3978 custodiatur.
3918 3902 3921 3905 ’

2988 4022 3015 4051 ι
3043 4007 3371 4065 EPISTOLA
3410 4005 3636 4062 CLXIV.

2909 4096 2978 4136 AD
3024 4095 3271 4136 ωιιοωι
3315 4090 3713 4133 ιιηιιτοιιι.

2530 4172 2823 4242 Respondet
2947 4173 3267 4247 interrogata
3296 4171 3361 4225 de
3380 4171 3571 4247 hymno
3590 4176 3704 4238 post
3733 4182 3932 4221 cca-3
3953 4165 4084 4220 dicte

2864 4241 3032 4310 apud
3062 4236 3370 4295 Mattheus!
3390 4236 3441 4299 et
3473 4236 3729 4291 Marcum.

2602 4329 2735 4401 Regi
2774 4329 2921 4402 [Leg.
2954 4330 3123 4403 Rege]
3154 4322 3342 4403 regum
3364 4330 3476 4385 Deo
3501 4329 3718 4385 Christo
3741 4326 4084 4385 donanteCa—

2534 4418 2649 4473 rolo
2678 4420 2810 4490 regi,
2841 4420 3151 4489 imperatori
3169 4420 3430 4491 Augusto,
3457 4420 3680 4490 optimo,
3694 4412 3952 4485 maximo,
3971 4432 4085 4491 per-

869 4500 1161 4569 subjunxit,
1189 4508 1250 4554 ut
1278 4500 1330 4553 in
1350 4499 1494 4553 Luca
1516 4496 1852 4568 apertissime
1872 4497 2066 4567 legitur
2093 4514 2105 4549 :
2158 4494 2282 4549 Pos.‘
2319 4495 2431 4548 Iure
2456 4500 2512 4562 ι)
2533 4484 2968 4578 ρεωο;]ιυιηίιῇε
3006 4484 3421 4565 ωειτίαιιξήυε⁷
3450 4484 3671 4565 A'mnus
3712 4484 4085 4579 9°me

870 4605 1041 4647 autent
1069 4591 1352 4659 designavit
1381 4589 1633 4643 Dominus
1666 4597 1713 4641 et
1740 4586 1870 4640 alios
1914 4588 2243 4658 septuaginta
2278 4586 2432 4651 duos,

871 4692 919 4733 et
946 4682 1081 4733 misit
1106 4679 1225 4733 illos
1248 4679 1395 4731 binos
1420 4687 1542 4730 ante
1566 4677 1754 4743 faciem
1776 4692 1927 4749 suam
1948 4676 2100 4748 (Luc.
2128 4694 2184 4741 ι,
2238 4677 2316 4748 1).
2370 4676 2440 4731 Et

873 4770 1034 4841 paulo
1054 4776 1212 4839 post:
1245 4766 1348 4832 Qui
1376 4783 1463 4821 vos
1489 4766 1657 4829 audit,
1681 4782 1762 4819 me
1785 4767 1968 4830 audit;
1995 4777 2044 4820 et
2075 4768 2166 4836 qui
2188 4783 2439 4837 conper-

875 4865 972 4924 m't,
998 4860 1327 4930 meapemit;
1352 4867 1399 4911 et
1426 4859 1514 4928 qui
1558 4872 1639 4909 me
1689 4856 1906 4925 spernit,
1939 4858 2135 4926 spernit
2188 4872 2305 4911 eum
2348 4858 2438 4928 qui

875 4970 954 5006 me
980 4953 1121 5005 misit
1175 4948 1362 5021 (Ibid.,
1392 4948 1503 5020 16).
1534 4948 1602 5002 Et
1627 4955 1824 5003 caetera
1842 4963 1962 5017 qua:
1988 4948 2069 5014 [ibi
2108 4948 2177 5005 de
2218 4949 2437 5021 dispal-

876 5046 1083 5097 satione
1108 5041 1259 5095 verbi
1288 5040 1382 5094 Dei
1420 5038 1687 5110 leguntur.
1717 5040 1896 5107 Quare
1924 5043 1976 5098 in
2012 5043 2271 5100 Ecclesiis
2312 5044 2443 5100 ubi-

878 5147 983 5199 que
1006 5132 1074 5184 ab
1096 5132 1243 5185 omni
1276 5130 1465 5186 ordine
1516 5128 1835 5185 clericorum
1886 5133 2117 5187 humilius
2152 5133 2443 5204 leguntur?

880 5221 1018 5286 Quid
1042 5230 1129 5274 est
1154 5222 1391 5286 bomilia,
1420 5221 1523 5275 nisi
1548 5216 1853 5289 praedicatio
1872 5223 1897 5275 ?
1920 5222 2111 5277 Mirum
2162 5233 2248 5277 est
2298 5227 2443 5293 quod

884 5312 1059 5380 legere
1087 5310 1231 5372 licet,
1254 5320 1310 5364 et
1328 5311 1669 5381 interpretari
1696 5326 1800 5365 non
1820 5312 1965 5378 licet,
1997 5311 2443 5385 [utjabomnibus
2512 5322 2515 5325 ‘

844 5444 849 5452 .
887 5401 1253 5471 intelligatur?
1281 5400 1417 5465 Quid
1439 5411 1525 5456 est
1551 5402 1697 5456 aliud
1714 5437 1731 5466 ,
1759 5403 1867 5456 nisi
1886 5413 1969 5459 ut
1990 5405 2271 5459 audientes
2323 5404 2442 5460 sine

889 5490 1064 5545 irm'tu
1092 5489 1246 5553 fiant,
1276 5496 1332 5541 et
1358 5488 1642 5558 impleatur
1661 5484 2030 5560 Virgilianuiu—
2044 5493 2203 5549 illud:
2226 5524 2231 5529 -
2398 5521 2405 5528 ι

1134 5580 1354 5630 Datsiae
1375 5587 1541 5629 mente
2061 5598 2067 5603 ~
2128 5618 2133 5621 ι
2232 5583 2236 5587 ‘
2337 5575 2349 5616 .'

897 5752 906 5767 η
961 5696 984 5722 ι
1011 5681 1143 5764 "re
1162 5670 1381 5767 epistola
1420 5688 1470 5741 in
1502 5682 1741 5767 editione.
1761 5690 2077 5767 Quercetani
2118 5664 2218 5747 106
2245 5701 2350 5760 est,
2379 5682 2447 5767 ab

893 5758 1007 5821 ipso
1036 5758 1205 5822 primo
1242 5758 1380 5817 ertita
1410 5774 1473 5811 es
1508 5759 1690 5814 codice
1724 5758 1820 5815 ms.
1853 5762 2061 5832 Scripta
2087 5772 2168 5818 est
2194 5778 2312 5833 pust
2339 5758 2447 5821 Vari-

2537 4598 2776 4669 ctelestis
2798 4599 2982 4671 gloria:
3005 4600 3254 4656 salutem.
3590 4628 3601 4635 -

2557 4755 2564 4761 ,
2608 4687 2867 4753 litabilis
2882 4690 3161 4758 sapientiae
3186 4694 3383 4745 vestra:
3403 4689 3706 4744 litterarum
3750 4689 3895 4743 serie
3921 4695 4081 4759 perte-

2537 4782 2648 4847 cta,
2667 4775 2970 4833 invenimus
2995 4768 3430 4848 easeloquentiae
3456 4778 3629 4833 nitore
3670 4772 3995 4849 spléndidas,
4034 4784 4087 4830 et

2539 4863 2900 4935 profunditate
2920 4882 3174 4923 sensuum
3214 4865 3612 4932 subtilissimas,
3645 4874 3702 4921 et
3738 4864 4086 4936 inquisitimis

2540 4955 2713 5026 gratia
2726 4955 3166 5025 iucundissimas.
3200 4956 3352 5013 Unde
3368 4965 3616 5028 patenur
3641 4953 4084 5033 poterit.

2541 5061 2647 5104 non
2669 5054 2879 5103 tantum
2917 5049 3317 5119 imperatoriam
3368 5058 3564 5104 vestra:
3594 5048 3891 5120 prudentia
3946 5055 4084 5117 pote-

2542 5143 2737 5194 statem
2760 5154 2799 5193 a
2821 5139 2934 5194 Deo
2956 5141 3024 5195 ad
3043 5141 3217 5195 solum
3236 5140 3419 5195 rutundi
3440 5140 3705 5213 regimen,
3726 5138 3823 5193 sed
3865 5138 4081 5192 maxime

2543 5227 2611 5283 ad
2634 5227 2892 5283 Ecclesia
2911 5230 3218 5298 prmsidium
3242 5237 3298 5285 et
3327 5230 3604 5302 sapientia:
3625 5229 3876 5286 decorem
3930 5227 4079 5283 colla-

2544 5328 2677 5382 tam,
2704 5326 2761 5371 et
2779 5319 3036 5388 iuvenum
3061 5308 3271 5395 mentes
3302 5307 3547 5390 quadam
3604 5320 3809 5376 inertia:
3856 5317 4081 5391 rubigine

2542 5405 2894 5462 obductasad
2916 5411 3143 5463 acumen
3158 5406 3361 5479 ingenii
3399 5418 3497 5479 per
3536 5414 3776 5469 vestram

2545 5492 2689 5551 uiam
2716 5496 2991 5553 solertiam
3010 5489 3328 5571 elimandas;
3366 5496 3422 5553 Si
3450 5499 3666 5571 quidem
3692 5506 3888 5567 prater
3932 5496 4080 5565 impe-

2546 5584 2711 5642 τὴκύ
2723 5595 2791 5643 et
2804 5576 3050 5659 publicas
3067 5602 3256 5653 curas,
3276 5579 3612 5663 evangeﬁcas
3640 5587 3954 5661 quaestiones
3972 5599 4078 5639 ac»

2548 5690 2681 5770 num
2707 5698 2812 5770 βοο
2836 5695 2902 5770 ad
2921 5696 3179 5770 Caroluni
3203 5691 3312 5768 jam
3352 5701 3759 5770 imperatorem.
3780 5696 3947 5769 (Apud
3970 5693 4078 5750 εω-

2549 5769 2669 5821 ben.
2701 5767 2855 5839 epist.
2881 5767 3025 5840 tas.)
3208 5767 3211 5768 ί
3426 5767 3442 5770 ⁷
3546 5776 3550 5778 ν
