4400 6404
426 434 540 513 ’ωδ

1885 444 2254 519 εριδτοιιε.
2342 528 2359 539 η,
2390 442 2396 455 ’

3544 472 3649 543 ιω,

432 577 570 643 forte
612 575 733 645 leg.,
781 591 888 628 non
932 578 1144 629 nocenti
1194 593 1412 632 munera
1460 574 1748 649 accidunt],
1793 587 1849 631 ct
1884 594 1991 631 non
2019 584 2063 637 Α
2092 591 2156 632 ex
2198 574 2483 648 discipulis,
2514 578 2678 634 etiam
2719 582 2994 635 cicatrices
3018 580 3129 647 ejus
3164 587 3515 644 contrectans,
3556 595 3648 635 ex—

433 661 605 731 magis~
626 662 814 730 iudici,
862 665 953 732 qui
993 665 1153 719 habet
1196 672 1516 735 potestatem
1557 666 1719 735 ligare
1768 666 1851 720 vel
1891 665 2022 744 sol-'

430 765 577 816 vere,
603 750 848 807 occidere
872 762 926 806 et
951 754 1253 810 viviﬁcare!
1279 755 1335 811 Si
1362 756 1525 825 igitur
1546 764 1765 824 propter
1799 770 1989 809 nomen

430 843 834 915 redemptionis,
880 848 1021 915 quod
1050 852 1249 901 sancta
1304 850 1440 903 solet
1480 848 1770 920 Scriptura
1800 848 1993 915 saepius

430 952 529 1005 pro
566 948 753 994 nostra
782 954 982 1007 ponere
1018 939 1353 1001 liberatione,
1393 941 1505 994 vult
1530 940 1614 994 ille
1643 940 1871 1008 sapiens,
1901 955 1992 992 ne-

427 1028 719 1099 cessariam
744 1043 863 1085 esse
890 1028 943 1081 in
976 1027 1146 1083 salute
1180 1038 1363 1085 nostra
1407 1028 1787 1093 venditionem,
1834 1035 1991 1096 atque

425 1116 754 1192 emptionem
775 1126 895 1172 cum
917 1125 1089 1172 morte
1107 1118 1303 1181 dicere,
1331 1119 1422 1173 ubi
1441 1118 1802 1189 prior.emptio
1830 1124 1987 1179 esset,

428 1213 490 1257 ut
520 1220 585 1258 ex
615 1221 680 1261 ea
703 1206 882 1275 priore
914 1209 1147 1267 secunda
1177 1202 1435 1279 reem'ptio
1461 1210 1541 1278 (ut
1562 1210 1648 1263 ille
1682 1211 1992 1279 interpreta-

425 1294 535 1362 tur)
557 1293 703 1361 juste
724 1296 830 1350 dici
854 1296 1064 1351 valeat?
1102 1297 1275 1367 (Quod
1308 1313 1435 1353 vero
1460 1299 1686 1353 dicimus
1709 1299 1986 1361 recreatio,

424 1381 511 1435 vel
536 1378 867 1449 reformatio,
899 1385 1018 1441 ideo
1041 1387 1269 1442 dicimus
1293 1389 1416 1457 quia
1452 1373 1550 1442 fuit
1572 1390 1742 1459 prima
1790 1388 1989 1441 creatio

420 1482 475 1527 et
500 1470 770 1539 formatio,
795 1477 1006 1546 quando
1045 1478 1288 1535 humines
1322 1476 1485 1531 creati
1527 1486 1650 1531 sunt
1681 1484 1841 1545 atque
1866 1472 1987 1528 ’τοι-

422 1563 603 1634 mati‘.)
630 1562 942 1619 Nullatenus
963 1566 1032 1619 ita
1048 1566 1274 1636 intelligi
1295 1575 1473 1638 potest
1500 1565 1811 1635 redemptio,
1835 1564 1987 1635 quasi

419 1642 667 1720 quzedam
695 1663 839 1710 esset
873 1657 1071 1725 emptio
1099 1664 1222 1709 ante
1248 1675 1260 1708 :
1291 1670 1389 1712 nec
1413 1658 1573 1721 etiam
1598 1656 1723 1720 hoc,
1750 1654 1888 1724 quod
1910 1654 1988 1707 di-

416 1736 561 1794 citur
609 1744 945 1815 redemptio,
994 1744 1060 1797 ad
1110 1745 1433 1814 emptiOnem
1482 1752 1691 1799 tantum
1736 1746 1983 1814 pertinet,

416 1832 677 1899 quantum
700 1831 767 1883 ad
792 1831 1178 1901 liberationem,
1205 1832 1341 1889 Sient
1363 1834 1606 1907 superius
1626 1822 1980 1899 ostendimus;

2089 666 2340 719 clamavit
2357 666 2538 721 dicens
2567 686 2577 719 :
2613 666 2863 722 Dominus
2887 686 3028 723 meus
3057 679 3102 723 et
3130 669 3265 722 Deus
3292 687 3433 723 meus
3465 668 3650 746 (Joan.

2090 769 2179 817 xx,
2202 753 2312 825 18).
2348 754 2415 809 Et
2446 771 2565 809 cum
2602 756 2739 811 illius
2770 760 2950 813 carnis
2982 767 3089 814 tota
3118 752 3392 828 integritas
3422 760 3648 830 appare-

2090 854 2191 909 ret,
2222 840 2639 901 demonstratum
2684 858 2766 903 est
2805 851 2857 903 in
2902 865 2986 914 ea,
3026 850 3167 920 quod
3204 864 3329 904 suos
3356 851 3646 906 exhortans

2089 936 2301 990 dixerat
2344 955 2356 990 ;
2408 936 2637 1007 Capillus
2692 941 2872 1009 capitis
2925 942 3077 995 vestri
3126 958 3225 994 non
3270 942 3450 1011 peribit
3493 941 3640 1010 (Luc.

2089 1026 2199 1088 x’xt,
2228 1024 2333 1097 18).
2363 1027 2559 1081 Verum
2590 1030 2635 1083 si
2664 1020 2839 1098 Capilli
2883 1039 3189 1085 sanctorum
3230 1046 3333 1085 non
3378 1031 3642 1101 peribunt,

2088 1124 2285 1183 quanto
2328 1117 2496 1187 magis
2536 1134 2632 1172 nec
2673 1121 2889 1191 sanguis
2924 1120 3195 1175 Christiii
3232 1120 3488 1179 Similiter
3520 1120 3648 1177 bea-

2088 1210 2173 1255 tus
2189 1203 2227 1255 F
2235 1204 2498 1273 ulgentius
2511 1206 2645 1275 (Lib.
2660 1224 2717 1261 ιιι
2734 1209 2801 1260 ad
2809 1208 3210 1279 Trasimundum
3223 1226 3409 1280 regem,
3425 1228 3538 1281 cap.
3555 1210 3643 1281 54)

2087 1290 2154 1345 de
2184 1301 2290 1346 tota
2320 1295 2649 1350 humanitate
2690 1298 2931 1366 corporis
2974 1297 3175 1352 Christi
3220 1280 3553 1354 ascendentis
3591 1280 3643 1353 in

2086 1377 2279 1435 omium
2320 1384 2683 1438 testimonium
2712 1385 2815 1438 tale
2840 1386 2896 1439 in
2920 1384 3056 1440 libro
3082 1368 3157 1441 .ἀὲ
3186 1385 3307 1440 ode
3338 1386 3643 1441 Christiana

2084 1462 2398 1538 proferens:
2421 1492 2438 1522 ι
2460 1473 2674 1539 Postea,
2704 1464 2893 1545 inquit,
2922 1490 3082 1545 quam
3110 1476 3286 1545 posuit
3315 1476 3567 1540 animam,
3591 1487 3645 1531 et

2086 1558 2465 1631 resumpsisset
2500 1554 2797 1619 secundum
2832 1556 2998 1619 totam
3041 1566 3426 1621 humanitatem
3470 1576 3642 1630 suam,

2085 1650 2139 1703 in
2191 1651 2384 1705 coelum
2433 1652 2689 1719 ascendit,
2737 1661 2791 1707 et
2823 1654 2875 1707 iu
2915 1654 3135 1709 dextera
3164 1654 3257 1709 Dei
3287 1655 3514 1709 sedisset
3538 1654 3645 1727 [so-

2085 1742 2195 1814 det]
2233 1782 2246 1795 .
2279 1763 2295 1795 ι
2341 1743 2586 1799 Redemit
2629 1746 2770 1799 enim
2816 1759 2914 1800 nos
2960 1735 3200 1800 diversas
3248 1748 3514 1800 sustinens
3559 1745 3641 1801 ln-

2080 1832 2329 1903 jui-ias'et
2350 1838 2649 1906 passiones,
2674 1838 2883 1891 vincula
2912 1851 3120 1907 passus,
3150 1836 3317 1906 alapis
3337 1850 3523 1899 «esus,
3546 1834 3642 1889 ila-

414 1917 573 1983 quod
601 1924 655 1971 et
695 1918 863 1987 ipsius
902 1916 1113 1975 Domini
1168 1922 1345 1976 verbis
1396 1904 1611 1993 probari
1654 1920 1853 1993 potest,
1893 1926 1983 1979 ubi
2017 1904 2060 1965 υ
2087 1925 2236 1995 gellis
2263 1904 2576 1981 verberatus
2602 1934 2703 1980 est.
2734 1904 2977 1981 Redemit
3010 1928 3194 1996 utique
3230 1904 3487 1996 sanguine
3512 1941 3639 1995 pas-

414 2007 533 2060 ait:
573 2004 742 2089 ilius
783 2010 1009 2091 hominis
1032 2028 1135 2069 non
1172 2002 1323 2091 (venit
1355 2014 1664 2078 ministrari,
1711 2016 1800 2068 sed
1834 2018 1982 2069 mini-

410 2106 600 2163 strare,
635 2102 683 2153 et
718 2100 844 2154 dare
868 2098 1095 2156 animam
1132 2090 1282 2156 suam
1315 2092 1715 2179 redemptionem
1733 2123 1832 2195 pro
1855 2107 1983 2159 mul-

410 2188 479 2241 tis
500 2186 716 2260 (Matth.
745 2204 833 2253 xx,
859 2191 970 2261 ‘28).
1004 2185 1135 2257 Quis
1168 2192 1326 2247 audet
1356 2194 1534 2248 dicere
1573 2185 1803 2261 animam
1834 2197 1976 2249 illam

408 2287 675 2343 sanctam,
715 2278 1131 2346 immaculatam,
1178 2273 1509 2352 segregatum
1550 2285 1617 2339 ab
1665 2288 1809 2340 omni
1857 2302 2005 2356 pec--

408 2378 547 2431 cato,
591 2370 751 2424 morti
777 2370 957 2425 datam
988 2373 1141 2427 esse?
1169 2372 1334 2443 Magis
1365 2373 1639 2429 videamus
1667 2377 1750 2430 cui
1783 2378 1895 2431 haec
1922 2379 1973 2431 in

407 2455 830 2527 redemptionem
855 2470 1093 2515 nostram
1124 2462 1358 2516 daretur.
1386 2463 1566 2518 Refert
1591 2465 1778 2519 beatus
1803 2465 1974 2521 Lucas

404 2547 734 2617 evangelista
762 2547 929 2605 Deum
968 2540 1152 2606 iesum
1183 2553 1237 2607 in
1263 2570 1422 2609 cruce
1465 2556 1728 2612 clamasse
1754 2578 1763 2611 :
1794 2558 1969 2626 Pater,

402 2639 456 2691 in
481 2655 669 2692 manus
695 2647 812 2692 tuas
842 2640 1142 2694 commendo
1168 2639 1405 2711 spiritum
1450 2661 1649 2709 meum;
1682 2658 1727 2699 et
1750 2648 1972 2701 haedi-

399 2744 522 2783 cens
569 2730 847 2799 exspiravit
895 2730 1043 2803 (Luc.
1087 2747 1243 2793 xxm,
1285 2732 1395 2803 46).
1441 2733 1672 2802 Spiritus
1713 2744 1767 2789 et
1795 2738 1972 2792 anima

397 2817 615 2872 diversa
639 2826 767 2873 sunt
784 2819 997 2872 nomina
1022 2836 1036 2884 ;
1063 2820 1156 2874 sed
1176 2820 1259 2874 his
1288 2822 1604 2875 testimoniis
1637 2822 1842 2877 Domini
1868 2840 1971 2878 una

395 2922 518 2965 esse
558 2922 647 2963 res
693 2911 1019 2979 agnoscitur.
1058 2909 1179 2965 Non
1222 2910 1383 2980 igitur
1428 2910 1605 2979 aliqua
1653 2913 1971 2969 necessitate

395 3006 635 3063 coactus,
666 3001 764 3053 sed
789 3000 1005 3069 propria
1034 3002 1323 3079 voluntate,
1360 3003 1598 3067 tradidit,
1627 3004 1753 3057 dum
1782 3004 1967 3069 voluit,

372 3088 664 3161 spiritum.
698 3088 823 3143 Sive
851 3092 1083 3145 animam
1106 3092 1219 3144 sive
1239 3091 1485 3161 spiritum
1515 3093 1755 3147 dicamus
1781 3113 1792 3146 :
1822 3093 1968 3147 Patri

391 3178 812 3243 commendavit,
840 3186 894 3232 et
929 3177 1228 3232 tradidit’in
1257 3165 1675 3249 redemptionem
1704 3192 1963 3247 nostram,

390 3268 532 3323 sicut
572 3276 698 3322 ante
734 3268 999 3339 praedixit,
1044 3268 1135 3323 ubi
1184 3270 1293 3323 ait:
1332 3236 1643 3323 Potestatem
1670 3268 1835 3325 habeo
1870 3236 1964 3341 po:
1996 3236 2038 3295 Ω

390 3358 548 3413 neadi
594 3358 827 3412 animam
872 3373 1074 3424 meam,
1128 3368 1175 3423 et
1217 3368 1519 3433 potestatem
1572 3359 1732 3413 habeo
1780 3360 1966 3415 iterum

386 3450 630 3505 sumendi
652 3467 767 3504 eam
790 3450 969 3519 (Joan.
1000 3467 1052 3516 x,
1078 3444 1458 3520 18).Anlmam
1483 3465 1791 3506 verosuam
1813 3450 1968 3507 Chri—

386 3548 503 3595 stus
532 3530 634 3609 pro
661 3532 817 3593 nobis
844 3541 1040 3610 posuit,
1091 3548 1146 3595 et
1191 3534 1404 3610 quando
1444 3542 1632 3606 voluit,
1665 3543 1871 3613 posuit;
1913 3550 1969 3597 et

384 3629 612 3699 quando
630 3629 828 3699 posuit,
854 3627 1002 3683 Patri
1036 3629 1197 3699 188
1217 3628 1639 3697 commendavit;
1671 3640 1726 3683 et
1748 3630 1961 3693 iterum,

382 3721 603 3793 quando
643 3720 826 3783 voluit,
870 3723 1097 3791 sumpsit
1131 3724 1274 3775 eam.
1316 3719 1521 3777 Ponere
1550 3730 1679 3791 ergo
1705 3721 1962 3799 animam,

384 3812 524 3881 mori
551 3820 655 3867 est.
680 3809 827 3866 Caro
842 3813 1020 3882 posuit
1044 3812 1297 3877 animam,
1330 3820 1384 3866 et
1408 3827 1536 3866 caro
1557 3812 1750 3865 iterum
1779 3826 1963 3881 sump-

381 3907 455 3959 sit
472 3918 600 3960 eam
632 3909 896 3975 potestate
928 3903 1275 3959 inhabitantis
1303 3890 1464 3958 verbi
1496 3902 1589 3957 Dei
1617 3902 1669 3957 in
1698 3900 1782 3956 'eo.
1812 3900 1964 3967 Quod

383 3996 471 4051 hic
492 3996 653 4051 dieit:
673 3994 987 4049 Potestatem
1008 3996 1170 4049 habeo
1183 3992 1651 4065 ponendianimam
1669 4008 1866 4057 meam;
1891 3994 1964 4047 ibi

380 4089 578 4162 [Edit.,
600 4086 718 4163 ubi]
742 4086 943 4142 dictum
965 4094 1078 4139 est:
1104 4084 1365 4139 Inclinato
1388 4085 1552 4154 capite
1573 4082 1790 4137 tradidit
1809 4086 1964 4155 spiri-

380 4190 489 4232 tum
516 4177 698 4249 (Joan.
724 4190 836 4239 xix,
861 4174 969 4247 30).
990 4174 1089 4241 Qui
1117 4173 1335 4243 spiritus
1356 4172 1535 4224 anima
1556 4170 1661 4233 est,
1683 4185 1843 4240 quam
1868 4184 1964 4239 po—

382 4271 491 4325 suit
509 4268 760 4324 Cbristus
778 4266 904 4321 dum
925 4265 1109 4319 voluit.
1133 4263 1189 4317 in
1203 4274 1261 4316 se
1277 4263 1420 4317 enim
1439 4270 1680 4331 pctestas
1700 4269 1833 4322 erat,
1856 4275 1960 4314 non

383 4366 435 4418 in
464 4371 659 4422 morte,
712 4360 927 4431 quando
965 4364 1191 4429 poneret
1232 4356 1486 4417 animam,
1520 4353 1736 4425 quando
1765 4354 1959 4407 iterum

379 4460 622 4507 sumeret
649 4466 790 4505 eam.
820 4445 959 4515 Quid
985 4462 1114 4503 vero
1138 4447 1190 4501 in
1218 4444 1575 4515 Redemptore
1601 4452 1785 4498 nostro
1811 4457 1959 4497 mors

379 4538 668 4611 potestatis
692 4536 902 4598 habuit,
931 4538 1057 4605 dum
1083 4535 1263 4589 omnia
1290 4535 1509 4604 propria
1533 4534 1807 4588 voluntate
1834 4548 1958 4601 per-

380 4632 521 4695 fecit,
556 4644 685 4700 qua:
707 4636 904 4683 nostrae
932 4618 1119 4681 salutis
1148 4640 1309 4681 causa
1340 4628 1606 4680 conmmni
1626 4626 1754 4679 ‘cu‘m
1782 4624 1955 4693 patria

378 4719 492 4794 [Ρη
529 4717 743 4791 Patre)
769 4718 1060 4781 voluntate,
1108 4705 1297 4787 gerere
1351 4713 1645 4784 disposuit?
1690 4713 1854 4783 igitur
1892 4714 1956 4767 de

380 4806 701 4869 darmientls
721 4810 891 4865 Adam
922 4806 1089 4863 latere
1114 4806 1241 4873 Eva,
1275 4820 1392 4879 quae
1419 4810 1803 4879 interpretator
1820 4806 1952 4870 vita,

334 4914 345 4917 ‘
380 4904 614 4961 formata
654 4909 745 4956 est
785 4888 934 4971 (Gen.
964 4914 1029 4964 ιι,
1054 4900 1177 4979 21);
1207 4901 1284 4955 sic
1313 4901 1377 4954 de
1406 4892 1603 4955 Christi
1635 4898 1802 4953 latere
1830 4898 1954 4953 dor-

380 4998 599 5055 mientis
647 4992 904 5050 in'cruce
948 4994 1215 5063 prolatum
1268 4996 1353 5047 est
1399 4992 1653 5049 Ecclesiae
1701 4994 1951 5063 pretium.

383 5090 534 5149 Uade
563 5096 619 5143 et
646 5088 761 5157 ipse
810 5100 907 5156 per
947 5082 1273 5153 Prophetam
1301 5099 1314 5137 :
1343 5079 1453 5153 Ego
1478 5085 1731 5149 dormivi,
1761 5084 1952 5151 inquit,

378 5188 425 5233 cl
454 5193 700 5235 somnum
728 5180 857 5245 cepi,
891 5184 938 5228 ct
962 5174 1242 5235 resurrexi,
1283 5173 1527 5243 quoniam
1557 5171 1810 5225 Dominus
1830 5180 1957 5243 sus-

379 5278 509 5339 cepit
534 5286 618 5321 me
672 5266 843 5336 (Psal.
884 5280 962 5327 ιιι,
1005 5261 1077 5336 6).
1128 5262 1241 5317 Nisi
1282 5260 1721 5330 forte‘quislibet
1760 5263 1957 5314 audeat

380 5360 560 5417 dicere
578 5344 733 5430 quod
763 5360 977 5432 sanguis
1015 5356 1236 5420 Christi;
1268 5356 1357 5425 qui
1403 5353 1606 5408 effusus
1649 5359 1733 5406 est
1768 5352 1954 5407 lancea

382 5434 565 5510 militis
593 5453 647 5507 in
677 5458 879 5505 terram
926 5449 1101 5519 (Joan.
1128 5462 1239 5511 xix,
1265 5442 1376 5516 Si),
1410 5455 1582 5499 morte
1630 5443 1745 5515 [Ρη
1770 5444 1957 5516 morti)

385 5546 738 5604 remansisset
764 5534 917 5611 quasi
944 5541 1195 5609 pretium.
1230 5537 1423 5592 Audiat
1459 5537 1585 5605 quid
1622 5537 1809 5590 beatus
1843 5535 1953 5590 Au-

382 5639 625 5709 gustinus
672 5636 725 5691 in
767 5633 904 5687 libro
945 5645 998 5685 tv
1044 5632 1387 5702 pulcherrimi
1432 5629 1610 5698 aperis
1657 5627 1722 5683 de
1768 5638 1953 5683 sancta

385 5731 644 5787 Trinitate
698 5726 849 5797 (Cap.
906 5725 960 5796 5)
1008 5716 1231 5779 sentiat:
1275 5724 1412 5778 Dicit
1457 5721 1599 5775 enim
1653 5728 1771 5788 past
1831 5735 1955 5773 con-

385 5838 566 5883 truam
616 5823 707 5877 de.
737 5826 908 5873 morte
948 5816 1144 5872 Christi
1190 5816 1597 5885 disputationem
1633 5830 1640 5863 :
1684 5830 1699 5860 ι
1725 5808 1787 5863 Et
1817 5827 1953 5866 unus

2079 2016 2303 2068 sitmem.
2336 2014 2415 2068 Ad
2441 2010 2769 2085 postremum
2792 2016 3157 2076 redemit'nos,
3182 2014 3435 2069 miracula
3462 2029 3643 2070 resur-

2078 2108 2330 2179 rectionis
2377 2107 2699 2171 ostendens,
2756 2106 2897 2165 sicut
2942 2106 3076 2160 dixit
3117 2106 3402 2175 Apostolus
3452 2096 3639 2161 cuncta

2076 2194 2433 2262 complectens
2486 2214 2497 2247 :
2551 2194 2742 2263 Magno
2785 2196 2957 2263 pretio
3001 2194 3245 2262 redempti
3293 2194 3420 2247 estis
3441 2193 3491 2263 ('1
3514 2187 3635 2245 Cor.

2076 2301 2147 2347 γι,
2176 2284 2287 2353 20).
2316 2276 2446 2350 Quis
2472 2298 2601 2337 vero
2640 2283 2768 2337 illud
2814 2283 3106 2352 accepisset
3145 2289 3255 2335 tam
3292 2289 3485 2351 potens
3518 2296 3641 2350 pro-

2074 2374 2228 2437 tium,
2270 2374 2549 2441 audiamus
2590 2372 2715 2442 quid
2740 2371 3095 2443 Cassiodorus
3120 2370 3348 2423 eximius
3372 2370 3639 2439 interpres

2072 2461 2405 2516 Psaimorum
2435 2462 2662 2515 dixisset
2687 2462 2752 2515 de
2776 2476 2846 2515 eo
2872 2471 3030 2513 versu
3054 2477 3066 2511 :
3101 2455 3639 2527 Redemptionensmi-

2073 2553 2138 2605 sit
2168 2552 2416 2605 Dominus
2451 2552 2638 2622 populo
2661 2567 2755 2605 suo
2778 2550 2949 2621 (Psal.
2981 2566 3065 2624 εξ,
3097 2550 3171 2620 9).
3209 2568 3229 2599 ι
3248 2549 3638 2605 Conveniam

2072 2642 2236 2706 enim,
2261 2642 2352 2705 ait,
2382 2642 2596 2705 dicitur,
2630 2638 3047 2709 Redemptionein
3076 2641 3235 2705 misit,
3263 2642 3515 2709 quoniam
3537 2641 3639 2701 hoc

2071 2730 2387 2784 videbantur
2422 2730 2661 2808 indigere
2695 2730 2909 2799 captivi.
2948 2729 3053 2784 Sed
3097 2729 3203 2811 tale
3246 2730 3475 2799 pretium
3515 2730 3633 2793 iuit,

2070 2819 2211 2886 quod
2248 2832 2355 2873 non
2389 2828 2649 2889 tyrannus
2687 2828 2939 2882 sumeret,
2969 2817 3063 2873 sed
3090 2819 3176 2873 ille
3204 2820 3295 2887 qui
3323 2817 3632 2872 absolvet):-

2072 2918 2157 2963 tur
2186 2910 2469 2979 acciperet.
2512 2909 2774 2963 Lucratus
2812 2919 2896 2963 est
2932 2911 3173 2979 captivus
3217 2910 3631 2979 redemptionem

2070 3007 2241 3065 suam,
2272 3009 2326 3055 et
2352 2996 2468 3069 ipse
2507 3000 2677 3069 magis
2719 3000 2841 3053 inde
2870 3000 3089 3062 ditatus,
3118 2997 3211 3068 qui
3234 2998 3515 3051 tenebatur
3538 2998 3633 3053 ob-

2070 3094 2280 3157 nOxius,
2311 3100 2365 3145 et
2400 3100 2657 3163 tyrannus
2698 3090 3000 3151 damnatus,
3050 3089 3140 3158 qui
3186 3084 3398 3143 tenebat
3439 3099 3581 3142 eum.
3607 3108 3625 3139 ι

2072 3184 2176 3238 Sed
2224 3182 2564 3253 quaerendum
2594 3191 2679 3237 est
2704 3179 3007 3250 diligentius
3036 3187 3195 3248 atque
3222 3178 3412 3232 merito
3441 3176 3631 3231 intuitu

2070 3275 2478 3343 inspiciendum,
2508 3286 2575 3326 an
2597 3272 2792 3341 iustius
2820 3272 3031 3326 dicatur
3054 3278 3283 3324 mortem
3303 3283 3333 3321 a
3355 3267 3634 3323 Salvatoro

2069 3374 2254 3419 nostro
2287 3364 2587 3433 suscepisse
2613 3365 2865 3433 pretium,
2917 3377 2985 3417 au
3027 3363 3198 3432 ipsam
3239 3369 3465 3415 mortem
3506 3372 3632 3431 pre-

2070 3456 2201 3510 tium
2226 3468 2349 3510 esse
2378 3454 2758 3525 redemptionis
2783 3460 2998 3507 nostrae.
3031 3453 3323 3507 Audiamus
3349 3452 3475 3522 quid
3501 3451 3628 3505 hes-

2070 3554 2157 3599 tus
2196 3546 2522 3615 Augustinus
2541 3532 2691 3598 ‘inde
2736 3543 2880 3598 dicat
2926 3540 3079 3614 [ϐοά.
3124 3540 3259 3606 ναι,
3308 3538 3527 3612 indicat]
3575 3541 3629 3594 io

2066 3632 2203 3687 libro
2246 3643 2440 3703 quarto
2482 3634 2547 3687 de
2590 3634 2775 3685 sancta
2818 3633 3081 3686 Trinitate
3108 3630 3256 3701 (Cap.
3288 3630 3372 3694 η,
3398 3631 3454 3683 in
3479 3630 3626 3699 ﬁne),

2066 3718 2155 3776 ubi
2192 3722 2421 3792 plurima
2462 3720 2772 3790 disputabat
2810 3722 2875 3775 de
2911 3719 3104 3789 pmnali
3130 3726 3189 3773 et
3205 3718 3501 3786 justissima
3528 3720 3631 3772 ml-

2066 3812 2218 3866 seria:
2243 3820 2453 3873 nostrae,
2482 3819 2535 3863 et
2563 3824 2667 3864 non
2695 3809 2875 3863 debita
2905 3807 3113 3862 Domini
3141 3808 3308 3861 nostri
3327 3805 3454 3862 Jesu
3472 3806 3630 3862 Chri-

2065 3901 2132 3955 stl
2160 3906 2348 3954 morte.
2374 3888 2405 3949 ἰ
2430 3898 2511 3953 Ad
2550 3906 2798 3961 mortem,
2827 3896 3015 3979 inquit,
3052 3910 3149 3966 per
3177 3904 3455 3966 peccatum
3478 3898 3627 3951 veni-

2066 4006 2205 4057 mus,
2251 4000 2306 4046 et
2343 3991 2429 4045 ille
2467 4004 2563 4061 per
2595 3987 2881 4057 justitiam.
2932 3986 2998 4042 Et
3028 3987 3162 4041 ideo
3202 4002 3324 4041 cum
3370 3986 3442 4041 sit
3482 3999 3627 4041 mors

2063 4093 2245 4138 nostra
2280 4097 2438 4151 pana
2472 4082 2695 4151 peccati,
2729 4090 2873 4135 mors
2900 4078 3037 4133 illius
3060 4077 3201 4131 facta
3228 4085 3313 4132 est
3329 4077 3499 4131 hostia
3524 4091 3627 4145 pro

2022 4184 2025 4187 '
2062 4173 2313 4243 peccatis.
2334 4162 2358 4222 ἰ
2393 4168 2649 4224 Similiter
2693 4169 2797 4222 alio
2820 4166 3075 4235 capitulo
3116 4162 3357 4235 ejusdem
3403 4165 3522 4219 libri
3558 4166 3624 4219 de

2062 4270 2233 4316 morte
2273 4260 2472 4315 Christi
2525 4260 2598 4312 ita
2640 4258 2771 4312 dicit
2814 4255 2964 4327 (Cap.
3015 4257 3100 4319 15,
3141 4269 3193 4309 a.
3236 4245 3359 4328 i7):
3402 4253 3622 4325 «Neque

2061 4354 2202 4425 enim
2232 4352 2544 4422 cujusquam
2562 4349 2683 4418 jure
2703 4347 2983 4419 potestatis
3009 4356 3199 4402 exutus
3227 4355 3309 4401 est
3336 4346 3624 4402 carnaliter

2064 4445 2233 4516 [Leg.,
2256 4441 2461 4513 carne],
2491 4441 2581 4495 sed
2609 4442 2723 4510 ipse
2749 4453 2807 4494 se
2830 4439 2996 4494 exuit.
3028 4436 3161 4491 Nam
3192 4438 3281 4505 qui
3312 4446 3494 4507 posset
3518 4453 3622 4492 non

2062 4537 2197 4589 mori
2229 4536 2271 4590 si
2306 4534 2485 4595 nollet,
2514 4528 2720 4602 {procul
2765 4528 2946 4601 dubio]
2987 4529 3110 4596 quia
3147 4526 3332 4589 voluit,
3377 4535 3622 4580 ωσι-ωτι»

2060 4633 2159 4679 est.
2185 4616 2252 4676 Et
2274 4619 2393 4675 ideo
2412 4612 2739 4689 principatus
2755 4625 2813 4670 et
2828 4624 3125 4685 potestates
3142 4612 3465 4681 exemplavit
3488 4612 3622 4667 ﬁdu—

2059 4712 2264 4765 cialiter
2312 4708 2647 4781 triumphans
2698 4720 2792 4760 eas
2838 4706 2893 4758 in
2941 4705 3245 4772 semetipso.
3307 4702 3473 4757 Morte
3508 4715 3623 4755 σιω

2058 4804 2253 4872 quippe
2276 4815 2382 4855 uno
2407 4800 2688 4853 verissimo
2711 4796 2975 4853 sacriﬁcio
2996 4809 3093 4865 pro
3122 4793 3274 4849 nobis
3294 4793 3471 4848 oblato
3491 4811 3505 4857 ;
3522 4814 3537 4845 ›
3564 4804 3627 4847 et

2058 4905 2250 4949 czetera
2297 4908 2414 4963 quae
2465 4891 2777 4946 mirabiliter
2819 4888 3162 4957 prosequitur
3205 4887 3270 4940 de
3310 4887 3497 4939 eadem
3539 4900 3615 4939 re.

2058 4990 2187 5042 item
2210 4997 2331 5057 post
2351 4996 2541 5054 pauca,
2587 4986 2641 5036 in
2676 4997 2739 5035 eo
2769 4978 3016 5049 capitulo,
3047 4978 3132 5032 cui
3160 4975 3319 5029 talem
3343 4976 3627 5044 proposuit

2059 5076 2315 5151 [titulum]
2346 5094 2356 5127 :
2386 5075 2459 5127 De
2488 5074 2748 5139 sacrificio
2778 5072 2999 5143 perfecto
3020 5078 3066 5122 et
3091 5084 3211 5122 sero
3233 5065 3369 5135 quod
3392 5066 3623 5134 ipso-pro

2058 5169 2202 5222 nobis
2246 5158 2739 5232 Salvator‘effcctus
2767 5171 2860 5225 est,
2892 5156 3483 5215 hictdissimetostsndit
3523 5159 3630 5225 qui-
3700 5190 3701 5193 η

2055 5258 2202 5313 esset
2240 5256 2587 5311 sacerdos-et
2613 5255 2754 5323 quod
2788 5246 3493 5316 sacriﬁciumproquibus,
3531 5249 3614 5301 vel

2057 5354 2086 5404 a
2107 5364 2212 5421 quo
2233 5349 2466 5403 oblatum
2488 5354 2646 5400 esset.
2678 5345 2765 5397 Ait
2784 5345 2923 5397 enim
2945 5343 3208 5411 (August,
3232 5342 3331 5392 tos.
3361 5340 3472 5402 οὐκ,
3498 5354 3612 5408 αφ.

2062 5442 2174 5513 ii):
2203 5459 2220 5491 ι
2244 5441 2374 5507 Quis
2402 5446 2527 5503 ergo
2548 5436 2848 5503 tamiustus
2866 5440 3153 5487 «sanctus
3178 5430 3427 5486 sacerdos
3454 5444 3615 5500 quam

2057 5535 2244 5587 unicus
2280 5530 2372 5583 Dei
2408 5527 2603 5588 Filius,
2636 5526 2726 5593 qui
2756 5537 2861 5577 non
2885 5532 3021 5594 opus
3042 5522 3266 5577 haberet
3288 5530 3385 5589 per
3409 5520 3619 5575 sacrifi-

2057 5626 2337 5679 cium‘sna
2362 5604 2609 5686 purgare
2647 5619 2889 5684 peccata,
2935 5624 3033 5669 nec
3075 5611 3373 5685 originalis,
3414 5619 3515 5665 nec
3552 5625 3612 5664 οι

2058 5717 2287 5769 humana
2317 5710 2422 5762 vita
2454 5722 2571 5776 quae
2600 5706 2904 5759 adduntur?
2944 5704 3010 5760 Et
3037 5703 3163 5772 quid
3189 5711 3297 5756 tam
3321 5712 3629 5769 congruens

2060 5818 2137 5860 ter
2166 5803 2232 5857 ab
2258 5800 2560 5855 hominibus
2608 5800 2928 5860 sumeretur,
2976 5796 3116 5863 quod
3160 5810 3254 5863 pro
3285 5796 3359 5848 cis
3398 5794 3615 5851 alterm.
