4400 6408
155 475 262 530 ιδῖ
774 438 780 442 ’
1539 479 1916 538 Ενιετοικε.
3284 489 3388 544 438

155 587 222 646 Et
249 587 451 642 mirum
478 591 744 657 quomodo
769 591 926 646 morti
954 592 1083 646 dare
1121 594 1352 662 pretium
1399 601 1678 662 putaretur
1706 634 1721 659 ,
1751 601 1800 656 Α
1825 593 2077 648 sistentes
2122 589 2300 648 autem
2347 594 2571 655 viriliter
2602 596 2880 659 obviundi;
2927 596 3075 650 dubii
3129 612 3256 652 vero
3305 599 3384 651 vel

150 677 246 745 qui
269 677 431 731 morti
459 677 595 731 nihil
617 678 832 733 debuit?
861 697 961 735 nec
991 697 1136 736 mors
1156 723 1172 745 ,
1216 684 1355 737 sicut
1380 683 1581 738 dictum
1603 692 1689 738 est
1707 724 1723 750 ,
1827 681 2216 738 rationabiliter
2258 685 2580 749 attrahendi,
2611 687 2694 740 vel
2722 687 3110 756 circumspecte
3135 687 3384 745 dissimu-

151 762 459 821 substantia
489 777 593 831 est,
626 778 684 824 ut
711 769 816 824 tale
861 772 1093 840 pretium
1134 773 1256 842 jure
1302 759 1593 842 exposuere
1630 789 1726 845 po-
1825 775 2003 840 Iandi;
2036 777 2351 845 cunctisque
2396 778 2802 831 monstrandum
2831 818 2846 840 ,
2880 791 2979 830 nec
3011 778 3384 832 auctoritatem

154 859 365 914 tuisset.
1822 881 1978 935 posse
2001 866 2293 934 corrumpi,
2339 882 2439 920 nec
2468 867 2730 921 rationem
2756 867 2897 920 vinci
2916 905 2932 928 ,
2976 880 3076 919 nec
3101 865 3383 922 veritatem

613 964 639 992 ι
672 951 1006 1008 EPISTOLA
1041 952 1265 1009 CLXVI.
1821 954 2038 1021 penitus
2074 954 2336 1023 superari.

149 1054 245 1093 seu
285 1056 622 1096 carrrcuns
659 1060 1038 1100 annostrrosrs
1083 1063 1150 1100 an
1205 1061 1419 1100 neuneu
1453 1061 1718 1100 caaowu.
1889 1044 1981 1098 IX.
2014 1044 2247 1115 Populus
2263 1044 2416 1115 juxta
2433 1045 2738 1100 sanctiones
2755 1045 2964 1101 divinas
2987 1047 3259 1101 ducendus
3277 1056 3380 1108 εει,

218 1132 468 1203 Capitula
495 1152 612 1206 quc
637 1135 731 1189 tali
759 1137 989 1191 convenit
1021 1139 1075 1190 in
1103 1148 1328 1209 tempore
1351 1140 1649 1193 memorari.
1819 1149 1944 1205 non.
1975 1136 2310 1205 sequendus;
2353 1145 2406 1191 et
2444 1137 2512 1191 ad
2553 1123 2915 1190 testimonium
2943 1151 3185 1206 personae
3212 1136 3383 1206 magis

136 1217 143 1222 ”
219 1224 263 1278 Ι.
303 1223 689 1284 Testamentum
726 1228 782 1280 in
811 1229 1030 1282 mortuis
1055 1228 1420 1296 conﬁrmatur,
1465 1228 1722 1298 Apostolo
1817 1222 2087 1292 eliguntur
2113 1223 2369 1278 honestae.
2399 1222 2507 1277 Nec
2528 1225 2777 1278 audiendi
2806 1225 2898 1293 qui
2939 1225 3112 1278 solent
3157 1223 3336 1279 dicere
3365 1242 3378 1276 :

143 1324 484 1384 protestante
511 1315 695 1386 (Hebr.
725 1334 801 1382 rx,
837 1319 946 1389 I7).
978 1319 1206 1389 Ideoque
1241 1328 1364 1391 post
1396 1321 1604 1376 obitum
1648 1331 1722 1378 te-
1831 1308 1881 1362 γ.

1648 1331 1722 1378 ιο,
1831 1308 1944 1366 Vos
1977 1311 2174 1382 populi,
2198 1329 2299 1367 eoa:
2324 1312 2442 1366 Dei.
2469 1312 2604 1367 Cum
2628 1312 3026 1369 tumultuositas
3055 1313 3200 1383 vulgi
3245 1329 3384 1368 sem—

143 1407 370 1460 statoris
397 1407 757 1462 omnimodam
781 1409 1086 1464 ﬁrmitatem
1107 1412 1356 1466 obtinuit.
1379 1411 1532 1478 Quod
1555 1413 1719 1468 etiam
1817 1392 1916 1476 per
1941 1407 2160 1461 insania:
2188 1407 2431 1476 proxima
2456 1407 2544 1459 Silo

140 1505 272 1552 ante
320 1505 550 1551 mortem
584 1514 879 1555 consensus
917 1501 1156 1556 omnium
1200 1503 1556 1557 conﬁrmavit.
1601 1503 1718 1559 Non
1888 1497 1956 1551 Χ.
2009 1498 2237 1568 Vulgare
2284 1497 2624 1568 proverbium
2651 1503 2776 1551 est:
2812 1495 2886 1549 De
2916 1495 3053 1549 duro
3096 1503 3382 1563 superatur

139 1585 332 1657 itaque
358 1594 542 1658 postea
566 1589 710 1643 valet
731 1588 948 1662 infringi
987 1593 1130 1661 quod
1173 1600 1331 1646 antea
1369 1591 1518 1649 nullo
1559 1596 1718 1676 modo
1817 1589 2039 1658 aliquid,
2062 1590 2128 1660 de
2155 1591 2299 1644 molli
2325 1605 2452 1645 vero
2477 1596 2721 1644 remanet
2747 1589 2902 1643 nihil.
2939 1587 3107 1642 Debet
3128 1596 3305 1642 tamen
3325 1596 3382 1642 ει

135 1679 322 1748 potuit
343 1679 657 1749 improbari.
917 1750 924 1757 .
1815 1681 2074 1750 sapientia
2097 1683 2406 1759 ministrare
2427 1683 2784 1738 constantiam
2805 1723 2820 1747 ,
2849 1691 2905 1737 et
2931 1682 3232 1738 constantia
3253 1695 3379 1749 per-

207 1768 278 1824 ιι.
311 1768 630 1840 Quicunque
654 1771 897 1825 testatori
924 1773 1193 1841 reperitur
1211 1767 1473 1844 ingratus,
1499 1773 1718 1844 insuper
1816 1772 1979 1828 ﬁcere
2006 1773 2346 1842 sapientiam,
2375 1780 2434 1828 ut
2475 1774 2546 1828 sit
2585 1775 2889 1829 constantia
2929 1773 3168 1843 sapiens,
3195 1781 3251 1827 et
3295 1787 3382 1826 sa-

132 1868 195 1912 et
233 1858 659 1914 contumeliosus
691 1860 908 1925 existat,
954 1845 1070 1930 ipse
1109 1863 1211 1916 sibi
1264 1863 1419 1917 testis
1461 1870 1545 1917 est
1591 1865 1715 1933 quia
1775 1849 1787 1857 ’
1814 1864 2013 1932 pientia
2050 1873 2323 1919 constans.

131 1956 471 2004 testamento
515 1949 709 2020 dignus
747 1966 853 2005 non
886 1960 990 2006 est.
1028 1951 1189 2007 Verbi
1220 1968 1382 2007 causa
1420 1953 1717 2008 :Cbanaan
1747 1934 1794 1995 Β
1889 1953 1979 2009 XI.
2017 1953 2108 2009 Sic
2138 1955 2438 2010 exercenda
2479 1963 2564 2010 est
2609 1953 2918 2025 pradicatio
2962 1954 3130 2022 pacis,
3169 1969 3238 2008 ne
3278 1956 3378 2008 sub

128 2038 316 2108 patris
336 2037 746 2094 ineahouoratio
769 2054 983 2095 servum
1006 2041 1313 2106 constituit;
1337 2041 1480 2097 Esau
1498 2051 1718 2111 propter
1818 2044 2036 2099 nomine
2084 2046 2310 2115 pietatis
2352 2046 2636 2101 inducatur
2681 2047 2910 2100 assertio
2934 2043 3205 2098 falsitatis.
3244 2042 3377 2096 Nam

129 2129 617 2199 intemperantiam
641 2132 1000 2202 primogenita
1035 2133 1518 2211 perdidit;.Ruben
1538 2134 1717 2205 junio-
1813 2135 1956 2211 sicut
1977 2151 2166 2204 pacem
2193 2152 2444 2206 rumpere
2470 2139 2761 2211 pessimum
2801 2145 2927 2200 εει,
2971 2136 3051 2190 ita-
3093 2134 3376 2188 veritatem

126 2222 295 2276 ribus
337 2220 593 2278 fratribus
632 2224 952 2280 contumelia
997 2214 1224 2296 paterna
1266 2206 1586 2297 postposuit.
1633 2225 1715 2280 Ad
1813 2206 2012 2297 negare
2034 2226 2435 2305 blasphemum.‘
2457 2227 2678 2281 Multum
2707 2206 2810 2283 sibi
2837 2227 3071 2295 denique
3089 2225 3378 2281 concinnat

122 2320 473 2381 postremum
510 2329 724 2385 quoque
756 2329 772 2369 :
803 2313 909 2380 Qui
954 2315 1283 2370 ,ποιεάωώ
1327 2319 1468 2388 patri
1512 2315 1709 2388 (Exod.
1814 2331 1977 2371 verax
2001 2318 2182 2372 unitas
2215 2327 2271 2373 et
2297 2317 2523 2387 patiﬁca
2551 2318 2774 2373 veritas.

121 2418 254 2466 ιιι,
287 2404 392 2471 I7;
420 2403 541 2460 Lee.
570 2422 661 2470 xx,
687 2403 752 2477 9)
781 2445 796 2471 ,
827 2412 883 2461 et
904 2405 1128 2475 reliqua.
1575 2470 1582 2475 _
1883 2408 1998 2462 XII.
2042 2408 2171 2472 Haec
2212 2417 2267 2464 et
2294 2407 2578 2478 ejusmodi,
2608 2423 2750 2471 reor,
2782 2407 3097 2462 inculcanda
3123 2406 3377 2474 simplici-

201 2494 299 2548 Ill.
332 2495 747 2552 Benedictiones
774 2504 989 2567 patrum
1026 2498 1079 2551 in
1107 2497 1219 2552 ﬁlio
1272 2496 1594 2553 hereditaria
1621 2512 1714 2570 εε-
1809 2503 1943 2569 bus;
1967 2519 2033 2559 eo
2051 2504 2194 2574 quod
2222 2501 2518 2573 ignorantia
2538 2498 2779 2554 veritatis
2801 2505 2959 2567 cogat
2981 2510 3166 2552 errare
3189 2511 3375 2564 quam-

118 2583 363 2639 nuinum
392 2591 496 2639 est.
541 2583 742 2640 Contra
790 2585 936 2657 leges
981 2595 1160 2642 autem
1204 2595 1409 2642 natura:
1449 2596 1710 2658 pugnant,
1809 2596 2089 2667 plurimos.
2122 2596 2290 2652 Porro
2317 2596 2544 2650 veritate
2583 2590 2925 2647 manifestata
2961 2589 3222 2644 contrarii
3243 2602 3375 2642 con-

116 2675 224 2746 qui
263 2675 580 2745 parentibus
619 2677 1037 2734 inobedientiarn
1066 2693 1160 2734 seu
1197 2681 1587 2735 contumaciam
1616 2695 1711 2750 pa-
1809 2685 2122 2752 fundentur,
2142 2686 2302 2742 amici
2323 2684 2721 2747 solidabuntur,
2745 2681 2983 2736 universi
3013 2694 3142 2734 vero
3175 2679 3376 2748 pariter

116 2775 280 2821 rant.
308 2765 605 2838 Legitimus
641 2768 808 2840 igitur
853 2771 1028 2825 haeres
1053 2771 1191 2838 erit,
1217 2771 1310 2842 qui
1333 2771 1581 2843 preﬁxos
1619 2787 1710 2828 or-
1806 2775 2153 2831 excusatione
2175 2775 2456 2830 carebunt.

114 2858 290 2911 dines
323 2871 450 2928 πρ
483 2864 733 2927 Il"emes
761 2860 1014 2914 ωηυθτίιο
1875 2868 2009 2934 Ista,
2037 2869 2309 2939 supplico,
2352 2867 2638 2936 dignanter
2680 2879 2745 2918 ac
2777 2861 3061 2931 diligenter
3104 2858 3370 2928 inspicite.

181 2947 293 3001 ειν.
318 2946 478 3003 Aliud
503 2957 590 3004 est
617 2945 849 3004 indebite
872 2950 1168 3006 clementer
1194 2950 1426 3015 admitti,
1454 2951 1600 3005 aliud
1637 2967 1704 3006 ex
1807 2958 2014 3014 Vestra:
2046 2958 2310 3027 siquidem
2351 2956 2626 3010 ﬁdelitatis
2670 2952 3006 3008 immensitas
3051 2947 3370 3016 parvitatem

115 3039 318 3094 debito
355 3050 724 3110 competenter
765 3043 984 3098 ascribi.
1011 3042 1123 3098 Nec
1149 3051 1377 3126 possunt
1412 3057 1481 3098 ex
1522 3041 1706 3100 debito
1805 3062 1982 3102 meam
2013 3047 2192 3102 reddit
2241 3044 2605 3116 impatientem
2648 3058 2746 3112 pro
2794 3040 2945 3094 vobis
2973 3079 2988 3100 ,
3037 3036 3168 3091 facit
3207 3036 3370 3126 etiam

114 3129 325 3199 repeti,
355 3143 475 3198 quae
507 3145 730 3199 prorsus
754 3133 989 3192 indebite
1010 3123 1325 3190 concessum
1349 3144 1434 3190 est
1460 3136 1703 3205 adipisci.
1806 3151 1967 3207 supra
1996 3135 2139 3190 vires
2163 3134 2469 3189 audentem.
2508 3130 2663 3185 Enim
2689 3143 2818 3183 vero
2846 3127 3005 3182 ﬁdem
3031 3139 3138 3178 non
3171 3123 3366 3195 perdit,

111 3217 432 3272 Diversitas
474 3219 739 3288 siquidem
793 3221 1107 3275 meritorum
1168 3223 1507 3280 diversitates
1538 3227 1706 3297 exigit
1807 3228 1912 3283 nisi
1937 3228 2029 3296 qui
2053 3240 2324 3296 nunquam
2352 3223 2560 3277 habuit.
2603 3220 2661 3275 In
2691 3219 2844 3289 cujus
2870 3232 3035 3271 manu
3065 3222 3193 3270 sunt
3216 3228 3370 3283 reges

111 3311 499 3381 prmmiorum.
1729 3299 1775 3360 (ἶ
1805 3325 1859 3370 ει
1876 3314 2001 3383 jura
2025 3331 2345 3386 regnorum,
2389 3314 2502 3380 ipse
2531 3325 2758 3368 coronas
2788 3316 2997 3386 vestras
3016 3303 3332 3376 multiplicel
3352 3344 3369 3370 ο

192 3404 266 3458 ν.
295 3402 454 3470 Quod
501 3405 702 3475 optime
755 3414 934 3471 natus,
972 3415 1029 3460 et
1065 3405 1432 3460 hereditatem
1467 3404 1706 3476 legitime
1802 3416 2034 3470 tueatur,
2065 3407 2369 3461 obumbret.

110 3503 471 3562 consecutus,
485 3513 659 3566 neque
680 3498 813 3566 legis
831 3498 1064 3566 antiqua:
1084 3513 1176 3552 seu
1198 3513 1351 3552 nova:
1367 3505 1705 3566 contemptor
2241 3521 2270 3562 ι»
2296 3519 2628 3575 εΡιδΤΟιΑ
2666 3519 2915 3574 CLXVII.

111 3592 400 3652 inventus,
429 3603 529 3642 nec
550 3590 807 3643 adversus
831 3598 1040 3659 patrem
1066 3591 1300 3656 saucius,
1315 3606 1488 3662 neque
1513 3599 1703 3648 contra
2167 3609 2235 3647 an
2269 3605 2478 3646 rerum:
2529 3603 2996 3644 ancurserscopuu.

109 3678 384 3749 populum
429 3678 767 3744 vulneratus,
811 3695 1060 3750 magnam
1118 3681 1312 3736 debeat
1352 3683 1702 3739 hzcreditandi
1800 3681 2741 3755 Commendatsepalemiaaﬂ'ectibus
2765 3689 2810 3733 et
2837 3678 3003 3733 sacris
3026 3675 3366 3729 orationibus.

110 3785 339 3843 gerere,
369 3769 596 3825 Domino
620 3772 930 3837 miserante,
950 3772 1220 3826 ﬁduciam.
1531 3825 1534 3827 Α
1870 3773 2228 3828 Dilectissimo
2241 3775 2296 3827 in
2311 3761 2528 3828 Christo
2539 3771 2688 3826 Patri
2708 3781 2730 3807 ο
2755 3769 2912 3824 Petro
2941 3766 3364 3836 archiepiscopo,

188 3863 288 3920 VI.
308 3862 509 3919 Fracto
529 3863 704 3933 capite
718 3864 956 3933 subjecta
977 3878 1201 3934 qumque
1216 3862 1470 3933 languere
1494 3852 1702 3933 perspi-
1798 3865 2025 3920 Albinus
2049 3873 2264 3920 mterna:
2286 3864 2634 3919 beatitudinis
2655 3864 2901 3916 salutem.

110 3972 293 4014 cuum
342 3965 446 4021 est,
474 3972 596 4011 cum
626 3956 691 4011 de
725 3955 980 4010 ﬁrmitate
1007 3953 1200 4025 capitis
1227 3955 1392 4009 totius
1418 3954 1700 4024 proveniat
1866 3953 2401 4010 Memordnlcissimte
2417 3950 2733 4005 humilitatis
2753 3957 2806 4002 ct
2827 3947 3128 4002 dilectionis
3149 3954 3365 4010 vestrte.

41 4097 59 4102 -_
111 4049 479 4106 incolumitas
515 4049 788 4117 corporis;
820 4065 920 4104 nec
945 4056 1253 4119 possuntea
1277 4048 1509 4102 sanitate
1533 4062 1702 4103 mem-
1800 4045 2089 4117 ingemisco
2115 4041 2413 4098 absentiam
2462 4040 2623 4104 illius,
2664 4040 2816 4110 cujus
2854 4037 3128 4092 charitatis
3154 4034 3367 4091 ﬂamma

107 4145 218 4197 bra
241 4140 457 4196 subdita
480 4138 721 4209 gloriari,
749 4154 906 4209 quam
933 4146 1146 4214 constat
1177 4138 1234 4192 in
1269 4138 1446 4208 capite
1475 4154 1582 4194 non
1609 4139 1701 4194 ha-
1800 4138 1855 4192 in
1879 4137 2041 4192 corde
2065 4136 2299 4191 ardescit
2328 4134 2441 4188 ﬁlii.
2479 4132 2689 4199 Quanta
2719 4139 2802 4185 est
2831 4128 2986 4196 hujus
3009 4126 3189 4206 sreculi
3232 4124 3365 4179 infe-

106 4231 263 4288 beri-
1672 4285 1678 4291 ,
1797 4229 1991 4290 licitas,
2015 4243 2136 4298 quae
2158 4235 2263 4280 tam
2284 4226 2476 4281 charos
2504 4224 2758 4295 disjungit
2782 4221 3003 4285 amicos,
3031 4236 3150 4289 quae
3195 4219 3363 4273 ﬁlium

187 4317 310 4375 VII.
351 4317 451 4373 Hic
478 4318 523 4372 si
550 4319 752 4374 veritas
778 4317 1072 4388 quaeritur,
1108 4333 1215 4372 non
1252 4326 1338 4373 est
1389 4317 1695 4389 incognita;
1796 4328 2069 4390 separata
2096 4328 2268 4389 patre.
2295 4317 2339 4373 Ο
2368 4318 2412 4372 si
2447 4331 2648 4386 pennas
2691 4314 2882 4384 aquilae
2917 4313 3223 4368 habuissem
3251 4352 3265 4374 ,
3308 4318 3368 4364 ut

106 4415 158 4472 si
197 4412 372 4477 ratio,
399 4427 506 4466 non
533 4420 616 4467 est
638 4412 921 4484 ambigua;
952 4411 999 4467 si
1025 4411 1341 4476 auctoritas,
1359 4397 1480 4491 non
1508 4418 1593 4465 est
1617 4409 1699 4464 in-
1796 4411 2103 4468 altitudines
2136 4410 2349 4481 Alpium
2389 4409 2623 4464 velocior
2647 4409 2790 4464 Euro
2813 4406 3147 4459 transvolare
3170 4404 3365 4458 valuis-

103 4513 296 4562 certa.
327 4501 594 4568 Quoniam
633 4499 1021 4560 et‘auctoritas
1051 4501 1416 4575 supereminet
1435 4543 1449 4567 ,
1480 4511 1537 4558 et
1559 4501 1699 4558 ratio
1797 4517 1912 4559 sem
1938 4504 1951 4557 !
1981 4518 2141 4572 quam
2166 4503 2274 4556 cito
2301 4509 2425 4554 ante
2462 4508 2716 4570 paternos
2762 4495 3031 4550 stetissem
3078 4495 3264 4562 pedes,
3307 4501 3368 4547 ut

102 4601 297 4668 patet,
330 4600 387 4648 et
413 4594 613 4648 veritas
636 4595 894 4649 abscondi
919 4610 1026 4650 non
1049 4604 1246 4664 potest.
1724 4643 1776 4668 ,ι
1798 4589 2173 4664 refrigerarem
2199 4606 2266 4646 ex
2302 4599 2526 4660 paterna
2567 4589 2771 4643 visione
2802 4586 3037 4655 pectoris
3074 4584 3178 4638 mei
3208 4584 3364 4638 ardo-

188 4643 359 4757 ιέι
382 4683 515 4740 VIII.
553 4684 848 4754 Tripartita
890 4643 1268 4740 distributione
1313 4683 1562 4738 videatur
1594 4683 1696 4739 ista
1724 4643 1777 4704 υ
1799 4643 1959 4738 rem.”
1985 4680 2092 4736 Sed
2139 4681 2265 4750 quia
2302 4643 2418 4735 'hnc
2467 4681 2584 4735 ﬁeri
2611 4696 2716 4734 non
2745 4643 2910 4740 valet,
2952 4676 3236 4730 induamur
3266 4691 3365 4731 nos

102 4777 307 4834 omnia
337 4775 553 4840 includi,
581 4775 977 4832 consulentium
1007 4774 1229 4838 scilicet,
1257 4788 1324 4828 ac
1345 4773 1650 4829 nocentium
1679 4814 1696 4838 ,
1797 4771 2025 4842 duplicis
2051 4771 2332 4826 charitatis
2355 4771 2546 4839 pennis
2577 4789 2590 4822 :
2615 4771 2785 4825 simus
2821 4771 2874 4824 in
2899 4768 3117 4824 Christo
3152 4783 3365 4839 semper

103 4878 168 4926 et
192 4868 502 4935 eorumqui
521 4867 601 4922 sic
625 4868 768 4921 inter
787 4873 1276 4935 utrosquesemper
1293 4862 1526 4934 ambigui
1551 4869 1691 4926 sunt,
1797 4870 2106 4933 praesentes,
2133 4860 2228 4931 qui
2258 4876 2444 4915 sumus
2475 4860 2530 4914 in
2557 4861 2751 4913 stnequ
2786 4861 3051 4914 absentes.
3097 4858 3235 4924 Quid
3277 4871 3362 4915 est

106 4970 174 5016 ut
212 4970 362 5029 quos
385 4956 630 5011 obtinere
670 4950 1078 5032 perspexerint,
1123 4955 1206 5009 eis
1242 4969 1300 5009 se
1332 4953 1586 5010 continuo
1611 4969 1700 5010 so-
1799 4957 2056 5022 charitas,
2097 4943 2201 5011 nisi
2235 4956 2415 5011 unitas
2446 4953 2769 5016 animorum,
2819 4952 3031 5008 dicente
3063 4955 3186 5023 ipsa
3213 4953 3363 5008 Veri-

105 5055 291 5109 cient.
347 5046 486 5102 Sunt
510 5061 640 5117 ergo
667 5041 1009 5109 consulentes
1034 5047 1239 5101 utiliter
1262 5045 1567 5115 adjuvandi,
1613 5061 1699 5102 re-
1798 5057 1908 5106 tate
1932 5093 1947 5117 ,
1997 5051 2126 5105 dum
2155 5065 2253 5122 pro
2289 5049 2401 5104 suis
2442 5054 2624 5101 oraret
2645 5049 2714 5102 ad
2741 5045 2956 5102 Patrem
2985 5061 3000 5100 :
3029 5045 3207 5108 Pater,
3239 5060 3362 5096 con-

187 5199 218 5228 -
246 5184 368 5240 Hoc
393 5183 687 5252 capitulare
708 5180 848 5242 idem
887 5180 974 5252 cI.
998 5177 1263 5252 Balanos
1285 5179 1390 5234 Ioc.
1436 5179 1692 5252 ci_t.Apag.
1870 5198 1893 5227 c
1921 5233 1925 5241 ε

1626 5194 1692 5250 I8-
1870 5198 1893 5227 ε
1921 5185 2079 5241 Petro
2103 5182 2505 5251 archiepiscopo.
2555 5181 2967 5252 Mediolanensi,
2996 5179 3060 5252 ad
3091 5192 3250 5252 quem
3270 5191 3364 5252 sc-

104 5257 228 5314 375
271 5255 376 5329 sub
414 5246 630 5329 nomine
652 5251 1080 5329 Alcuini
1294 5261 1416 5329 cum
1437 5247 1505 5329 ad
1797 5264 2050 5329 quentem
2079 5246 2301 5329 scripsit
2327 5246 2630 5329 epistolam.
2661 5252 2821 5329 Rexit
2849 5248 3141 5329 Eetrlensiam
3166 5246 3364 5329 Medio:

105 5267 228 5314 5⁷15
271 5267 376 5310 sub
414 5268 630 5308 nomine
652 5267 866 5307 Alculm
896 5267 1080 5304 εωωι.
1113 5267 1266 5315 quoa
1294 5267 1416 5302 cum
1437 5267 1505 5304 au
1531 5267 1697 5304 baro-
1797 5273 1843 5326 qi

105 5329 233 5384 lum
280 5324 534 5400 llagnum
553 5323 827 5400 __similiter
850 5321 1118 5400 directum
1143 5319 1231 5382 sit,
1261 5317 1501 5400 epistola:
1521 5319 1696 5400 priori
1796 5327 1843 5380 Ia

1623 5267 1697 5304 l'0'
1797 5267 2050 5326 quentem
2079 5267 2301 5323 scripsrt
2327 5267 2630 5374 egtsmlam.
2662 5267 2821 5306 nexu
2850 5267 3141 5304 nccrcsram
3166 5267 3361 5300 meato-

1623 5319 1696 5374 πί
1796 5327 2072 5380 Ianensem
2103 5324 2176 5400 ab
2198 5338 2338 5400 anno
2395 5322 2464 5376 8'5
2489 5338 2660 5400 usque
2683 5324 2748 5375 ad
2776 5315 3097 5400 annumn80i
3114 5318 3361 5400 ,‘quoad

102 5414 179 5455 ex
228 5387 432 5466 eodem
691 5391 973 5466 descripta:
1002 5390 1324 5466 subjungere
1361 5387 1599 5466 placuit;
1629 5404 1696 5444 eo
1796 5413 1840 5451 δι

1629 5404 1696 5444 θο
1796 5411 2021 5466 superos
2072 5391 2467 5466 βῶξ-(ξων.
2510 5387 2832 5466 ειύειιιειι.
2875 5388 3162 5466 ~_—I‘:xstat
3206 5387 3364 5466 hujus

106 5465 272 5538 quod
296 5465 444 5538 inter
464 5463 568 5520 alia
589 5463 802 5538 Διωξηί
826 5455 1075 5531 opuscula
1100 5455 1491 5538 congruentem
1515 5458 1694 5538 locum
1795 5455 1962 5530 Pe'tri,
1991 5465 2172 5538 quihet
2209 5460 2476 5538 Qldradus
2494 5462 2668 5521 dictus
2685 5468 2799 5538 est,
2825 5457 3048 5538 epistola
3082 5455 3363 5538 elegantis:

107 5528 332 5596 habere
379 5532 469 5587 vix
503 5534 692 5603 possit.
721 5533 817 5588 Est
840 5528 985 5594 vero,
1011 5537 1074 5584 ut
1099 5538 1339 5603 autumo,
1365 5528 1467 5603 hoc
1490 5531 1697 5598 capitu-
1799 5538 1841 5590 si

1625 5538 1697 5581 lu-
1799 5528 2329 5603 sima'a'dCarqum
2369 5532 2625 5603 Magnum
2666 5530 2730 5603 tle
2786 5528 3133 5603 translatione
3189 5528 3363 5603 sancti

109 5611 238 5664 lare
289 5596 574 5678 responsio
619 5604 686 5657 ad
733 5600 1216 5678 puncta_qu:e_dam
1249 5598 1345 5678 ‘ab
1373 5596 1698 5678 imperatore
1798 5602 2077 5678 Augustini
2108 5601 2328 5678 Papiam
2357 5596 2498 5678 ann'o
2525 5599 2628 5653 725
2658 5597 2821 5678 facta.
2851 5597 3112 5678 gis-Istus.
3133 5597 3356 5678 :Nihil

110 5665 542 5744 consultaiionis
564 5665 1058 5744 causa'proposita;
1088 5670 1201 5724 haec
1245 5665 1697 5744 fortassismagis
1798 5676 1848 5729 in

1618 5669 1697 5744 gis
1798 5676 1853 5729 in
1883 5665 1999 5728 hac
2045 5665 2272 5742 epistola
2311 5674 2580 5744 reperitur
2607 5684 2714 5736 quo
2740 5667 3078 5744 .Apgilbertus
3132 5667 3356 5744 Romam

131 5746 355 5805 irascisa
381 5743 532 5801 fuere
555 5761 570 5810 ;
593 5738 887 5816 responsio
909 5757 1039 5799 vero
1064 5748 1147 5796 est
1171 5738 1452 5809 generalis.
1493 5739 1511 5809 (
1540 5738 1695 5811 Apud
1796 5738 2476 5816 pergens_co_mmende_t'ur__
2495 5741 2616 5816 huic
2647 5739 3049 5816 archiepiscopo
3067 5779 3080 5797 ,
3111 5740 3261 5816 quod
3279 5749 3360 5816 μέμ

827 5847 1005 5934 Canis.
1039 5882 1125 5934 δι.
1153 5879 1402 5934 (Froben.
1444 5873 1589 5934 I38.)
1799 5830 1901 5869 mel

1796 5802 1922 5869 ῖιιεῆ
1948 5812 2142 5867 Mabill.
2172 5812 2400 5867 asseruit
2423 5811 2514 5864 lib.
2546 5802 2668 5863 xiv:
2693 5802 2882 5882 .Lnnal.
2908 5802 3064 5872 lien,
3087 5802 3206 5880 pag.
3233 5809 3353 5863 318.

189 5847 798 5954 Υἶῖἷίιῗδέἕτέἆῖθὲε,
827 5847 1005 5939 Canis.
1039 5882 1125 5939 ει.
1153 5879 1402 5955 (Froben.
1444 5873 1589 5951 res.)
