4428 6436
821 459 924 514 μς

1665 459 1724 513 D.
1767 458 1828 512 ε.
1869 459 2096 516 Λωίδι
2133 459 2263 517 SEU
2303 459 2578 518 ALCL’INI
2619 460 2904 520 οιιεειωι
2941 463 3120 519 PARS
3157 464 3196 519 Ι.

3969 465 4070 518 ιιι

818 573 986 625 bat-aa
1034 571 1230 638 littera:
1268 571 1568 626 subtuctsa:
1616 571 1726 626 siut
1755 589 1768 625 :
1797 579 1980 626 tamen
2020 572 2069 636 si
2097 579 2190 626 tua
2217 580 2397 628 taceat
2424 581 2466 636 Α
2496 569 2640 625 fama
2669 581 3044 640 prosternatus
3072 613 3088 637 ,
3117 573 3448 628 inﬁrmitatis
3492 575 3684 628 vestra:
3722 573 3850 628 totis
3892 572 4072 629 dolens

819 661 953 716 mihi
999 660 1203 726 fistula,
1253 661 1372 716 aliis
1419 662 1650 716 obsecro
1691 670 1936 728 resonet,
1984 671 2048 716 ut
2092 662 2400 717 excitantur

817 751 1148 807 dormientes
1172 791 1188 817 ,
1217 761 1276 808 et
1304 762 1566 806 sanentur
1589 752 1927 823 languentes,
1948 763 2006 808 et
2026 767 2188 808 aures
2209 754 2401 808 surdo-

819 856 938 895 l‘tlm
969 842 1193 897 audiant
1213 883 1229 908 ,
1257 851 1314 898 ct
1333 843 1512 898 claudi
1539 844 1686 899 viam
1707 842 2006 914 disciplinae.
2031 859 2254 898 currere
2278 859 2401 899 cer-

818 944 955 1000 tent,
976 945 1036 990 ut
1063 934 1158 990 fiat
1177 951 1386 992 merces
1405 935 1558 1007 μὴ..
1587 934 1780 1007 mirus]
1802 936 2125 992 monstranti
2146 936 2289 990 viam
2310 951 2400 990 ve-

817 1026 1013 1082 ritatis.
1047 1024 1322 1096 Scriptum
1340 1036 1448 1091 est,
1477 1027 1571 1097 qui
1599 1025 1805 1090 audiat,
1827 1025 1978 1080 dicat
2001 1041 2210 1080 verum.
2325 1037 2327 1040 ‘

890 1118 1124 1174 Vocatus
1151 1117 1252 1185 fui,
1273 1119 1370 1174 sed
1399 1118 1684 1174 inﬁrmitas
1708 1118 2025 1188 prmpelivit
2051 1119 2158 1172 iter
2195 1133 2394 1173 meum.

826 1213 924 1267 Vos
951 1211 1230 1281 loquimini
1258 1227 1380 1281 quae
1408 1211 1519 1266 Deo
1544 1211 1812 1282 placeant,
1859 1218 1918 1264 et
1961 1210 2031 1265 ad
2058 1226 2246 1265 sanam
2275 1225 2399 1280 per-

816 1304 1028 1358 tineant
1070 1303 1394 1358 doctrinam.
1435 1301 1701 1358 Omeliam
1731 1302 2151 1366 sancti.Leonis,
2179 1309 2237 1356 et
2263 1301 2399 1356 Tra-

815 1401 1022 1447 ctatum
1074 1391 1424 1449 beati-Bede
1451 1395 1505 1448 in
1553 1393 1722 1448 Tobia
1774 1391 2040 1462 deprecor
2071 1399 2131 1445 ut
2177 1391 2244 1444 atl
2299 1391 2398 1446 ho-

817 1498 935 1538 ram
963 1493 1190 1554 praestes
1231 1485 1407 1538 nobis.
1462 1483 1571 1539 Sed
1603 1491 1666 1538 ut
1699 1484 1859 1539 video
1886 1491 2192 1554 porrectam
2228 1484 2398 1539 habes

816 1591 1036 1630 manum
1065 1575 1133 1630 ad
1161 1577 1558 1646 accipiendum,
1609 1586 1666 1633 et
1713 1577 1998 1633 collectam
2035 1578 2104 1632 ad
2125 1578 2392 1633 dandum.

814 1667 922 1722 lter
947 1683 1080 1723 vero
1106 1667 1250 1738 quod
1277 1676 1454 1722 restat.
1473 1669 1573 1722 vite
1599 1677 1798 1724 nostra
1820 1710 1836 1734 ,
1867 1669 2154 1740 deprecor,
2191 1671 2397 1726 sanctis

811 1759 1150 1814 Orationibus
1177 1760 1372 1813 vestris
1401 1757 1672 1828 atljuvatc,
1698 1770 1759 1815 ut
1785 1761 1853 1816 ad
1880 1769 2094 1831 portam
2123 1769 2397 1831 perpetua:

699 1875 706 1882 -
813 1853 1050 1909 civitatis
1085 1855 1370 1924 pervenire
1395 1867 1626 1909 merear.

2499 665 2813 734 prmcordiis
2833 666 3073 735 spectavi
3097 662 3478 738 [exspectavi],
3500 664 3714 738 quando
3734 662 3870 720 mihi
3891 673 4071 733 optata

2499 753 2696 824 legatio
2744 755 2995 810 sanitatis
3023 735 3218 810 vestra:
3241 735 3482 819 veniret;
3511 735 3747 822 quando,
3775 751 3870 821 qui
3914 751 4074 822 erigit

2495 847 2686 914 elisos,
2713 857 2933 904 sanaret
2956 849 3221 905 ctmtritos
3245 849 3430 913 corde,
3451 857 3508 903 et
3535 855 3836 903 verteretur
3854 847 4069 903 tristitia

2498 954 2618 994 mea
2643 939 2696 994 in
2724 939 3000 1010 gaudium,
3039 939 3186 1009 quod
3211 954 3484 1008 nunquam
3517 938 3719 993 utinam
3741 934 4019 992 auferatur
4039 951 4069 990 a

2497 1027 2662 1083 corde
2709 1044 2869 1094 meo,
2912 1030 2966 1083 in
2997 1019 3103 1099 quo
3139 1043 3354 1099 semper
3402 1027 3555 1084 vobis
3604 1033 4070 1099 perpetuam'opto

2496 1121 2910 1192 prosperitatem
2935 1130 2992 1176 et
3014 1120 3244 1176 salutem
3273 1139 3288 1173 :
3315 1134 3480 1190 quam
3503 1118 3726 1175 audiens
3766 1132 3801 1173 a
3844 1129 4073 1172 narrau-

2497 1202 2641 1265 tibus
2663 1250 2679 1276 ,
2705 1210 2860 1266 vobis
2884 1210 3149 1264 redditam
3177 1223 3322 1273 esse,
3354 1222 3548 1278 magna
3576 1221 3664 1262 me
3689 1205 3863 1261 fateor
3887 1203 4068 1260 latitia

2497 1299 2808 1356 affectatum
2835 1314 2975 1364 esse,
3006 1300 3132 1370 quia
3161 1299 3304 1370 quod
3348 1299 3438 1354 diu
3478 1296 3753 1369 optabam,
3797 1295 4070 1366 Deumque

2495 1389 2743 1446 devotius
2769 1390 3092 1483 deprecath
3115 1404 3260 1451 sum.
3289 1387 3476 1483 audire
3504 1385 3696 1442 merui.

2567 1483 2640 1538 At
2684 1497 2849 1547 nunc,
2869 1474 3193 1538 charissim
3236 1479 3332 1545 illi,
3361 1478 3550 1544 frater,
3582 1487 3758 1549 pater,
3784 1484 3842 1532 et
3875 1474 4066 1539 amice,

2495 1573 2607 1629 Deo
2632 1573 2834 1644 gratias
2855 1587 3078 1643 agamus
3099 1571 3345 1628 assiduas
3361 1585 3462 1642 pro
3483 1568 3732 1626 omnibus
3751 1565 3926 1630 bouis.
3950 1580 4068 1635 qua:

2494 1666 2651 1721 nobis
2671 1664 2898 1735 largitus
2914 1672 3020 1728 est,
3047 1672 3102 1720 te
3123 1663 3343 1718 sanitati
3355 1661 3668 1726 restituens,
3693 1667 3751 1715 et
3769 1673 3860 1713 me
3875 1656 4070 1741 gaudio

2493 1753 2840 1825 perfundens.
2880 1753 3163 1810 Facientes
3184 1753 3445 1808 faciemus
3465 1749 3794 1806 voluntatem
3817 1747 3981 1812 illius,
4016 1747 4067 1801 in

2493 1861 2601 1915 quo
2635 1843 2755 1900 solo
2776 1845 2924 1899 salus
2959 1853 3064 1910 est,
3111 1852 3168 1898 et
3201 1843 3332 1909 vita,
3375 1840 3793 1910 indeliciensque
3820 1835 4064 1894 felicitas.

884 1946 942 2002 Si
970 1948 1193 2001 veniens
1219 1949 1454 2012 veneris,
1483 1948 1719 2018 excipiet
1741 1955 1796 2002 te
1815 1947 2038 2003 dextera
2063 1945 2163 2002 Dei
2190 1946 2389 2011 Patris,
2423 1923 2468 1982 Β
2495 1933 2649 1990 Hunc
2669 1949 2932 1999 amemus,
2981 1933 3339 2005 praedicem“
3381 1941 3438 1988 et
3465 1931 3724 1996 colamus,
3779 1931 3905 1999 quia
3958 1929 4070 1984 haec

809 2046 868 2091 et
890 2037 937 2091 si
959 2037 1230 2106 juvaverit
1249 2036 1455 2110 [Forte,
1473 2040 1551 2095 sic
1568 2039 1796 2114 juvabit]
1811 2040 2194 2096 teintercessio
2217 2040 2392 2094 sancti

814 2129 1048 2186 Martini.
1075 2129 1381 2186 Florentem
1409 2140 1462 2186 te
1493 2132 1545 2186 in
1570 2132 1716 2186 o'mni
1743 2131 1887 2186 bono
1903 2172 1921 2196 ,
1942 2139 2000 2205 et
2019 2129 2392 2202 proficientem

811 2221 865 2273 in
893 2228 1084 2274 sancto
1111 2221 1386 2290 sapientiae
1410 2221 1587 2276 studio
1619 2222 1798 2277 divina
1840 2223 2132 2292 comitetur
2172 2229 2230 2278 et
2268 2235 2396 2292 pro-

809 2309 974 2366 vehat
1002 2311 1197 2383 gratia,
1228 2311 1574 2368 dilectissime
1599 2312 1804 2369 frater!

1253 2435 1280 2464 ι
1321 2423 1654 2480 EPISTOLA
1695 2423 1948 2481 CLXXII.

1182 2523 1190 2535 ⁵
1438 2520 1504 2558 AD
1537 2519 1777 2560 ειίυει.

1369 2595 1546 2668 (Anno
1572 2597 1825 2669 incerto.)

811 2685 965 2742 Dolet
993 2686 1058 2743 de
1085 2686 1340 2762 absentia,
1371 2700 1422 2742 et
1456 2690 1711 2762 gaudium
1755 2691 2018 2762 signiﬁcat
2055 2692 2120 2747 ob
2150 2692 2393 2747 stantium

1196 2761 1447 2814 restituite
1474 2759 1748 2814 Marhario
1774 2759 2038 2816 sanitatis.

879 2849 1238 2906 Sanctissimo
1283 2851 1551 2922 nobisque’
1583 2867 1707 2907 cum
1735 2867 1948 2908 summo
1975 2854 2181 2909 honore
2219 2837 2407 2909 nomi-i

808 2942 990 2997 nando
1038 2941 1184 2997 Patri
1233 2941 1510 2997 Machario
1549 2942 1768 3000 humilis
1811 2943 1974 2998 levita
2023 2943 2250 2999 Albinus
2305 2959 2393 2999 sa-

751 3081 754 3085 .
810 3032 996 3087 Itttem.
2083 3092 2086 3096 ,

882 3124 958 3178 ει
1006 3139 1113 3194 quo
1155 3132 1342 3178 vestra
1386 3123 1515 3179 mihi
1563 3124 1795 3179 innotuit
1825 3109 2098 3195 .charitas,
2138 3123 2390 3180 familiari

805 3216 1041 3287 quadam
1072 3216 1287 3272 ﬂamma
1317 3218 1370 3272 in
1400 3218 1564 3293 corde
1598 3233 1718 3273 tneo
1756 3217 2033 3274 efficacius
2061 3219 2176 3272 haec
2193 3217 2388 3277 eadem

689 3331 693 3336 -
806 3308 1073 3374 ardebat,
1105 3311 1177 3363 ita
1216 3319 1278 3364 ut
1304 3325 1458 3364 mens
1485 3325 1606 3364 mea
1657 3308 2017 3378 respondebat
2049 3308 2180 3363 mihi
2214 3327 2225 3362 :
2259 3310 2391 3363 cha-

809 3399 970 3451 ritate
1012 3397 1292 3452 vulnerata
1342 3411 1464 3452 sum
1504 3412 1605 3469 ego
1635 3416 1647 3451 :
1675 3397 1770 3452 sed
1802 3413 1944 3451 nunc
1971 3398 2203 3466 quodam
2231 3397 2389 3453 modo

807 3504 1055 3544 amarum
1081 3499 1186 3554 est,
1217 3490 1361 3560 quod
1405 3490 1533 3546 olim
1583 3491 1814 3546 dulciter
1861 3492 2040 3561 sapuit
2073 3492 2125 3546 in
2171 3500 2398 3562 pectore

803 3595 948 3635 meo.
982 3580 1116 3634 Sam
1171 3581 1327 3652 longa
1377 3582 1623 3636 absentia
1673 3582 1968 3637 dulcissimi
2008 3575 2188 3637 vultus
2224 3583 2390 3637 vestri

803 3682 1026 3743 torquet
1068 3673 1230 3726 animi
1263 3674 1368 3729 mei
1398 3682 1691 3738 secretum,
1716 3682 1773 3728 et
1800 3674 2088 3729 collocutio
2113 3674 2391 3744 sapientia:

801 3777 1005 3821 vestrm
1030 3767 1350 3822 suavissima
1381 3782 1556 3822 meum
1584 3765 1773 3838 fatigat
1800 3768 2137 3832 memoriam,
2161 3783 2266 3822 non
2296 3783 2392 3821 au-

804 3860 963 3915 diens
988 3860 1509 3917 desideratissimutn
1534 3862 1647 3916 oris
1670 3861 1836 3915 vestri
1861 3860 2154 3930 eloquium,
2193 3867 2249 3914 et
2267 3875 2391 3914 sua-

807 3951 1089 4006 vissimam
1119 3952 1300 4008 cordis
1328 3951 1753 4015 fraternitatem,
1771 3951 1920 4021 ‘quze
1945 3953 2154 4022 spirare
2183 3951 2392 4005 solebat

811 4043 865 4096 in
891 4041 1114 4097 auribus
1130 4043 1264 4096 meis
1284 4041 1447 4096 verba
1469 4041 1758 4096 salutifera:
1777 4040 2392 4106 mllocutionis,memor

810 4132 955 4187 illius
980 4133 1287 4188 contmatici
1314 4133 1473 4205 elogii
1491 4152 1502 4187 :
1521 4132 1660 4200 Quid
1678 4132 1890 4187 dulcius
1914 4140 2172 4202 estquam
2191 4131 2392 4187 habere

810 4224 1072 4288 amicum,
1110 4239 1234 4280 cum
1265 4241 1373 4294 quo
1395 4226 1573 4296 possis
1593 4226 1774 4281 omnia
1804 4225 1975 4295 loqui,
1999 4225 2140 4280 sicut
2171 4227 2393 4281 tecum?

813 4317 922 4373 Sed
959 4318 1217 4374 recedant
1242 4319 1592 4388 querimonia:
1615 4357 1632 4383 ,
1667 4318 1758 4372 ubi
1786 4316 2179 4373 emendationis
2205 4317 2393 4372 effica-

813 4411 899 4465 cia
927 4411 1044 4466 fieri
1070 4426 1176 4466 non
1202 4412 1532 4477 aestimatur;
1557 4411 1826 4482 patienter
1853 4419 2220 4482 supponetur,
2249 4409 2394 4479 quod

813 4503 1066 4558 humanae
1092 4503 1434 4557 necessitatis
1466 4503 1732 4573 fragilitas
1768 4505 1914 4573 cogit
1939 4501 2176 4568 sull'erri,
2205 4510 2264 4557 et
2300 4501 2396 4557 flat

815 4595 1075 4673 tuentium
1107 4594 1280 4649 dulcis
1309 4597 1592 4665 praesentia
1613 4635 1629 4659 ,
1667 4595 1756 4650 ubi
1801 4606 1887 4650 est
1931 4595 2193 4652 facierum
2223 4599 2393 4654 tristis
2422 4636 2470 4696 ο

814 4684 1086 4749 absentia,
1108 4694 1164 4739 et
1191 4687 1334 4740 volet
1369 4687 1564 4757 smpius
1588 4686 1781 4742 charta
1807 4687 2093 4742 charitatis
2118 4687 2219 4742 alis
2263 4704 2394 4759 pen-

813 4786 966 4852 nata,
982 4776 1209 4849 implens
1230 4778 1465 4832 ol'licium
1489 4777 1701 4848 linguae,
1724 4778 1966 4849 pandens
1994 4779 2218 4835 fraterni
2244 4795 2395 4834 amo-

819 4871 895 4925 ris
921 4881 1192 4927 secretum
1212 4912 1227 4935 ,
1256 4881 1310 4924 et
1337 4871 1546 4940 paterni
1574 4867 1800 4942 aﬂ'ectus
1822 4870 1932 4926 lilio
1957 4872 2397 4930 demonstratum

817 4960 1177 5025 dulcedinem,
1207 4977 1273 5016 ne
1298 4962 1454 5032 longa
1487 4961 1824 5016 taciturnitas
1847 4961 2129 5019 oblivionis
2151 4965 2397 5036 rubigine

823 5052 1144 5108 ntaculetur.

893 5146 1029 5201 Dum
1078 5159 1293 5215 semper
1337 5145 1563 5215 cupidus
1588 5155 1826 5202 vestram
1855 5144 2044 5201 audire
2070 5143 2401 5217 prosperita-

821 5245 956 5300 tem,
1000 5235 1456 5305 advenientesque
1489 5237 1682 5306 saepius
1734 5237 2073 5308 interrogans
2098 5278 2113 5304 ,
2159 5236 2286 5308 quid
2334 5237 2400 5293 de

823 5341 946 5381 meo
994 5327 1126 5382 mihi
1177 5326 1486 5381 nuntiarent
1533 5327 1831 5391 Machario,
1879 5330 2061 5383 subito
2089 5345 2201 5399 pne
2257 5329 2398 5384 tristi

899 5454 924 5482 ι
953 5439 1188 5496 Froben.
1215 5440 1372 5506 epist.
1411 5442 1528 5496 l98.

903 5511 930 5549 δ
953 5512 1095 5567 Edit.
1129 5510 1382 5577 Quercet.
1413 5512 1501 5577 67,
1532 5511 1712 5566 Canis.
1739 5514 1829 5570 39.
1864 5513 2118 5583 (Froben.
2145 5515 2295 5584 151.)

903 5595 919 5617 ε
953 5581 1196 5634 Josenno.
1232 5579 1329 5634 llic
1376 5583 1477 5634 fuit
1518 5583 1811 5634 discipulus
1857 5585 2061 5634 Alcnini
2114 5585 2166 5634 in
2218 5585 2295 5634 sel

901 5595 919 5617 ε
953 5595 1176 5651 Joseppo

829 5653 1189 5726 Eboracensi;
1234 5661 1288 5726 et
1333 5654 1430 5726 abs
1474 5654 1638 5708 dubio
1688 5655 1800 5724 ipse
1849 5664 1934 5708 est
1977 5655 2244 5725 Josrphus
2285 5653 2397 5726 qui.

827 5725 1078 5798 hortante
1110 5723 1338 5798 Alcuino
1365 5720 1760 5798 Commentaria
1791 5727 1973 5798 sancti
2009 5720 2318 5798 Hieronymi
2348 5728 2401 5781 in

827 5795 1037 5868 l_saian_t_
1064 5796 1379 5868 prophetam
1433 5796 1750 5868 compendio
1797 5796 2033 5868 redegit;
2067 5795 2244 5853 exstat
2289 5799 2405 5854 htrc

825 5863 1040 5932 .lnsrphi
1066 5862 1311 5934 Epitome
1343 5862 1394 5917 in
1421 5863 1541 5918 cod.
1563 5862 1671 5918 ’ms.
1707 5867 1764 5921 S.
1787 5862 2062 5929 Germani,
2097 5885 2243 5925 nutu.
2275 5868 2398 5925 585.

831 5935 1078 6003 ωηιξη..
1112 5938 1220 5989 .trt.
1252 5935 1354 5990 SS.
1385 5953 1507 5991 διες).
1546 5953 1614 5991 tv.
1648 5946 1784 6007 part.
1822 5955 1859 6001 t,
1897 5953 2017 6009 pag.
2053 5940 2146 5994 l88
2177 5949 2229 5994 ct
2259 5940 2400 6010 seq.)

1183 5621 1196 5634 .
1232 5579 1329 5634 llic
1376 5583 1477 5636 fuit
1518 5583 1811 5652 discipulus
1857 5579 2061 5640 Alcuini
2114 5585 2166 5639 in
2218 5579 2410 5654 schola

2493 2033 2578 2079 est
2605 2025 2711 2079 vita
2731 2035 2952 2080 mterna.
3015 2024 3185 2097 igitur
3231 2023 3287 2078 in
3316 2021 3518 2079 carnali
3565 2019 3829 2076 desiderio
3875 2018 4072 2074 mundo

2493 2116 2676 2171 vivere
2699 2131 2847 2171 mors
2868 2123 2972 2180 est,
2991 2130 3099 2170 non
3118 2112 3250 2170 vita.
3299 2114 3426 2170 Sola
3445 2113 3810 2168 tantummodo
3834 2126 3961 2167 vera
3989 2120 4070 2165 est

2492 2207 2624 2272 vita,
2651 2206 2836 2262 vivere
2856 2205 2988 2272 Deo,
3023 2207 3165 2262 sicut
3206 2206 3321 2276 ipse
3348 2206 3415 2261 de
3451 2219 3511 2261 se
3537 2204 3613 2260 ait
3642 2202 3796 2275 :-Ego
3815 2218 3932 2257 sum
3965 2201 4067 2264 δία,

2491 2300 2701 2365 ueritas,
2752 2309 2800 2354 et
2828 2300 2932 2354 vita
2977 2299 3160 2372 (1m.
3188 2314 3300 2364 ιιν,
3338 2297 3394 2370 6)
3432 2315 3446 2351 :
3486 2297 3591 2361 via,
3617 2310 3716 2368 per
3740 2309 3902 2365 quam
3928 2291 4065 2358 itur;

2491 2389 2713 2456 veritas,
2760 2389 2828 2445 ad
2873 2405 3036 2459 quam
3067 2389 3407 2459 pervenitur;
3459 2387 3590 2453 vita,
3642 2387 3695 2440 in
3724 2400 3828 2456 qua
3873 2393 4066 2439 statur.

2491 2479 2745 2537 Feliciter
2785 2480 2954 2546 vivas,
3006 2479 3102 2547 lili,
3133 2478 3323 2546 frater,
3368 2486 3596 2551 pateret
3620 2477 3791 2534 amice
3831 2476 3885 2532 in
3911 2485 4068 2532 teter-

2491 2575 2651 2630 mm!
2889 2661 2898 2669 '
2933 2645 2962 2686 δ
2985 2641 3319 2700 EPISTOLA
3357 2641 3632 2699 CLXXIII.

3089 2751 3158 2790 ΔΙ)
3185 2749 3466 2791 ιοιεενρυιι.

2492 2824 2746 2882 Condolet
2794 2828 2873 2898 ob,
2895 2828 3256 2898 inﬁrmitatem
3286 2828 3536 2898 corporis,
3575 2835 3623 2880 et
3649 2825 3846 2898 excitat
3874 2823 4065 2898 adpa-

2561 2899 2818 2952 tieutiam.
2836 2893 3175 2954 Commendat
3201 2916 3255 2966 se
3271 2893 3594 2963 orationibus
3605 2912 3627 2962 ,°
3639 2895 3878 2950 hortatur
3889 2893 3961 2948 ad
3973 2893 4064 2950 n-

2562 2969 2886 3023 novationem
2919 2969 3105 3023 domus
3131 2967 3252 3033 Dei,
3275 2978 3381 3023 etc.

2562 3060 2766 3116 Dilecto
2791 3059 2901 3114 tilio
2925 3072 2946 3098 ε
2970 3058 3222 3130 Joseppo,
3249 3058 3474 3113 Albinus
3506 3057 3752 3113 salutent.
3817 3079 3838 3092 ~~

2563 3147 2727 3203 Doleo
2757 3148 2823 3204 de
2850 3147 3034 3215 dolore
3073 3147 3317 3218 corporis
3353 3147 3452 3212 tui,
3490 3147 3583 3202 sed
3611 3145 3818 3218 gaudeo
3843 3142 3912 3200 de
3947 3141 4062 3197 feli-

2492 3241 2656 3298 citate
2677 3241 2870 3297 auima:
2904 3249 3029 3295 tum.
3073 3239 3212 3308 Quia
3235 3238 3466 3311 ﬂagellat
3487 3237 3629 3293 Deus
3657 3251 3858 3290 omnem
3894 3233 4062 3304 ﬁlium

2489 3352 2641 3407 quem
2676 3334 2853 3405 recipit
2881 3332 3040 3406 (-ch.
3073 3339 3172 3398 xit,
3199 3331 3276 3403 6).
3306 3330 3517 3388 Occidit
3549 3336 3605 3385 et
3642 3326 3905 3393 \‘iviﬂcat;
3953 3325 4065 3380 cal-

2492 3433 2638 3478 ucrat
2667 3434 2714 3477 et
2743 3423 2978 3477 medetur
2999 3421 3142 3494 (Job.
3170 3437 3223 3488 ν,
3249 3421 3360 3492 l8).
3411 3419 3548 3492 Spes
3570 3418 3776 3490 prmmii
3809 3416 4062 3473 solatium

2491 3514 2588 3568 tibi
2624 3514 2696 3568 sit
2736 3512 2960 3568 laboris.
3000 3512 3067 3567 lli
3107 3511 3322 3568 dolores
3363 3511 3473 3567 cito
3519 3509 3803 3575 liniuntur,
3841 3506 4063 3577 pramia

2490 3605 2764 3674 patientia:
2791 3618 3086 3674 nunquam.
3107 3602 3231 3659 Non
3249 3614 3370 3658 sunt
3386 3600 3656 3672 condigna
3673 3598 3943 3671 passiam
3955 3597 4063 3651 titt-

2483 3694 2578 3763 jus
2608 3695 2852 3764 temporis
2879 3692 2949 3745 ad
2984 3701 3410 3762 superventuram
3447 3689 3690 3762 gloriam,
3725 3702 3843 3760 qua
3865 3686 4064 3741 reicia-

2492 3785 2632 3837 bimr
2677 3783 2732 3837 in
2785 3782 2988 3838 sanctis
3028 3772 3208 3854 (Rom.
3255 3778 3513 3851 vttt,18).
3559 3777 3898 3850 Quapropter
3941 3792 4065 3834 cunt

2491 3873 2789 3944 gratiarum
2831 3871 3044 3928 actione
3096 3870 3312 3926 immota
3370 3870 3487 3926 Deo'
3527 3869 3847 3938 sacriﬁcium
3891 3865 4066 3920 laudis

2493 3965 2665 4037 (Psal.
2712 3980 2862 4029 ms,
2892 3963 3008 4040 li).
3063 3963 3181 4019 Non
3226 3972 3312 4020 est
3337 3964 3455 4019 bmc
3498 3959 3772 4017 tribulatio
3809 3958 4065 4030 poenalis,

2493 4057 2588 4112 sed
2613 4056 2924 4126 propitiatio
2948 4055 3413 4110 venialis.Aurum
3441 4053 3497 4109 in
3520 4052 3737 4109 fornace
3759 4065 3860 4122 per
3888 4051 4069 4122 ignem

2493 4151 2742 4220 coquitur
2785 4149 2968 4220 (Prov.
3012 4165 3180 4216 xxvn,
3218 4148 3345 4222 ﬁl),
3394 4156 3455 4204 ut
3498 4146 3688 4221 purius
3726 4152 3886 4201 exeat
3931 4163 3945 4199 :
3988 4144 4070 4200 sic

2492 4244 2673 4299 anima
2719 4243 2985 4314 corporali
3033 4242 3404 4310 tribulatione,
3426 4249 3488 4296 ut
3519 4238 3767 4296 mundior
3811 4236 4069 4308 procedat

2493 4335 2560 4389 ad
2585 4335 2771 4389 vitam.
2800 4334 3091 4405 Disciplina
3117 4334 3328 4389 Domini
3362 4348 3470 4388 non
3491 4332 3652 4388 debet
3674 4329 3926 4399 cuiquam
3949 4343 4069 4383 esse

2494 4425 2810 4496 disciplina;
2841 4427 2936 4480 sed
2961 4424 3206 4481 hilariter
3224 4423 3468 4494 accipiat
3489 4421 3632 4493 quod
3670 4419 3794 4492 pius
3826 4417 4068 4475 medim:

2494 4517 2784 4572 salubriter
2816 4515 3087 4571 immittiL-
3115 4513 3262 4570 Inter
3287 4511 3765 4584 llagellapietatis,
3793 4509 4069 4566 orationes

2496 4607 2817 4664 humilitatis
2837 4606 2906 4662 ad
2923 4606 3094 4661 Deum
3114 4605 3432 4676 dirigantur,
3454 4612 3515 4658 ut
3533 4605 3626 4674 qui
3645 4601 4069 4658 misericorditer

2493 4699 2744 4770 castigat,
2767 4697 3062 4755 clementer
3081 4697 3347 4764 ignoscat,
3373 4707 3435 4753 ut
3459 4695 3607 4752 salus
3622 4702 3821 4748 aeterna
3842 4691 4066 4762 patienti

2494 4792 2793 4862 proveniat.
3464 4835 3468 4838 η

2566 4881 2748 4939 Nostri
2775 4897 2990 4952 quoque
3018 4895 3224 4936 memor
3257 4877 3470 4934 sedulas
3510 4890 3609 4947 pro
3641 4873 3798 4930 nobis
3843 4872 4067 4928 fundere

2496 4990 2686 5045 preces
2726 4990 2833 5030 non
2869 4988 3050 5038 cessa,
3092 4980 3358 5043 quatenus
3394 4969 3572 5025 divina
3611 4967 3764 5023 nobis
3789 4965 4066 5036 provideat

2497 5067 2782 5122 clementia
2827 5073 3101 5136 perpetua:
3166 5063 3626 5121 conversationem
3673 5056 4062 5131 prosperitatis.

2498 5159 2687 5214 Adhuc
2709 5157 2873 5213 dubio
2906 5157 3138 5212 stamine
3165 5155 3318 5225 pacis
3337 5153 3436 5209 sub
3463 5151 3697 5224 tegmine
3736 5160 3901 5203 causa
3927 5145 4062 5200 texi-

2500 5257 2606 5314 tur,
2634 5257 2692 5305 et
2711 5247 2838 5305 dum
2875 5247 3093 5319 plenum
3121 5245 3400 5316 perficitur
3425 5242 3823 5305 vestimentum,
3849 5252 3974 5294 mox
4000 5234 4062 5291 ad

2501 5339 2829 5416 induendum
2853 5345 3050 5394 vestrm
3078 5337 3340 5408 dirigetur
3370 5329 3719 5391 fraternitati.

2503 5449 2908 5525 llnit'ts‘losephi
2938 5449 3196 5506 Alcuinus
3226 5449 3389 5505 etiam
3416 5445 3660 5525 meminit
3683 5443 3742 5525 in
3767 5441 3992 5525 epistola
4011 5441 4060 5522 ξι.

2502 5513 2849 5605 Muciam?
2882 5529 2938 5605 ei
2984 5531 3254 5605 ωρτειιμω
3290 5513 3926 5605 nescies-Idaliae?
3957 5513 4063 5605 ﬁt}:

2503 5606 2666 5660 scopo
2693 5581 2937 5648 Curiensi
2982 5592 3207 5664 epistola
3250 5595 3530 5659 sequente.
3577 5581 3923 5641 Desideratur
3965 5581 4060 5660 alia

2503 5662 2712 5736 Αιφιιίιιί
2737 5664 2965 5736 epistola
2995 5663 3064 5736 ad
3089 5661 3335 5736 ωεῑςιψ
3359 5656 3672 5736 imbui".
3687 5653 3829 5736 ,ε’ίίω
3857 5653 3910 5709 in
3934 5661 4063 5736 διὶυ-

2504 5725 3138 5801 (ιιιίεδίιιιίἐϐοιῑοιιίδιιω
3162 5725 3804 5801 Bibliothecaipodtcihus
3837 5731 4059 5801 servata.

2507 5793 2558 5857 in
2584 5821 2711 5874 qua,
2739 5813 2878 5859 teste
2903 5803 3140 5874 Usserio,
3177 5803 3365 5874 scribit
3385 5815 3425 5874 :_
3445 5817 3464 5849 ι
3504 5796 3680 5874 Sanus
3699 5805 3795 5874 pst
3816 5793 4061 5874 magi-5'9"

2505 5866 2871 5932 vcsierColcu
2905 5883 2960 5929 et
2997 5873 3115 5931 sani
3149 5872 3306 5931 amici
3352 5871 3430 5927 tui
3456 5869 3547 5940 qui
3579 5866 3716 5939 apud
3751 5879 3848 5921 nos
3874 5872 4011 5918 sunt.
4042 5881 4056 5910 ι
