4428 6416
1686 411 1743 462 B.
1784 410 1842 463 Ρ.
1883 407 2102 463 Αωικι
2144 407 2272 462 SEU
2311 406 2581 464 ALCUINI
2621 408 2916 465 ‘OPERUM
2953 409 3131 464 PARS
3167 409 3207 464 Ι.

3910 403 4018 458 860

878 520 1108 591 exempla
1141 522 1280 591 sequi
1305 522 1570 583 hortatur;
1596 521 1915 591 commendat
1947 517 2211 573 lectionem
2238 536 2359 591 san-
2387 523 2428 579 Α
2460 529 2515 574 et
2539 521 2854 577 ltonorilicct
2892 523 3032 578 inter
3065 520 3331 584 homines,
3372 527 3428 574 et
3462 518 3629 574 vitam
3669 517 3764 574 tibi
3802 524 4022 589 prestat

877 599 973 660 ctu:
1003 587 1316 660 Scriptura,
1361 591 1606 645 virtutum
1636 589 1933 642 exercitium
1959 628 1972 652 ,
2003 602 2180 640 curam
2227 587 2358 640 ado—

878 657 1174 723 tercentum,
1192 668 1291 711 etc.

773 867 777 873 I
871 785 1232 842 Dilectissimo
1269 784 1378 842 tilio
1414 793 1577 856 atque
1609 783 1823 840 amabili
1861 797 1982 838 meo
2019 782 2241 838 Albinus
2278 797 2366 838 sa-

815 876 1000 931 lutem.

879 987 1201 1043 Litterarum
1226 987 1394 1042 series
1422 995 1632 1040 tuarum
1657 982 1947 1040 letiﬁcavit
1982 981 2164 1040 oculos
2192 996 2360 1048 meos,

814 1075 1076 1146 aspiciens
1104 1077 1159 1129 iu
1186 1075 1264 1129 eis
1288 1074 1444 1129 bona:
1467 1072 1763 1129 devotionis
1791 1072 2062 1135 intuitum,
2089 1079 2143 1125 ct
2168 1078 2366 1125 sanctae

813 1162 1087 1233 sapientia
1111 1162 1378 1226 decorem,
1408 1169 1566 1230 atque
1601 1161 1656 1215 in
1682 1174 1802 1214 eam
1829 1161 2065 1215 discendi
2094 1173 2361 1222 amorem;

815 1251 958 1320 quod
1000 1250 1232 1323 maxime
1269 1249 1375 1303 tuis
1423 1248 1580 1304 modo
1624 1249 1878 1316 competit
1919 1248 2095 1312 annis,
2136 1246 2221 1300 vel
2271 1259 2368 1316 pro

813 1346 1026 1392 aeternas
1046 1337 1168 1391 vitae
1204 1334 1549 1400 beatitudine,
1576 1333 1661 1389 vel
1686 1348 1785 1404 pro
1811 1334 2081 1390 saecularis
2125 1334 2364 1388 honore:

808 1440 940 1494 quia
972 1424 1102 1480 nihil
1125 1423 1443 1478 laudabilius
1481 1430 1566 1478 est
1587 1423 1642 1476 in
1671 1422 1884 1478 homine
1908 1436 2070 1491 quam
2095 1421 2370 1490 sapientiae

815 1517 977 1570 decus
1017 1523 1074 1572 et
1112 1513 1391 1574 charitatis
1434 1510 1672 1568 an‘ectus.
1717 1510 1868 1581 Quod
1912 1526 2042 1566 vero
2085 1511 2368 1581 postulasti

816 1619 963 1660 meos
985 1603 1080 1660 tibi
1102 1603 1396 1659 inscribere
1417 1615 1615 1665 mores,
1642 1600 1837 1656 mirum
1862 1601 2100 1664 videtur;
2132 1601 2257 1654 dum
2284 1600 2369 1655 die

801 1701 1081 1762 noctuque
1123 1705 1332 1748 meum!
1388 1688 1566 1755 fuisti,
1605 1701 1707 1744 nec
1745 1687 1948 1758 aliquid
1998 1687 2094 1742 tibi
2138 1687 2368 1741 celatum

814 1781 934 1847 fuit,
963 1779 1091 1851 quid
1117 1779 1391 1837 nobiseum
1440 1785 1708 1850 ageretur.
1739 1775 1850 1832 Nec
1874 1776 2092 1846 dignum
2138 1775 2366 1838 videtur,

2467 618 2864 678 sempiternam.

2532 697 2608 751 Dc
2650 698 2800 752 libris
2833 712 2960 752 vero
2989 712 3123 767 quos
3158 696 3381 768 rogasti,
3423 697 3479 751 id
3513 704 3618 761 est,
3661 696 3717 751 in
3753 693 4023 766 Epistolas

2461 789 2834 858 Apostolorum
2880 787 3023 842 beati
3071 787 3228 843 Beda:
3280 794 3588 851 tractatum,
3635 798 3660 826 ι
3703 801 3857 842 soror
3899 801 4022 842 mea

2462 878 2620 948 Gysla
2649 879 2827 934 habet.
2875 878 3008 932 Dum
3053 878 3143 934 illa
3183 878 3420 933 remittet
3467 892 3588 932 eum
3612 877 3764 941 mihi,
3791 876 4020 948 dirigam

2462 969 2632 1023 vobis.
2675 968 2752 1022 De
2773 968 2802 1008 ιι
2829 967 3203 1023 Benedictione
3245 965 3697 1031 Patriarcharum,
3739 965 3804 1021 de
3831 965 4026 1034 quibus

2464 1056 2767 1127 rogare,tibi
2794 1071 3002 1126 quoque
3026 1057 3248 1127 placuit,
3283 1056 3555 1127 composui
3581 1054 3708 1110 olim
3742 1054 4022 1126 epistolam

2464 1146 2564 1200 sub
2601 1146 2814 1200 nomine
2842 1153 2937 1200 tuo
2964 1155 2988 1184 ο
3021 1144 3391 1216 Samuelisque
3417 1143 3760 1214 condiscipuli
3795 1144 3892 1199 tui.
3919 1142 4025 1200 Ne-

2465 1234 2576 1288 scio
2599 1234 2644 1288 si
2673 1234 2740 1288 de
2764 1249 2826 1288 ea
2854 1234 3154 1304 postulasti,
3181 1235 3295 1290 sive
3312 1235 3379 1290 de
3398 1234 3633 1306 quolibet
3659 1232 3761 1289 alio
3786 1239 4024 1289 auctore.

2465 1321 2543 1375 De
2569 1321 2792 1390 epistola
2819 1323 3189 1394 interrogasti,
3220 1323 3348 1398 quid
3380 1323 3555 1380 esset?
3582 1322 3715 1377 Nam
3738 1325 3823 1378 ini
3847 1338 4026 1394 super,

2466 1413 2618 1469 στόλοι
2644 1413 2847 1468 habitus
2873 1413 3060 1470 Grece
3089 1414 3302 1469 dicitur.
3334 1414 3486 1470 Unde
3512 1413 3778 1470 Adrianus
3799 1414 4028 1483 impen-

2468 1510 2552 1556 tor
2575 1501 2601 1542 δ
2630 1503 2928 1572 Epictetum
2953 1502 3328 1573 philosophum
3355 1504 3495 1558 inter
3511 1501 3641 1558 alias
3661 1501 4031 1572 inquisitiones

2469 1589 2833 1659 interrogavit,
2872 1591 3000 1660 quid
3026 1599 3168 1646 esset
3201 1592 3465 1646 cinctum?
3493 1590 3672 1646 Atille
3694 1591 3879 1646 videns
3903 1605 4028 1645 eum

2468 1679 2747 1747 epistolam
2782 1695 2943 1735 manu
2987 1688 3278 1745 tenentem,
3325 1681 3640 1752 respondit:
3675 1679 3824 1746 Quod
3867 1696 4028 1733 manu

2469 1777 2625 1821 tenes.
2651 1766 2845 1822 Volens
2867 1768 3180 1839 intelligere,
3212 1770 3362 1839 quasi
3385 1771 3858 1840 supercinctorium
3886 1778 4037 1824 esset

817 1885 935 1925 mea
961 1869 1184 1925 multum
1206 1876 1260 1926 te
1279 1867 1432 1937 sequi
1451 1867 1586 1922 velle
1612 1867 1857 1938 vestigia,
1885 1865 1989 1920 nisi
2015 1863 2153 1920 forte
2186 1865 2371 1918 admo—
2403 1856 2446 1915 Β
2470 1857 2705 1928 epistolae
2725 1858 2976 1928 sigillum,
2997 1874 3102 1929 quo
3120 1873 3152 1913 a
3172 1859 3303 1914 foris
3321 1861 3580 1914 vestiatur
3598 1859 3858 1915 chartula.
3881 1859 4033 1913 lianc

818 1958 1033 2014 nitionis
1053 1957 1238 2022 verba,
1263 1969 1384 2027 qua:
1421 1954 1614 2024 sapius
1640 1953 1854 2008 audisti.
1885 1952 1989 2006 Sed
2015 1953 2177 2007 etiam
2204 1953 2374 2022 magis

818 2054 1126 2100 sanctorum
1153 2052 1205 2101 te
1231 2045 1500 2100 instruant
1534 2041 1799 2112 exempla,
1829 2056 1948 2112 quze
1985 2042 2039 2096 in
2068 2042 2269 2096 sanctis
2295 2042 2373 2097 le-

811 2146 1015 2206 guntur
1038 2134 1352 2206 Scripturis,
1390 2142 1448 2190 et
1471 2140 1669 2190 nostra:
1695 2135 1819 2189 vita:
1857 2133 2270 2189 stabilimeutum
2297 2132 2379 2187 di-

811 2229 1092 2299 gnoscitur
1116 2239 1253 2282 esse.
1286 2225 1366 2280 Tu
1389 2239 1540 2291 vero,
1567 2224 1641 2279 illi
1668 2225 2002 2287 charissime,
2033 2225 2085 2277 in
2115 2223 2376 2278 charitate

822 2317 1053 2386 teipsum
1099 2327 1312 2379 exerce,
1340 2321 1398 2369 et
1435 2314 1491 2368 in
1526 2311 1905 2368 ecclesiasticis
1953 2311 2143 2365 ciliciis
2184 2325 2379 2364 ornare

819 2405 983 2458 vitam
1011 2412 1157 2458 tuam
1186 2409 1485 2468 memento;
1513 2400 1722 2471 vigilias
1748 2407 1804 2454 et
1837 2401 2105 2454 orationes
2129 2398 2380 2468 frequen-

822 2503 944 2546 tans
983 2499 1040 2547 et
1080 2491 1134 2547 in
1181 2491 1424 2546 lectionis
1449 2490 1625 2545 studio
1665 2490 1752 2544 die
1806 2498 2070 2560 noctuque
2114 2489 2380 2544 desudans

819 2593 1060 2648 quaerere
1080 2575 1282 2651 υσθυε,
1309 2575 1510 2650 qnzere]
1539 2577 1808 2632 Christum
1838 2578 1891 2631 in
1919 2578 2110 2633 litteris
2149 2579 2380 2647 prophe-

821 2679 996 2722 tarum
1017 2667 1402 2737 przedictum,et
1426 2667 1480 2719 in
1505 2665 1810 2735 evangelica
1846 2675 2122 2722 ostensum
2151 2667 2384 2720 auctori-

824 2766 951 2812 tate.
967 2755 1046 2811 ‘Et
1069 2755 1193 2808 dum
1229 2755 1459 2809 incenias
1484 2769 1606 2810 eum
1625 2793 1641 2820 ,
1669 2769 1777 2808 non
1817 2757 2024 2809 amittas
2060 2771 2178 2809 eum
2205 2753 2377 2825 (Cant.

827 2860 912 2910 tu,
936 2843 1023 2918 ι);
1051 2844 1140 2899 sed
1163 2844 1402 2899 introduc
1419 2859 1537 2899 cum
1565 2844 1620 2899 in
1647 2845 1861 2900 domum
1883 2844 2060 2900 cordis
2090 2844 2188 2909 tui,
2209 2852 2266 2898 et
2287 2845 2384 2899 ha-

822 2925 949 2992 beto
973 2950 1096 2994 eum
1122 2944 1385 2992 rectorem
1409 2935 1531 2990 vitae
1555 2943 1676 2991 une.
1701 2936 1835 2990 Ama
1862 2951 1986 2992 eum
2009 2935 2149 2990 sicut
2173 2934 2385 2988 redem-

820 3035 1063 3097 ptorem,
1105 3025 1619 3096 gubernatoremque
1666 3032 1814 3080 tuum
1834 3065 1847 3091 ,
1896 3024 2241 3092 omniumque
2289 3021 2386 3076 tibi

828 3117 1132 3188 largitorem
1157 3116 1437 3172 bonorum.
1465 3114 1680 3171 Custodi
1706 3115 1954 3169 mandata
1976 3114 2119 3167 illius
2147 3111 2201 3183 (I
2225 3112 2383 3165 Joan.

2473 1950 2668 2005 habeto
2707 1950 3220 2020 interpretationem,
3269 1949 3438 2006 donec
3479 1950 3750 2006 meliorem
3794 1948 4034 2004 invenias

2472 2041 2556 2095 vel
2581 2042 2861 2096 veriorem.

2839 2139 2863 2169 °
2895 2128 3042 2185 ΕΡιὸ
3050 2129 3228 2186 τοιΑ
3251 2128 3617 2185 CLXXXVIII.

2763 2273 2767 2275 .
2948 2237 3016 2276 ΑΙ)
3053 2237 3232 2276 ιιΊιιυΙ
3269 2236 3556 2276 εσιιοτυι.

2475 2309 2693 2366 Solatur
2708 2310 2879 2376 illum,
2904 2321 2950 2364 et
2968 2312 3208 2383 hortatur
3225 2310 3292 2363 ad
3307 2311 3675 2377 confessionem
3690 2317 4034 2377 peccatorum.

2543 2398 2867 2454 Charissimo
2903 2399 3040 2456 Filio
3065 2399 3233 2456 unicae
3253 2399 3551 2455 dilectionis
3578 2399 3632 2454 in
3657 2399 3852 2454 Christi
3877 2400 4039 2454 bene-

2477 2487 2711 2543 dictione
2737 2489 2984 2544 salutem.

2545 2577 2817 2633 Festinavi
2859 2580 3066 2634 obviam
3096 2587 3289 2636 vestrae
3316 2579 3608 2635 dulcedinis
3640 2581 3955 2648 prasentiae,
3985 2588 4040 2634 et

2477 2681 2603 2720 ecce
2619 2675 2858 2721 mutuata
2877 2666 3126 2740 [mutata]
3150 2669 3264 2723 vice
3275 2684 3372 2738 pro
3389 2668 3569 2724 lmtitia
3590 2669 3809 2724 visionis
3825 2678 4036 2730 vcstm,

2480 2755 2709 2809 tristitiae
2734 2755 2973 2809 chartula
2997 2757 3226 2822 advenit,
3268 2766 3497 2813 vestram
3532 2759 3850 2812 denuntians
3867 2757 4040 2829 iacry—

2481 2842 2660 2898 mabiii
2692 2851 2838 2897 textu
2868 2843 3254 2911 inﬁrmitatem,
3291 2847 3668 2915 propemodum
3695 2855 3747 2902 te
3780 2846 3834 2901 in
3858 2847 4040 2901 limine

2483 2931 2641 3002 hujus
2665 2934 2787 2986 vita:
2821 2935 3120 3002 suspirare;
3152 2934 3244 2988 sed
3269 2919 3526 3004 quantum
3549 2935 3614 2990 de
3641 2944 3731 2990 tuo
3749 2936 4042 2990 contristor

2483 3021 2689 3085 labore,
2717 3029 2923 3077 tantum
2951 3023 3017 3077 de
3041 3023 3216 3078 divina
3237 3024 3476 3080 laetiﬁcor
3499 3025 3716 3094 pietate,
3739 3025 3828 3095 qui
3854 3032 3908 3079 te
3935 3035 4042 3078 tam

2487 3112 2736 3166 diuturna
2765 3113 3073 3168 inﬁmitate
3099 3115 3328 3182 decoxit,
3355 3124 3416 3171 ut
3435 3115 3620 3186 purior
3638 3129 3896 3185 appareas
3918 3129 4043 3169 con-

829 3224 886 3274 v,
907 3180 969 3274 ii;
1001 3206 1190 3262 lauit.
1218 3221 1334 3272 arx,
1362 3204 1472 3278 i‘l),
1501 3205 1628 3275 quia
1654 3206 1710 3260 in
1757 3203 1861 3260 illis
1902 3205 2014 3259 vita
2040 3212 2125 3259 est
2159 3180 2379 3257 aeterna.
2408 3180 2456 3241 C
2487 3201 2690 3270 spectui
2717 3201 2876 3256 illius.
2900 3201 3094 3257 Beatus
3115 3203 3293 3268 homo,
3315 3180 3410 3274 qui
3431 3180 3721 3274 corripitur
3731 3219 3761 3257 a
3784 3203 4038 3264 Domino;

831 3296 900 3350 Et
941 3309 1136 3366 magna
1180 3293 1498 3350 discretione
1537 3293 1762 3364 teipsum
1804 3294 2176 3363 circumspice,
2208 3291 2385 3347 consi-

832 3386 1025 3440 derans
1067 3383 1193 3454 quid
1242 3383 1537 3453 agendum,
1581 3382 1666 3440 vel
1711 3383 1840 3454 quid
1887 3383 2046 3453 205
2091 3381 2386 3438 cavendum

833 3475 1169 3544 praecipiatur
1370 3472 1438 3527 Et
1473 3472 1731 3542 quidquid
1775 3473 2027 3541 accepisti
2055 3486 2085 3524 a
2110 3472 2386 3540 magistro,

836 3563 919 3617 vel
943 3561 1141 3631 Spiritu
1164 3561 1454 3631 inspirante
1479 3569 1666 3615 saneto
1692 3559 1962 3630 intelligis,
1990 3559 2145 3613 trade
2171 3558 2393 3627 diligen-

837 3653 1063 3717 tissime,
1089 3660 1146 3706 et
1180 3650 1340 3715 doce;
1369 3657 1430 3704 ut
1455 3648 1549 3705 tibi
1572 3662 1781 3720 semper
1817 3656 2076 3718 augeatur
2098 3645 2393 3716 intelligen-

838 3745 928 3800 tia
951 3743 1170 3808 donum,
1189 3742 1315 3811 quia
1350 3739 1498 3798 omni
1533 3739 1749 3796 habenti
1786 3739 2000 3794 dabitur
2027 3736 2237 3808 (Matth.
2264 3751 2389 3800 xm,

841 3831 953 3905 12),
981 3833 1033 3887 id
1056 3840 1160 3898 est,
1187 3829 1416 3888 docendi
1436 3829 1673 3888 studium
1695 3827 1914 3884 babenti
1939 3833 2165 3896 augetur
2195 3825 2392 3880 intelli-

840 3920 1001 3996 gendi
1028 3920 1275 3975 scicntia.

911 4007 1038 4063 Esto
1059 4004 1378 4076 pauperibus
1410 4010 1467 4061 et
1491 4003 1701 4059 miseris
1724 4001 1876 4072 quasi
1902 4008 2074 4072 pater,
2101 3999 2317 4055 humilis
2342 3999 2395 4053 in

841 4095 1213 4161 ministrando,
1235 4093 1416 4167 largus
1433 4093 1488 4148 in
1507 4092 1700 4157 dando,
1725 4099 1986 4161 quatenus
2008 4091 2213 4144 iiiomm
2238 4089 2396 4144 bene-

843 4189 1008 4245 dictio
1033 4185 1215 4241 veniat
1251 4200 1409 4256 supcr
1437 4191 1508 4240 te.
1549 4181 1952 4250 Admoncasque
1980 4179 2398 4236 adolescentulos

845 4275 941 4347 qui
966 4282 1139 4330 tecum
1178 4281 1303 4329 sunt
1326 4274 1394 4329 de
1419 4273 1661 4328 castitate
1686 4273 1928 4340 corporis
1955 4272 2058 4334 sui,
2103 4271 2170 4325 de
2190 4270 2399 4325 confes—

2483 3290 2712 3360 flogellat
2750 3308 2868 3346 vero
2896 3297 3108 3346 omnem‘
3135 3292 3327 3360 lilium,
3352 3309 3501 3362 quem
3531 3293 3706 3362 recipit
3732 3291 3917 3363 (Hebr.
3941 3306 4042 3354 ait,

2485 3378 2560 3448 6):
2588 3379 2711 3433 Haec
2735 3394 2857 3448 spes
2891 3388 2942 3434 te
2976 3380 3294 3442 consoletur,
3323 3381 3637 3438 charissime
3657 3379 3750 3444 illi,
3773 3388 3826 3434 et
3848 3380 3892 3433 si
3917 3380 4045 3448 quid

2487 3469 2666 3524 satculi
2687 3471 2740 3524 in
2767 3479 2906 3523 tuam
2927 3471 3170 3526 deveniat
3189 3480 3523 3541 potestatem,
3545 3471 3695 3542 quasi
3722 3471 3933 3526 obsides
3952 3485 4045 3541 pa—

2489 3559 2567 3612 cis
2583 3560 2844 3628 praamitte
2863 3559 2989 3629 (iis.
3003 3559 3337 3631 promittere]
3357 3560 3420 3614 ad
3436 3560 3737 3633 Dominum,
3755 3567 3811 3613 et
3826 3559 4046 3627 diligeno

2493 3643 2576 3700 ter
2601 3647 2982 3701 minutissimas
3000 3663 3238 3717 quasque
3261 3649 3542 3704 verborum
3567 3655 3626 3716 ,et
3643 3646 4044 3719 cogitationum,

2491 3737 2600 3792 imo
2648 3747 2700 3792 et
2739 3736 3000 3793 factorum
3043 3741 3226 3795 sordes
3255 3738 3393 3809 apud
3429 3724 3784 3796 conlessorem
3839 3735 4047 3795 ﬁdelem

2492 3835 2544 3881 et
2569 3828 2903 3897 prudentem,
2949 3831 3239 3890 secundum
3273 3840 3419 3885 tuam
3459 3832 3859 3893 conscientiam,
3904 3832 4049 3902 puri-

2494 3914 2616 3980 lica,
2645 3924 2704 3969 ut
2743 3916 2876 3971 nihil
2923 3926 3221 3983 remaneat,
3271 3919 3324 3972 in
3373 3933 3480 3989 quo
3529 3918 3789 3990 malignus
3823 3927 3875 3973 te
3912 3919 4050 3991 apud
4083 3909 4106 3925 ’

2495 4018 2760 4059 summum
2799 4004 3036 4061 iudicem
3064 4007 3260 4062 habeat
3288 4022 3562 4063 accusare.
3595 4009 3650 4063 in
3679 4008 3902 4064 Domino
3927 4007 4050 4065 Jesu

2496 4090 2784 4148 fortissima
2811 4110 2904 4165 spe
2932 4095 3158 4161 confide,
3187 4099 3276 4165 qui
3307 4099 3373 4151 ad
3402 4113 3562 4152 unam
3588 4097 3937 4154 confessionis
3957 4113 4050 4169 vo-

2496 4196 2613 4237 cem
2650 4182 2842 4239 iatroui
2867 4173 3173 4254 paradisum
3197 4175 3440 4255 promisit
3475 4203 3491 4240 :
3521 4193 3574 4241 et
3594 4187 3638 4241 si
3668 4187 3806 4242 illius
3825 4187 4053 4243 clemen-

2498 4271 2590 4335 tia,
2618 4285 2737 4339 quae
2759 4273 3000 4326 occidere
3024 4273 3160 4328 solet
3195 4283 3250 4328 et
3269 4274 3559 4338 viviﬁcare,
3602 4283 3654 4328 te
3681 4276 3734 4328 in
3770 4276 4050 4346 pristinum

849 4363 1000 4419 sione
1019 4369 1355 4432 peccatorum
1383 4357 1702 4422 suorum,de
1720 4358 2028 4412 assiduitate
2054 4356 2312 4421 discendi,
2336 4358 2403 4412 de
2499 4359 2746 4414 sanitatis
2768 4359 3003 4414 ofﬁcium
3030 4375 3284 4417 revocare
3322 4362 3468 4428 velit,
3514 4363 3634 4418 talis
3655 4371 3771 4418 esto
3797 4363 4049 4428 moribus,

849 4451 1253 4509 conversatione
1278 4447 1478 4512 sobria,
1502 4447 1568 4503 de
1602 4446 1859 4502 ebrietate
1883 4447 2136 4512 cavenda,
2164 4448 2228 4502 de
2250 4447 2401 4501 luxu-

2502 4450 2675 4519 qualis
2718 4467 2860 4506 nunc
2901 4451 3198 4517 voluntate;
3244 4461 3299 4507 et
3350 4453 3470 4507 talis
3499 4462 3623 4507 tunc
3666 4468 3846 4523 opere,
3883 4454 4053 4523 qualis

853 4543 934 4597 ria
961 4539 1229 4613 fugienda,
1257 4539 1323 4594 de
1349 4538 1582 4591 vanitate
1602 4536 1758 4604 huius
1784 4535 1961 4592 saeculi
1984 4551 2088 4590 non
2110 4538 2397 4606 sequenda.
2433 4509 2479 4569 θ
2504 4509 2646 4598 nunc
2673 4545 3015 4615 cogitatione,
3041 4552 3102 4598 ut
3140 4509 3232 4599 tibi
3261 4545 3312 4599 in
3347 4544 3569 4600 salutem
3593 4509 3845 4615 proiiciat'
3862 4509 4052 4614 perpe-

855 4630 962 4686 Sed
984 4629 1260 4685 discantin
1277 4625 1651 4690 adolescentia.
1673 4624 1994 4690 uthabeant,
2018 4627 2158 4695 quod
2181 4627 2406 4680 doceant
2507 4642 2672 4700 tuam,
2701 4635 2811 4689 sive
2853 4635 3175 4691 inﬁrmitatis
3199 4636 3366 4700 labor,
3396 4637 3507 4691 sive
3545 4636 3787 4690 sanitatis
3811 4634 4050 4692 enectus.

859 4722 913 4776 in
963 4728 1256 4796 senectute.
1301 4717 1555 4772 Deterant
1607 4716 1750 4772 enim
1794 4717 2025 4771 honores
2071 4716 2407 4782 senioribus,

2507 4721 2682 4779 Habes
2699 4737 2805 4787 me,
2832 4733 3092 4792 quantum
3123 4709 3296 4798 valeo,
3328 4725 3537 4782 ﬁdelem
3563 4725 3675 4779 sive
3698 4724 3751 4777 in
3790 4724 3891 4777 iter
3930 4723 4054 4777 illud

855 4815 1037 4863 ament
1073 4820 1204 4861 vero
1243 4804 1603 4860 ecclesiastica
1643 4801 1842 4858 cilicia.
1893 4802 2035 4872 Ergo
2077 4804 2312 4871 praevide
2351 4812 2413 4856 ut
2509 4812 2745 4867 terribile
2781 4812 3105 4880 adjuwm;
3130 4815 3239 4870 sive
3271 4815 3325 4868 in
3361 4815 3480 4870 vim
3515 4813 3788 4884 praemis
3814 4811 4056 4866 solatium

859 4899 997 4952 bona
1025 4894 1240 4948 videant
1267 4893 1321 4945 in
1344 4900 1394 4946 te
1416 4893 1657 4962 exempla
1682 4907 1803 4947 cum
1824 4901 2127 4948 sanctorum
2161 4894 2414 4947 exhorta-

861 4989 1002 5042 tione
1023 4984 1325 5041 verborum.
1349 4981 1451 5037 Pro
1471 4982 1768 5051 huiusmodi
1796 4983 2048 5054 religione
2067 4991 2123 5037 et
2139 4981 2416 5037 devotione

2505 4899 2928 4956 consiliatorem.

2583 4986 2730 5054 Quod
2759 5004 2886 5044 vero
2921 4999 3011 5044 tua
3055 4992 3328 5062 inquisivit
3363 4993 3598 5048 charitas
3636 4993 3706 5057 de,
3728 4977 3947 5046 duorum
3981 4988 4058 5041 di-

863 5077 954 5132 Dei
1004 5072 1383 5145 omnipotentis
1432 5080 1484 5127 te
1524 5073 1692 5143 gratia
1728 5082 2085 5144 consequatur
2120 5071 2414 5138 etexaitet,
2515 5078 2710 5131 stantia
2743 5070 3000 5145 iocarum,
3037 5081 3090 5135 id
3117 5083 3222 5143 est,
3251 5081 3361 5135 sive
3384 5082 3439 5134 in
3475 5081 3726 5135 canonica
3774 5077 3922 5141 sede,
3951 5077 4057 5130 sive

932 5195 960 5231 ι
986 5182 1149 5264 soror
1181 5201 1296 5238 mea
1338 5182 1518 5264 Gyrto.
1701 5181 1962 5264 (iamsi:
1983 5184 2216 5264 intelligo
2240 5185 2418 5264 Caroli
2517 5190 2762 5264 Quondam
2787 5204 2993 5264 namque
3015 5205 3186 5264 meum
3201 5194 3467 5264 gaudebam
3488 5199 3538 5240 to
3563 5203 3671 5264 esse
3703 5188 3933 5248 sodalem,
3962 5165 4055 5238 etc.

867 5252 1039 5322 Magni
1056 5265 1297 5322 sorore;
1312 5251 1416 5307 non
1446 5253 1512 5308 de
1544 5251 1692 5309 Gisia
1717 5252 1857 5308 illius
1891 5252 2018 5307 filia.
2051 5251 2178 5310 Vid.‘
2193 5265 2346 5310 notas
2365 5257 2419 5308 in
2520 5253 2654 5322 Quod
2679 5253 2916 5322 ςορηαρω
2932 5253 3095 5322 όφυίὲ
3117 5251 3312 5305 Albinus
3335 5257 3432 5303 me
3450 5252 3680 5313 mll‘sm

869 5319 1027 5391 epiét:
1050 5319 1149 5374 126
1180 5321 1246 5391 ad
1269 5320 1488 5391 Cisiam.

939 5388 1213 5461 ιορωμαι
1230 5389 1392 5461 igitur
1409 5391 1687 5461 Aieuimtm
1705 5389 1981 5461 scripsisse
1999 5389 2076 5450 De
2098 5389 2295 5461 Bened.
2308 5389 2422 5461 (Pa-

874 5459 1121 5529 trist-ch;
1152 5457 1497 5529 sed'epistola
1515 5500 1530 5524 ,
1551 5459 1701 5528 cuius
1724 5457 1831 5516 hic“
1842 5461 2103 5529 meminit,
2132 5458 2417 5529 intercidit.

905 5500 974 5574 f':
980 5500 1121 5599 ἷἐὶτῖ
1126 5500 2056 5599 υἱὶἇῗήῑῆἷῖὧῇᾌῗὲἔἧζῆὶὶξὶἓέ
2063 5500 2260 5584 ’ἒαίτῖιὶξ
2273 5500 2426 5599 {ire};

874 5595 1146 5667 matiensis
1173 5595 1474 5667 episcopus,
1505 5595 1722 5667 Rabani

1044 5729 1297 5789 Rabantis
1321 5748 1489 5796 carm.
1514 5733 1589 5788 ξι·

875 5596 1146 5651 matiensis
1173 5596 1474 5667 episcOpus,
1516 5596 1722 5671 Rabani
1769 5596 1962 5665 Mauri,
2001 5599 2268 5670 adquei!)
2311 5596 2426 5652 hac

875 5663 1777 5787 ῗὲἒυὲἷέξςυιηο
1792 5665 2190 5736 condiscipulus
2205 5709 2208 5714 .
2234 5666 2307 5723 De
2321 5681 2427 5735 quo

2520 5312 2624 5360 Hoc
2647 5319 2816 5372 pectus
2837 5317 3022 5370 teneat,
3049 5317 3147 5362 etc.

2588 5390 2618 5462 tl
2635 5389 2941 5462 Epictetum.
2957 5391 3450 5462 Respicitllcuinus
3461 5387 4025 5462 quqtinriani
4043 5405 4054 5438 :

2523 5460 2658 5526 Quid
2685 5457 2792 5511 erit
2816 5459 2988 5524 nobis,
3019 5457 3320 5527 si'cinctgtn
3347 5457 3550 5518 solvas?
3575 5460 3669 5516 Cui
3695 5457 3959 5527 Epictetus
3980 5472 4055 5527 re:

2525 5524 2736 5598 spondit
2767 5546 2779 5579 :
2810 5527 3060 5598 Epistola
3084 5537 3184 5598 est.
3206 5524 3360 5598 Fide
3396 5524 3800 5598 Alterutionem
3828 5525 4057 5598 (Adriani

2573 5543 2736 5596 tonuit
2767 5546 2779 5579 ζ
2811 5543 2853 5581 Β
2890 5543 3046 5581 tswta
3084 5543 3183 5583 Θῧῑ.
3235 5543 3360 5584 νισι
3396 5543 3800 5585 tumutitth
3845 5543 4056 5580 ΔΠΙΙΠΙ

2573 5597 2825 5717 regis}
2843 5543 3912 5717 igituir‘rsmsswﬁ
3935 5603 4056 5654 ’σπι

2526 5598 2742 5718 Augusti
2771 5605 2825 5650 et
2843 5598 3086 5717 Egicteti,
3110 5598 3442 5678 Bibliotheca
3466 5598 3661 5654 (ἐι-διας
3685 5598 3694 5649 l

2528 5664 2626 5772 liie
2645 5665 2895 5791 ,
2914 5667 3216 5791 gbgiﬁaagi
3229 5664 3331 5720 565
3357 5674 3499 5740 inter
3522 5673 3694 5719 notas.

2693 5733 2895 5808 froben.
2921 5733 3077 5802 epist.
3094 5733 3216 5789 23L
