4428 6464
57 557 159 610 465

55 759 131 813 ris
157 758 365 812 domus.
407 753 512 807 Aut
538 767 638 822 ego
665 750 888 805 forsitan
919 756 1068 803 tanto
1109 747 1356 817 indiguus
1390 743 1466 797 fui
1507 759 1631 798 con-

54 851 306 915 solatore,
335 857 430 903 aut
452 847 624 916 magis
652 861 798 914 spem
826 844 981 914 posui
1013 843 1066 896 in
1089 842 1305 896 homine
1335 855 1496 909 quam
1522 838 1631 891 Deo

56 938 349 1010 placuisset
375 951 390 991 :
418 944 596 990 tamen
624 933 788 988 nolim
819 942 967 987 tuam
1005 932 1305 986 bonitatem
1336 930 1402 984 de
1436 928 1557 982 aliis
1577 926 1632 980 id

57 1027 250 1098 egisse,
292 1025 670 1080 sed'omnibus
712 1023 892 1078 omnia
933 1021 1127 1084 factus,
1170 1029 1228 1074 ut
1278 1035 1345 1073 ex
1382 1018 1634 1072 omnibus

59 1118 362 1174 mercedem
385 1115 648 1173 merearis
669 1115 871 1170 habere
899 1113 1039 1184 apud
1062 1112 1254 1166 Deum.
1280 1108 1548 1171 Christus,
1575 1116 1637 1161 ut

58 1209 114 1264 in
135 1207 382 1264 historiis
404 1206 619 1277 legitur,
643 1204 890 1274 Abagaro
915 1201 1025 1271 regi
1053 1213 1260 1271 pagano
1288 1196 1506 1268 scripsit
1528 1195 1636 1264 epi-

58 1298 256 1352 stolam
286 1315 300 1350 :
329 1304 422 1351 aut
445 1296 636 1351 beatus
656 1294 855 1348 Paulus
874 1293 1012 1346 inter
1035 1306 1128 1354 eos
1147 1305 1254 1344 non
1278 1287 1399 1353 fuit,
1437 1287 1504 1342 de
1524 1285 1638 1356 qui-

59 1390 162 1443 bus
191 1386 474 1456 Scriptura
515 1386 691 1446 dicit:
727 1383 858 1438 Erat
899 1381 1004 1436 illis
1043 1398 1133 1435 cor
1158 1395 1319 1434 unum
1361 1388 1410 1432 et
1460 1377 1638 1430 anima

60 1497 190 1544 una,
235 1489 284 1534 et
309 1490 458 1533 erant
494 1478 600 1532 illis
627 1478 803 1532 omnia
837 1477 1133 1530 communia
1167 1475 1304 1546 (Act.
1343 1489 1415 1536 tv,
1441 1471 1554 1540 52),
1583 1477 1640 1524 et

61 1574 200 1628 bene
221 1571 351 1627 fecit
376 1571 661 1627 scribendo
685 1569 913 1623 amicis?
950 1567 1056 1621 Aut
1081 1567 1128 1622 si
1155 1565 1297 1627 fecit,
1337 1562 1476 1617 male
1513 1559 1643 1614 fecit

62 1670 244 1716 tantas
291 1661 480 1717 amicis
536 1657 820 1715 scribendo
866 1656 1162 1726 epistolas?
1219 1653 1316 1708 Vel
1373 1648 1642 1722 quomodo

62 1769 214 1810 meas
239 1769 404 1809 ausus
439 1751 584 1808 fuisti
615 1751 794 1822 legere
829 1747 1108 1810 litterulas,
1147 1755 1202 1800 et
1227 1754 1348 1799 tuas
1377 1741 1506 1796 mihi
1537 1755 1644 1794 non

58 1843 341 1916 dirigere?
371 1842 429 1898 Si
453 1851 638 1899 wntra
669 1840 910 1912 regulam
932 1847 1016 1895 est
1041 1837 1162 1892 aliis
1186 1831 1646 1901 scribere,utique

61 1943 253 1989 contra
285 1933 525 2002 regulam
572 1939 656 1986 cst
690 1941 745 1985 et
771 1927 996 1986 aliorum
1034 1925 1231 1998 legere.
1274 1925 1412 1994 Opto
1439 1937 1506 1977 ex
1532 1935 1648 1975 ma-

1479 535 1857 595 EPlSTOLJE-

53 685 160 741 quo
183 669 372 725 timore
409 664 674 719 calamum
705 660 1075 731 suspendisscs
1104 658 1156 711 in
1183 657 1385 727 pariete
1411 654 1620 722 regula-
1647 656 1696 712 Α

3199 518 3305 576 466

2181 643 2206 681 δ
2245 639 2576 698 EPISTULA
2611 638 2808 694 CXCII.

2159 751 2226 789 AD
2265 747 2535 788 ANTONIUII
2572 745 2874 786 IONACHUI.

1733 852 2003 906 Desiderat
2033 848 2250 904 multum
2284 847 2542 901 orationes
2572 847 2803 915 Antonii,
2834 853 2892 898 ut
2921 843 3087 898 Deum
3112 857 3316 915 semper

2161 934 2339 971 amare
2373 916 2536 987 possit
2569 925 2616 968 et
2643 914 2886 968 laudare.

1803 1032 2040 1087 Antonio
2066 1028 2288 1087 Albinus
2313 1067 2327 1091 ,
2379 1026 2743 1081 mansionario
2789 1021 3184 1079 matricularius
3221 1035 3316 1079 δατ-

1737 1124 1926 1176 lutem.

1804 1212 1928 1267 Ideo
1961 1209 2085 1266 dico
2107 1209 2526 1264 mansionarium
2567 1216 2638 1273 te,
2665 1207 2789 1277 quia
2814 1205 2991 1261 multa:
3015 1193 3135 1260 sunt
3167 1220 3316 1258 man-

1735 1303 1906 1357 siones
1927 1300 1982 1353 in
2004 1298 2160 1352 domo
2199 1297 2378 1351 Patris
2403 1296 2588 1352 aeterni
2614 1294 2796 1367 (Joan.
2834 1311 2957 1359 xw,
2985 1294 3065 1365 2),
3085 1308 3316 1362 quarum

1737 1403 1792 1448 te
1820 1408 1926 1448 non
1965 1389 2140 1445 solum
2164 1390 2544 1452 habitatorem,
2575 1388 2668 1443 sed
2693 1389 2858 1442 etiam
2896 1388 3038 1442 inter
3065 1384 3320 1455 apostoli-

1739 1501 1858 1542 cam
1880 1483 2256 1540 auctoritatem
2277 1480 2514 1550 judicem
2543 1495 2662 1535 esse
2682 1489 2832 1550 opto,
2860 1479 3005 1548 quis,
3032 1479 3085 1533 in
3105 1493 3212 1548 qua
3237 1477 3320 1532 di-

1739 1591 1877 1646 gnus
1911 1574 2159 1630 habitare
2191 1573 2548 1627 discernatur.
2591 1570 2862 1640 Deprecor
2889 1576 3000 1622 tota
3039 1567 3218 1623 cordis
3244 1568 3322 1620 in-

1743 1667 1999 1731 tentione,
2026 1673 2087 1718 ut
2125 1664 2327 1718 habeas
2349 1661 2601 1716 Albinum
2632 1668 2783 1714 tuum
2833 1659 2888 1713 in
2913 1674 3009 1714 ore
3039 1666 3095 1713 et
3133 1658 3323 1720 corde,

1742 1757 1870 1812 dum
1898 1757 2134 1811 animam
2159 1753 2321 1810 offers
2350 1762 2496 1808 tuam
2520 1752 2575 1806 in
2604 1757 2895 1820 conspectu
2937 1746 3172 1820 Spiritus
3199 1763 3309 1803 san-

1746 1852 1838 1916 cti,
1882 1849 2177 1919 deprecans
2218 1855 2279 1903 ut
2319 1854 2476 1901 eruat
2524 1858 2610 1898 me
2644 1841 2878 1913 Spiritus
2919 1839 3218 1896 Paraclitus
3257 1839 3320 1893 dc

1748 1940 2080 2012 spiritalibus
2109 1937 2273 1992 animi
2295 1937 2398 1990 mei
2427 1933 2833 1997 tentationibus,
2857 1939 3126 2002 quatenus
3162 1929 3324 1999 digna

61 2041 168 2096 gno
189 2001 371 2080 cordis
393 2023 496 2077 mei
519 2023 802 2086 desiderio,
844 2021 1146 2076 nullatenus
1175 2027 1226 2072 te
1252 2017 1368 2087 plus
1393 2026 1647 2084 peccasse
1679 2001 1724 2060 Β
1750 2001 1810 2086 εξ,

1576 2026 1647 2067 ise
1679 2001 1724 2060 Β
1750 2032 1820 2086 sit
1839 2030 2017 2085 anima
2051 2044 2169 2083 mea
2199 2041 2468 2082 summum
2495 2027 2718 2088 bonum,
2744 2023 2798 2078 id
2829 2031 2912 2078 est
2948 2021 3117 2077 Deum
3140 2036 3325 2074 verum

63 2119 117 2173 in
145 2115 393 2172 custodia
421 2114 677 2184 regularis
703 2114 828 2167 vita:
863 2126 1024 2181 quam
1047 2107 1444 2165 exhortatorias
1463 2104 1647 2158 volen-

63 2209 211 2263 tibus
237 2204 402 2261 edere
426 2206 660 2260 chartas.
696 2202 999 2258 Vulnerasti
1027 2199 1294 2269 siquidem
1323 2212 1417 2251 cor
1442 2208 1642 2253 meum,

63 2299 160 2352 sed
191 2297 239 2351 si
273 2303 486 2366 tempus
523 2292 772 2349 medendi
810 2292 983 2346 adhuc
1005 2290 1122 2344 ﬁeri
1149 2287 1346 2351 valeat,
1374 2301 1503 2340 sana
1525 2283 1646 2336 vul-

63 2404 169 2442 nus
207 2385 492 2443 charitatis
535 2385 764 2448 calamo,
798 2398 866 2437 ne
910 2388 1187 2451 putrescat
1223 2380 1275 2434 in
1327 2376 1502 2448 pejus.
1532 2373 1647 2427 Non

63 2481 213 2534 enim
255 2480 356 2534 tibi
405 2486 529 2532 sunt
558 2478 738 2547 indiga
787 2477 1183 2546 pigmentorum
1225 2484 1424 2540 genera
1456 2479 1650 2535 magno

63 2570 302 2626 emenda
328 2569 524 2639 pretio,
558 2582 657 2621 nec
682 2581 805 2620 cum
835 2563 1076 2633 periculo
1119 2576 1210 2615 cor
1256 2559 1427 2614 leonis
1468 2565 1652 2610 extra-

65 2661 312 2718 hendum
337 2676 353 2725 ;
387 2657 482 2714 sed
503 2657 650 2727 aperi
672 2672 767 2711 cor
788 2653 1071 2710 charitatis
1105 2661 1230 2714 tuae,
1255 2657 1312 2704 et
1351 2648 1514 2715 irriga
1544 2661 1654 2700 cm-

64 2755 226 2813 lestis
256 2767 381 2808 rore
417 2749 808 2806 benedictionis
834 2747 1042 2802 arentia
1077 2744 1255 2800 cordis
1281 2741 1385 2796 mei
1415 2754 1561 2803 rura,
1595 2746 1655 2791 ut

64 2859 293 2914 semper
319 2854 580 2913 generare
615 2840 834 2907 incipiat
862 2836 1057 2906 prioris
1094 2834 1242 2905 pacis
1270 2842 1324 2887 et
1356 2829 1658 2886 concordia:

65 2935 238 3008 [deest
266 2931 504 2996 fructus,
542 2928 616 2984 vel
643 2926 854 2998 simile].
884 2926 1134 2994 Nunquid
1159 2939 1266 2978 non
1293 2937 1378 2976 me
1399 2933 1425 2962 ι
1451 2919 1656 2974 familia

68 3025 254 3100 sancti
295 3022 439 3077 Petri
486 3029 538 3076 te
579 3021 830 3075 hortante
855 3025 908 3074 et
935 3017 1276 3087 deprecante,
1307 3013 1361 3066 in
1392 3011 1656 3080 gremium

66 3114 436 3172 fraternitatis
481 3127 594 3167 suae
635 3109 904 3181 suscepit,
954 3107 1109 3178 quasi
1139 3121 1303 3160 unum
1335 3121 1400 3159 ex
1435 3102 1574 3156 illis?
1600 3100 1658 3155 Si

65 3211 254 3264 amico
277 3209 534 3277 prodesse
563 3204 810 3272 timuisti,
834 3215 1003 3270 quare
1023 3215 1130 3254 non
1157 3197 1308 3252 fratri
1332 3203 1387 3252 et
1408 3193 1660 3249 consocio

64 3299 450 3371 germanitatis
475 3281 620 3350 tum?
642 3292 890 3362 Nunquid
915 3289 1177 3360 regularis
1197 3285 1512 3342 constrictio
1535 3298 1660 3352 pro-

67 3393 226 3446 hibet
257 3397 311 3442 te
355 3386 580 3442 fratrem
625 3381 896 3458 exhortari
951 3378 1140 3433 tuum?
1193 3376 1300 3430 Aut
1348 3374 1543 3440 falsum
1573 3379 1657 3426 est

66 3479 221 3552 quod
245 3477 601 3550 promisistis,
637 3482 730 3530 aut
759 3487 946 3528 verum
987 3481 1071 3526 est
1111 3468 1253 3539 quod
1298 3475 1354 3522 tu
1386 3465 1452 3520 de
1492 3462 1658 3517 fratre

66 3578 214 3628 bene
240 3583 349 3623 non
388 3566 584 3622 fecisti.
1606 3580 1610 3584 η

145 3659 260 3715 Sed
298 3667 508 3722 cessent
536 3654 936 3725 quaerimoniae,
972 3651 1102 3707 ﬁant
1141 3650 1423 3707 charitatis
1468 3649 1658 3706 solatia

69 3753 222 3806 inter
251 3750 466 3814 fratres,
514 3747 631 3802 sine
659 3761 763 3816 qua
789 3744 922 3800 nihil
963 3745 1072 3798 Deo
1112 3743 1326 3812 placere
1347 3742 1578 3812 poterit;
1607 3748 1662 3795 et

69 3845 117 3897 si
159 3843 237 3897 sit
276 3841 330 3894 in
358 3838 540 3904 corde,
585 3847 908 3909 agnoscatur
947 3849 1111 3903 opere
1146 3849 1162 3886 :
1199 3833 1245 3887 si
1276 3833 1420 3886 intus
1451 3832 1658 3894 ardeat,

72 3934 215 3989 foris
242 3930 461 4001 fulgeat.
486 3927 611 3984 Ideo
639 3927 871 3996 Spiritus
890 3933 1108 3990 sanctus
1130 3923 1332 3979 missus
1347 3930 1430 3975 est
1458 3921 1513 3975 iu
1541 3933 1662 3989 spe-

71 4029 158 4080 cie
189 4023 334 4095 ignis
354 4034 410 4077 et
432 4021 758 4089 linguarum,
786 4026 847 4072 ut
877 4017 1020 4087 quod
1050 4017 1194 4070 intus
1219 4014 1371 4068 ardet
1392 4014 1446 4068 in
1475 4013 1657 4076 corde,

73 4120 230 4174 foras
262 4115 400 4170 ferat
418 4114 474 4168 in
503 4114 668 4168 verbo
688 4112 949 4177 Charitas,
971 4117 1032 4164 ut
1057 4118 1215 4179 poeta
1243 4106 1438 4190 cecinit
1471 4123 1483 4158 :

175 4245 428 4298 ﬂentibus
444 4244 590 4293 instat
610 4254 763 4305 amor,
787 4242 1097 4292 sermonibus
1118 4243 1294 4290 aestuat
1312 4239 1474 4287 ardor.

149 4372 272 4443 Ego
312 4368 559 4425 militaris
581 4366 793 4439 cingulo
820 4365 1018 4422 laboris
1043 4363 1286 4436 deposito
1312 4365 1528 4434 quietus
1553 4364 1664 4420 Deo

73 4465 294 4522 servire
317 4462 647 4526 desiderans,
666 4461 904 4514 nimium
933 4458 1173 4529 trepidus
1194 4465 1531 4528 exspectans,
1556 4471 1663 4525 qua

75 4559 223 4612 hora
249 4553 466 4607 dicatur
507 4552 638 4606 mihi
667 4566 682 4605 :
712 4551 864 4620 aperi
891 4549 1144 4620 pulsanti,
1175 4549 1372 4604 festina
1397 4548 1464 4602 ad
1495 4547 1665 4601 tribu-

76 4646 172 4700 nal
213 4641 415 4711 inditis
457 4641 566 4703 tui,
600 4649 659 4694 ut
687 4641 874 4694 audias
916 4640 1177 4709 quidquid
1213 4648 1463 4708 operatus
1508 4635 1660 4708 [Δίκη

75 4727 352 4803 operasti]
383 4729 436 4782 in
480 4729 588 4782 vita
630 4736 718 4782 tua
746 4727 914 4782 fuisti.
959 4727 1018 4781 Si
1053 4735 1127 4793 te,
1156 4727 1228 4782 an
1251 4727 1354 4790 mi,
1380 4711 1665 4796 superstite

79 4825 204 4878 haec
230 4821 369 4875 hora
400 4818 651 4874 adveniat
673 4818 858 4884 Patri,
897 4825 958 4873 tu
982 4832 1109 4873 vero
1133 4833 1257 4873 cum
1286 4817 1392 4872 tuis
1417 4818 1666 4874 omnibus

79 4912 266 4970 fidelis
290 4910 615 4966 intercessor
634 4909 842 4974 adesto,
863 4916 924 4964 ut
943 4908 1091 4965 diras
1111 4908 1476 4965 accusantium
1503 4906 1666 4965 facies

78 5007 346 5068 evadere,
375 5003 484 5057 Deo
501 5000 626 5058 Iesu
649 5005 958 5080 miserante,
984 5003 1212 5070 valeam,
1229 5004 1316 5060 cui
1341 5003 1459 5060 laus
1479 5012 1534 5060 et
1556 5005 1668 5076 glo-

80 5098 167 5152 ria
191 5092 442 5150 omnium
469 5091 730 5146 bonorum
756 5090 996 5162 suorum,
1038 5109 1158 5162 qua:
1182 5109 1287 5148 non
1318 5094 1491 5149 solum
1511 5094 1664 5159 mihi,

79 5187 187 5242 sed
229 5182 382 5239 omni
425 5181 661 5236 humano
687 5149 868 5251 geuleri
896 5149 1031 5235 mira
1055 5149 1304 5236 contulit
1338 5185 1557 5252 pietate.
1588 5149 1668 5238 Tu

82 5291 246 5342 vero,
277 5274 355 5332 illi
396 5273 726 5337 charissime,
756 5264 1011 5344 prospere
1035 5273 1323 5344 proficiens
1361 5282 1416 5329 et
1440 5274 1670 5330 feliciter

85 5371 286 5427 vivens
314 5367 487 5422 valeto
511 5368 565 5422 in
589 5374 871 5422 aeternum.

167 5619 196 5648 ι
229 5602 466 5659 Familia
514 5601 574 5672 S.
620 5603 784 5658 Petri.
839 5603 952 5658 Hoc
996 5610 1078 5658 est
1109 5606 1492 5672 monasterium
1534 5608 1668 5663 Cor-

89 5678 322 5752 Daicuse
362 5681 518 5727 vetus
546 5673 600 5726 in
645 5672 816 5752 gallis
839 5673 1151 5752 inﬁdiogcesi
1192 5671 1559 5752 ambianensi,
1602 5679 1664 5732 D.

90 5749 264 5817 petra
293 5758 558 5817 εςικξιςιιιιιςΔ
579 5743 731 5817 cujus
773 5743 1110 5800 Adalhardus
1136 5743 1318 5815 primo
1350 5748 1666 5817 monachus,

0 5883 2 5890 ι
94 5816 300 5890 deinde
333 5813 503 5890 abbas
531 5811 650 5890 fuit.

173 5888 202 5926 δ
239 5886 469 5941 Froben.
502 5882 659 5952 epist.
685 5880 801 5952 Si;

180 5973 203 5997 τ
235 5955 466 6013 Froben.
495 5950 648 6024 epist.
679 5950 797 6006 252.

1746 2136 1930 2176 amare
1955 2129 2011 2174 et
2047 2119 2268 2173 laudare
2291 2135 2305 2182 ;
2334 2115 2460 2185 quia
2495 2116 2609 2169 haec
2633 2122 2716 2168 est
2744 2113 2985 2182 angelica
3009 2111 3146 2174 vita;
3178 2125 3325 2164 sem-

1746 2219 1842 2280 per
1862 2209 2040 2264 ethoc
2061 2215 2226 2278 agunt
2261 2205 2482 2277 jngiter,
2513 2204 2654 2275 quod
2679 2204 2834 2257 nobis
2862 2215 3082 2256 necesse
3108 2207 3188 2255 est
3221 2215 3326 2254 Stc-

1747 2286 1868 2370 pius
1898 2311 2058 2368 agere
2090 2312 2105 2350 :
2132 2296 2198 2350 Et
2221 2297 2311 2365 qui
2346 2295 2466 2366 plus
2495 2303 2640 2349 amat
2669 2292 2835 2346 Deum
2863 2292 2916 2344 in
2947 2291 3108 2345 terris
3127 2298 3183 2345 et
3210 2290 3328 2344 lau-

1751 2394 1860 2455 dat,
1895 2389 2067 2460 magis
2088 2404 2210 2443 eum
2252 2388 2417 2442 habet
2436 2387 2488 2440 in
2512 2384 2681 2440 caelis.
2711 2381 2900 2438 Infelix
2930 2393 3014 2438 est
3040 2383 3155 2436 haec
3198 2381 3326 2442 vita,

1751 2491 1806 2536 et
1849 2490 1958 2536 tota
1984 2479 2239 2552 a;rumnis
2282 2477 2472 2548 plena;
2504 2491 2611 2530 non
2641 2483 2724 2530 est
2760 2474 2913 2529 nobis
2959 2473 3105 2528 salus
3133 2472 3235 2527 nisi
3276 2473 3330 2526 iu

1753 2569 1983 2622 Domino
2002 2568 2113 2621 Deo
2135 2566 2368 2629 Christo,
2391 2579 2552 2632 quem
2579 2572 2669 2618 tua
2697 2579 2910 2632 semper
2932 2563 3144 2619 devotio
3165 2573 3350 2626 amet,.

1753 2658 1934 2713 laudet
1953 2666 2007 2712 et
2034 2657 2289 2726 praedicet
2311 2672 2325 2720 ;
2348 2666 2403 2710 et
2426 2656 2480 2708 in
2504 2654 2837 2709 orationibus
2860 2654 2968 2708 tuis
2993 2653 3193 2708 sanctis
3212 2669 3344 2707 con.-

1754 2765 1938 2807 servos
1964 2758 2088 2804 tuos
2116 2762 2330 2819 semper
2357 2746 2572 2815 adjuva,
2603 2754 2657 2800 et
2695 2760 2782 2800 me
2823 2731 3058 2799 maxime
3087 2751 3336 2814 peccato-

1756 2860 1888 2908 rem,
1924 2858 2082 2912 quem
2108 2841 2283 2898 Patris
2311 2840 2544 2906 nomine,
2564 2839 2692 2895 licet
2709 2838 3007 2910 indignum,
3038 2835 3332 2899 dedicasti;

1755 2941 1810 2987 et
1835 2931 2009 2987 saluta
2047 2932 2244 2985 fratres
2268 2940 2502 2992 nostros,
2541 2928 2938 2984 commilitones
2962 2935 3084 2984 tuos
3105 2969 3118 2993 ,
3149 2942 3213 2982 es
3238 2944 3335 2980 uo-

1756 3022 1855 3077 stri
1886 3021 2122 3076 nominis
2145 3019 2324 3074 ofllcio
2342 3060 2357 3083 ,
2380 3027 2430 3072 et
2473 3019 2779 3087 specialiter
2803 3032 2915 3083 eos,
2942 3032 3080 3087 quos
3100 3001 3332 3072 familia-

1759 3112 1871 3166 rius
1899 3126 1998 3165 nos
2023 3109 2274 3164 dilexisse
2312 3109 2473 3169 scias.
2513 3107 2622 3162 Vos
2650 3120 2777 3160 vero
2801 3120 2988 3160 omnes
3021 3105 3076 3160 in
3100 3103 3335 3161 fraterna

1761 3201 2024 3258 charitate
2052 3208 2106 3256 et
2157 3201 2210 3253 in
2261 3199 2465 3253 unitate
2493 3198 2642 3270 pacis
2686 3203 2887 3252 sancta:
2914 3196 3092 3251 divina
3137 3196 3333 3265 gratia,

1764 3294 1816 3348 in
1862 3301 2180 3366 perpetuum
2224 3290 2496 3346 custodire
2523 3289 2804 3360 dignetur,
2845 3287 3179 3344 dilectissimi
3223 3285 3336 3341 fra-

1762 3383 1902 3436 tres!

2223 3473 2242 3494 ⁹
2281 3468 2614 3526 EPISTOLA
2650 3468 2870 3525 CXCIII.

2355 3559 2740 3631 litigmntica.

1829 3652 1854 3692 ἀ
1883 3653 2113 3708 Antonio
2142 3651 2362 3707 Paulus.

1831 3741 2107 3795 Venerunt
2128 3742 2260 3795 mihi
2285 3741 2475 3796 litterae
2496 3750 2651 3797 sexto
2669 3741 2793 3796 Idus
2805 3741 3055 3808 Quintilis
3076 3743 3144 3797 ad
3161 3755 3184 3783 ε
3201 3741 3336 3798 Uui-

1758 3849 1865 3895 cos,
1902 3831 2098 3904 gaudio
2136 3831 2309 3900 plenae
2350 3831 2418 3886 de
2452 3846 2572 3890 meo
2597 3839 2654 3886 et
2679 3833 2748 3886 de
2789 3841 2902 3897 tuo,
2930 3842 2986 3887 et
3025 3834 3092 3888 de
3121 3841 3340 3887 nonter-

1758 3925 1905 3979 mino
1949 3923 2060 3996 [Ita
2097 3940 2236 3990 ms.;
2277 3923 2344 3995 f.,
2394 3922 2628 3979 nominis
2671 3921 2957 3996 termino],
3009 3939 3129 3993 qua:
3170 3923 3223 3977 in
3252 3939 3340 3978 mo
3386 3962 3390 3966 ς

1759 4029 1930 4084 usque
1978 4014 2136 4070 modo
2180 4022 2518 4080 manserunt,
2557 4021 2613 4069 et
2657 4030 2912 4071 mansura
2939 4024 3117 4080 erunt,
3153 4015 3339 4079 credo,

1760 4102 1887 4158 licet
1920 4103 2207 4159 durissime
2251 4117 2447 4174 passus
2484 4118 2656 4159 essem
2685 4104 3026 4174 prtesentiam
3062 4103 3340 4168 absentiae,

1761 4201 1817 4246 et
1843 4191 2143 4246 absentiam
2167 4192 2485 4262 praesentia.
2511 4191 2589 4247 De
2612 4192 2922 4248 visitatione
2946 4208 3077 4260 vero
3100 4192 3341 4250 fraterna

1761 4283 1957 4352 saepius
1984 4281 2126 4338 volui
2168 4283 2462 4338 secundum
2499 4285 2953 4354 opportunitatem
2981 4285 3218 4351 itineris;
3247 4286 3342 4342 sed

1761 4373 2000 4428 secunda
2036 4374 2092 4428 in
2136 4374 2451 4444 pronomine
2498 4388 2732 4445 persona
2767 4375 2968 4446 Optime
3003 4377 3171 4443 novit,
3199 4377 3342 4432 unde

1762 4465 2050 4529 remansit;
2080 4464 2187 4518 imo
2209 4462 2440 4517 necdum
2465 4478 2718 4534 agnoseo,
2749 4466 3015 4533 quomodo
3037 4465 3152 4521 fieri
3173 4466 3345 4538 possit

1762 4552 1882 4605 hoc.
1916 4551 2084 4615 Scito,
2109 4550 2253 4619 quod
2287 4550 2479 4604 littera:
2530 4551 2901 4606 tantummodo
2935 4568 3042 4607 non
3069 4552 3344 4610 sufﬁciunt

1767 4640 1836 4694 ad
1862 4653 2051 4695 meum
2095 4648 2152 4695 et
2188 4647 2338 4695 tuum
2383 4638 2532 4712 (quia
2571 4641 2684 4696 hmc
2727 4650 2874 4708 sunt,
2915 4657 3037 4712 qua
3080 4626 3340 4699 mundum

1697 4699 1744 4760 D
1768 4729 2068 4801 destruunt)
2099 4729 2145 4783 si
2193 4744 2300 4784 non
2348 4699 2577 4785 aderunt
2609 4745 2709 4801 ego
2732 4738 2790 4787 et
2808 4699 2885 4786 ω’.
2917 4699 3204 4803 IIuwsque
3231 4741 3343 4789 tres

1768 4820 1959 4874 littera:
1983 4819 2037 4873 in
2073 4819 2292 4874 tristitia
2330 4818 2566 4886 fuerunt,
2606 4820 2956 4895 duobus[F.,
2979 4821 3212 4898 duabus]
3238 4825 3342 4881 hoc

1769 4904 2122 4975 facientibus;
2151 4908 2248 4963 sed
2288 4917 2492 4981 septem
2518 4910 2709 4965 omnia.
2727 4910 3010 4979 sufferunt,
3041 4913 3212 4970 donec
3245 4931 3341 4970 sex

1768 5009 1960 5057 etocto
1988 5000 2144 5058 simul
2169 5001 2456 5071 gaudeant,
2487 5010 2544 5057 et
2579 5011 2786 5074 septem
2818 5011 2962 5059 stent
2992 5005 3045 5059 in
3072 5004 3337 5069 locosuo,

1767 5095 1894 5164 quia
1924 5109 1956 5148 a
1980 5094 2178 5148 senarii
2209 5094 2420 5148 numeri
2446 5094 2776 5164 perfectione
2793 5109 2891 5166 per
2913 5095 3198 5167 septenarii
3218 5110 3340 5164 gra.

1768 5185 1899 5238 tiam
1948 5183 2017 5237 ad
2047 5181 2743 5240 octonarii‘beatitudinem
2784 5185 3128 5249 ascenditur;
3163 5194 3218 5238 et
3244 5184 3342 5241 fiat

1767 5274 1946 5328 unitas
1964 5272 2123 5342 primi
2146 5281 2202 5327 et
2230 5273 2457 5327 extremi
2491 5287 2587 5343 per
2607 5274 2970 5336 medietatem,
2998 5273 3123 5342 quia
3143 5285 3338 5331 cuncta

1770 5367 1824 5420 in
1850 5367 2121 5423 creaturis
2151 5366 2322 5421 tribus
2368 5365 2487 5419 istis
2512 5365 2754 5420 terminis
2779 5364 2848 5418 ad
2867 5365 3124 5420 unitatem
3148 5380 3340 5436 perve-

1768 5461 1953 5528 niunt;
1978 5467 2034 5516 et
2057 5460 2102 5514 si
2133 5458 2388 5513 tolluntur
2412 5455 2477 5510 de
2509 5454 2682 5511 medio
2707 5471 2895 5522 unum,
2918 5456 2982 5512 de
3005 5456 3190 5514 ultimo
3209 5459 3333 5528 duo,

1836 5611 1864 5652 ἀ
1897 5611 2120 5666 Antonio
2153 5606 2371 5662 Paulus.
2399 5605 2523 5680 llzec
2552 5608 2766 5680 nomina
2795 5617 2855 5663 et;
2889 5609 3059 5680 ipsum
3101 5610 3338 5680 epistola:

1770 5687 2151 5752 argumentum
2165 5691 2312 5730 mere
2338 5677 2842 5752 aenigmaticasunt,
2866 5673 3077 5752 quibus
3090 5673 3340 5738 evolven-é

1769 5747 1860 5806 dis
1881 5747 2153 5817 immorari
2181 5761 2358 5817 opera:
2397 5747 2628 5817 pretium
2678 5747 2818 5802 haud
2859 5747 3037 5803 fuerit.

1843 5831 1865 5859 ε
1896 5816 1942 5871 U
1947 5819 2108 5870 uicos.
2133 5815 2241 5887 Seu
2266 5815 2470 5887 “licus,
2495 5816 2628 5871 cella
2649 5818 2915 5873 maritima
2939 5817 2996 5874 S.
3025 5819 3231 5887 Jodoci,
3247 5838 3340 5877 cu-

1778 5905 1844 5944 re
1870 5886 2408 5962 .llcttini_i_n_Galliam
2439 5887 2701 5962 venientis
2729 5905 2756 5962 ξι
2781 5889 3183 5962 βιιτοιοίΜρςηο
3209 5886 3338 5962 ωηο

1775 5957 2050 6015 creditum.
2084 5957 2201 6012 \‘id.
2235 5966 2387 6012 notas
2415 5958 2649 6030 epistola:
2684 5959 2754 6016 59
2779 5958 2938 6033 (nunc
2965 5961 3051 6028 Il)
3084 5957 3148 6016 wet
3186 5960 3326 6014 alibi.
