4428 6404
131 489 236 549 ιω
828 512 831 515 .
1075 460 1085 465 '
1545 464 1916 523 ειιιετοιηε.
2472 466 2479 475 ·
3245 460 3347 514 uo

135 601 310 653 animo
343 592 394 665 (ι
417 590 538 647 Cor.
570 606 668 654 vn,
697 587 809 659 δι),
839 593 895 641 et
924 582 994 641 sit
1030 582 1186 651 digna
1224 578 1438 633 Christo
1465 590 1687 665 sponsa;
1720 579 1770 638 Α
1793 573 1886 629 sed
1914 572 2063 643 larga
2108 579 2287 628 mente
2322 572 2376 627 in
2419 573 2658 627 membra
2701 571 2783 626 sui
2822 570 3109 625 distribuat
3149 572 3351 641 sponsi.

139 662 364 743 cantans
390 680 626 751 quotidie
655 696 667 730 :
696 675 928 729 Dilectus
958 687 1100 725 meus
1128 668 1255 722 mihi
1290 676 1339 721 et
1367 682 1459 735 ego
1479 664 1577 729 illi,
1611 664 1700 732 qui
1797 662 2036 719 Geminis
2058 704 2072 726 ,
2103 663 2381 718 charitatis
2418 663 2623 718 scilicet
2662 670 2717 717 et
2747 662 3007 717 castitatis
3035 662 3251 731 pennis,
3288 663 3357 719 ad

139 774 376 846 pascitur
403 750 538 823 inter
562 765 673 819 lilia
702 762 876 837 (Cant.
908 776 969 823 ιι,
997 757 1117 827 16);
1148 755 1201 810 id
1219 762 1320 819 est,
1344 755 1485 807 inter
1510 750 1704 806 cando—
1801 753 1908 808 alta
1936 752 2195 809 caelorum
2242 768 2404 822 regna
2453 753 2764 808 transvolet.
2810 752 2919 806 Nec
2964 753 3133 821 virgo,
3179 752 3361 807 carnis

143 841 258 920 rem
287 857 624 931 virginitatis.
652 854 853 908 Memor
878 857 995 905 esto
1020 847 1254 917 virgines
1274 859 1393 899 esse
1418 842 1706 911 prudentes
1804 842 2244 911 concupiscentia:
2271 841 2496 896 vinculis
2523 841 2716 906 libera,
2745 842 2981 897 avaritia:
3004 841 3208 910 laqueis
3230 855 3359 896 con-

142 962 197 1007 et
241 928 434 1003 fatuas.
484 945 542 998 Si
572 942 821 1009 antiquus
861 937 1029 992 bosﬁs
1062 936 1115 988 in
1162 943 1214 987 te
1251 932 1387 1001 ipsa,
1436 930 1490 984 id
1520 937 1621 992 est,
1654 928 1708 980 in
1806 931 2120 1001 stringatur,
2149 931 2242 985 sed
2272 931 2353 984 sui
2386 931 2551 1000 ipsius
2573 931 2787 995 victrix,
2821 932 2983 986 etiam
3013 930 3188 984 saeculi
3216 931 3361 1000 igna-

142 1052 369 1109 corpore
408 1045 498 1089 tuo
539 1028 847 1086 tentationis
884 1027 1058 1079 locum
1096 1038 1203 1077 non
1246 1018 1466 1082 invenit,
1491 1016 1710 1072 omnino
1807 1019 1913 1082 via,
1945 1018 2221 1087 cupiditati
2268 1016 2421 1090 [Cod.
2480 1017 2619 1083 Sal.,
2664 1020 2853 1088 ignava
2896 1018 3207 1091 cupiditate]
3257 1032 3365 1074 non

144 1130 387 1187 exterius
425 1124 633 1194 quaerit,
674 1118 941 1189 quomodo
974 1116 1137 1169 animi
1172 1110 1537 1166 fortitudinem
1559 1121 1713 1161 ener—
1810 1113 2119 1168 succumbat
2165 1128 2181 1163 ε
2228 1112 2321 1166 sed
2348 1112 2451 1168 sibi
2487 1112 2867 1168 misericordiae
2900 1112 3171 1181 operibus,
3215 1113 3369 1181 quasi

147 1237 280 1278 vare
306 1220 512 1283 valeat;
555 1215 640 1269 cui
676 1212 801 1267 forti
846 1211 1025 1264 animo
1064 1202 1421 1279 resistendum
1456 1206 1558 1253 est.
1592 1196 1714 1250 Νοη
1814 1203 1977 1257 ramis
2034 1202 2331 1257 virentibus
2356 1242 2371 1267 ,
2422 1203 2478 1255 in
2520 1218 2700 1256 arcem
2754 1204 2990 1258 celestis
3036 1203 3367 1257 Hierusalem

145 1323 269 1370 sunt
308 1312 466 1373 enim,
501 1307 577 1360 ait
612 1304 806 1357 Doctor
845 1297 1110 1369 egregius,
1138 1292 1407 1359 condignis
1453 1287 1715 1373 passiones
1814 1294 1955 1346 viam
2000 1299 2237 1356 sternat,
2266 1291 2356 1345 ubi
2396 1288 2641 1346 laudibus
2667 1300 2887 1361 excepta
2915 1292 3166 1361 angelicis
3193 1292 3371 1369 magni

147 1401 310 1470 hujus
348 1372 587 1465 temporis
610 1392 678 1445 ad
699 1395 1118 1459 superventuram
1138 1372 1719 1470 gloriam,quterevel_a-

149 1463 291 1545 bitur
305 1490 361 1541 in
382 1463 525 1540 nobis
551 1483 725 1553 (Rom.
743 1496 857 1542 vm,
876 1476 990 1545 18);
1015 1474 1141 1529 dum
1167 1470 1399 1525 revelata
1421 1466 1555 1519 facie
1576 1463 1720 1517 vide-

148 1580 291 1633 bitur
316 1575 455 1628 Deus
478 1574 691 1626 deorum
714 1571 767 1621 in
789 1566 917 1622 Sion
940 1563 1108 1636 (Psal.
1127 1576 1352 1623 Lxxxul,
1368 1558 1443 1628 8).
1460 1556 1525 1609 Et
1548 1554 1718 1621 virgo,

148 1678 456 1737 quocunque
474 1661 610 1723 ierit,
632 1672 799 1726 agnus
817 1655 1060 1723 sequitur
1078 1665 1196 1705 eam
1219 1650 1399 1721 (Apoc.
1430 1661 1539 1709 xiv,
1565 1643 1641 1712 Α).

415 1772 456 1822 0
482 1772 679 1819 nimium
699 1766 837 1824 felix,
857 1766 931 1814 cui
956 1776 1048 1812 nec
1072 1760 1255 1810 felicior
1275 1757 1420 1807 ullus.

156 1875 290 1941 Quae
314 1874 471 1927 beata
502 1870 593 1923 Dei
621 1867 891 1922 Genitrice
918 1864 1141 1919 ducente
1166 1859 1346 1915 omnia
1387 1863 1591 1911 secreta
1613 1868 1721 1908 cm-

155 1964 309 2018 lestis
346 1959 494 2031 regni
530 1958 730 2011 intrare
769 1954 1060 2008 merebitur
1084 1948 1394 2019 penetralia.
1426 1945 1541 2001 Non
1568 1951 1726 1998 nocet

158 2053 389 2106 multum
409 2049 549 2119 quod
574 2048 675 2100 iter
696 2044 950 2113 perlicere
976 2056 1079 2095 non
1100 2039 1311 2093 valuisti
1333 2036 1473 2106 quod
1493 2035 1721 2103 coepisti,

162 2143 275 2197 Deo
302 2138 504 2209 aliquid
542 2136 731 2191 melius
755 2133 1063 2204 providente
1089 2130 1203 2184 tibi.
1236 2126 1486 2198 Expende
1519 2126 1571 2179 in
1594 2139 1727 2194 pau-

158 2250 352 2306 perum
392 2232 609 2293 solatia,
658 2228 798 2297 quoi
836 2228 889 2279 in
925 2224 1055 2279 tanti
1096 2221 1301 2277 itineris
1334 2219 1587 2273 viaticum
1631 2215 1726 2268 tibi

158 2304 498 2396 praeparasti.
544 2321 618 2373 Da
664 2320 805 2388 quod
847 2316 1034 2379 babes,
1083 2322 1143 2366 ut
1182 2311 1427 2379 accipere
1473 2304 1728 2360 merearis

160 2416 307 2485 quod
327 2421 500 2480 optas.
523 2409 727 2463 llabeto
744 2407 858 2474 ejus
882 2404 1109 2472 pleniter
1133 2402 1185 2454 in
1214 2398 1375 2453 corde
1391 2396 1727 2485 charitatem,

160 2484 325 2576 quem
370 2500 701 2557 defensorem
738 2496 1000 2565 tibi'petis
1035 2498 1087 2545 in
1118 2488 1476 2544 tribulatione.
1508 2484 1623 2538 Non
1650 2492 1732 2538 est

162 2575 380 2655 diabolo
405 2593 576 2648 facilis
597 2590 827 2645 vastatio
854 2585 1124 2647 domicilii,
1156 2583 1210 2635 in
1234 2596 1338 2649 quo
1360 2585 1442 2633 est
1475 2575 1732 2631 habitatio

163 2686 406 2751 Christi;
448 2700 479 2737 a
503 2682 655 2751 cujus
678 2679 837 2732 latere
861 2676 1042 2730 cadent
1070 2672 1208 2727 mille
1233 2681 1279 2724 et
1311 2670 1484 2723 decem
1511 2665 1676 2720 millia
1700 2682 1734 2717 α

162 2777 368 2831 dextris
395 2774 510 2843 ejus
536 2770 705 2843 (Psal.
745 2783 832 2831 xc,
854 2767 929 2833 7).
975 2765 1126 2818 Illum
1166 2762 1365 2815 habeas
1393 2768 1518 2827 opto
1540 2771 1735 2811 conso-

169 2866 403 2918 latorem
444 2862 497 2913 in
530 2858 675 2913 omni
703 2854 1183 2935 tribulationetua,
1217 2864 1376 2917 quem
1400 2847 1623 2902 habebis
1654 2860 1739 2899 re-

172 2961 569 3009 muneratorem
593 2948 754 3002 tutius
774 2943 1101 3016 poenitentia:
1122 2950 1243 2995 tum.
1268 2938 1490 3008 Respice
1513 2937 1567 2990 in
1589 2949 1735 2998 eum,

170 3044 267 3113 qui
288 3042 405 3095 ait:
428 3038 702 3107 Conﬁdite,
736 3052 827 3105 ego
866 3034 960 3089 uici
986 3030 1235 3085 mundum
1265 3028 1444 3100 (Joan.
1473 3042 1587 3089 xvr,
1624 3024 1736 3093 33).

169 3133 322 3187 Illius
347 3138 400 3185 te
424 3138 621 3183 aeterna
658 3124 893 3195 potestas
916 3124 969 3175 in
992 3121 1136 3175 omni
1162 3118 1501 3173 tribulatione
1525 3116 1741 3169 vincere

1818 1382 2151 1451 imperatoris
2176 1380 2463 1435 thalamum
2488 1391 2686 1435 aeterna
2710 1381 3076 1435 introducatur
3103 1382 3307 1435 Lntitia.

1890 1472 1960 1526 Ut
1984 1472 2085 1525 hoc
2110 1470 2225 1525 fieri
2256 1471 2443 1534 valeat,
2476 1471 2694 1541 vigilare
2718 1471 2876 1525 debet
2908 1471 3066 1539 hujus
3091 1471 3375 1539 inquisitor

1822 1563 2141 1630 margarita},
2168 1577 2273 1615 non
2318 1562 2524 1616 inertiae
2569 1563 2775 1631 sopitus
2816 1577 3003 1617 somno
3043 1562 3375 1616 dormitare:

1824 1656 1931 1709 imo
1953 1653 2144 1721 saepius
2168 1653 2497 1707 orationibus
2526 1654 2803 1707 nocturnis
2830 1652 2913 1707 vel
2942 1654 3145 1708 diurnis
3169 1654 3381 1723 pulsare

1819 1744 2011 1813 januas
2038 1750 2305 1812 perpetuae
2340 1742 2599 1805 civitatis;
2642 1750 2695 1796 et
2725 1740 2946 1815 veniens
2977 1749 3191 1810 apertas
3227 1742 3378 1796 inve—

1828 1834 1968 1897 niet,
2012 1847 2144 1902 quas
2186 1832 2411 1899 quisque
2453 1832 2520 1885 ab
2560 1831 2661 1885 hoc
2711 1830 2911 1885 carnali
2958 1844 3173 1884 carcere
3219 1830 3381 1885 dedu-

1753 1905 1798 1965 Β
1825 1933 1974 1989 ctus,
2026 1925 2249 1979 nimium
2292 1924 2491 1977 intrare
2537 1923 2751 1993 cupiet;
2812 1922 2953 1992 quod
3000 1931 3124 1977 ante
3176 1938 3382 1977 summa

1823 2013 2093 2083 diligentia
2146 2013 2438 2082 praevidere
2486 2012 2686 2077 debet,
2736 2019 2795 2066 ut
2838 2020 3020 2080 portas
3071 2020 3198 2066 tunc
3239 2013 3386 2067 inve-

1823 2104 1936 2157 niat
1978 2110 2222 2171 patentes
2242 2140 2257 2166 ,
2287 2100 2659 2169 angelicosque
2693 2102 2887 2155 choros
2912 2101 3263 2169 suscipientes
3288 2102 3383 2155 ob-

1824 2195 1929 2248 viis
1952 2193 2198 2247 manibus
2234 2192 2466 2245 animam
2498 2192 2565 2245 ad
2604 2190 2970 2244 deducendum
2996 2190 3056 2244 in
3082 2191 3385 2245 cubiculum

1828 2285 1967 2355 regis
1994 2283 2209 2338 aeternis
2247 2281 2527 2336 fruituram
2554 2278 2788 2348 gaudiis;
2820 2288 3240 2349 perpetuumque
3267 2279 3384 2333 lauo

1828 2374 1910 2428 dis
1929 2386 2146 2426 carmen
2168 2368 2469 2425 decantabit
2492 2368 2546 2421 in
2561 2370 2842 2437 praesentia
2864 2366 2947 2420 sui
2968 2366 3148 2435 sponsi
3171 2366 3352 2420 dicens
3371 2384 3382 2427 ;

1828 2462 2073 2526 Benedic,
2094 2448 2273 2515 anima
2308 2476 2445 2524 mea,
2474 2457 2751 2511 Dominum
2777 2465 2824 2510 et
2848 2456 3020 2509 omnia
3048 2470 3199 2525 opera
3229 2454 3341 2523 ejus
3371 2470 3386 2506 :

1828 2552 1883 2604 in
1927 2552 2067 2604 omni
2104 2548 2218 2603 loco
2253 2550 2621 2603 dominationis
2659 2548 2793 2616 ejus,
2835 2547 3042 2601 benedic
3068 2546 3243 2600 anima
3274 2562 3387 2598 mea

1833 2640 2109 2694 Dominum
2157 2638 2327 2710 (Psal.
2356 2652 2450 2701 cn,
2495 2637 2519 2690 1
2556 2647 2605 2690 et
2633 2636 2746 2705 22).
2778 2635 3173 2703 Vivas,valeas
3209 2643 3264 2691 et
3289 2634 3385 2688 llo-

1833 2744 1973 2796 reas,
2002 2730 2152 2799 virgo
2180 2728 2529 2791 nobilissima,
2552 2727 2607 2782 in
2632 2726 2875 2782 Christo-

2278 2864 2307 2901 δ
2344 2860 2675 2917 EPISTOLA
2710 2860 2960 2917 CXCVIII

2238 2966 2305 3006 ao
2362 2955 2680 3006 uuunnuo‘su
2739 2967 2987 3005 resume

1840 3064 2098 3135 Hortatur
2152 3065 2219 3119 ad
2274 3063 2591 3135 deuotionem
2641 3074 2689 3118 et
2750 3063 2903 3135 citant
2952 3065 3299 3135 exemplorum
3342 3067 3398 3119 in

1872 3134 2066 3206 palatio
2093 3136 2245 3205 regis.
2278 3132 2511 3190 Salutem
2537 3143 2777 3204 precatur
2798 3133 3007 3203 regium,
3033 3142 3079 3186 et
3100 3132 3355 3203 'ngrido.

169 3222 357 3284 faciat,
378 3226 433 3272 et
451 3216 679 3287 palmam
701 3220 969 3283 perpetua:
990 3208 1331 3265 beatitudinis
1350 3206 1591 3319 accipere
1611 3218 1740 3258 con-
1763 3226 1812 3290 c
1913 3245 1918 3297 1

1645 3218 1740 3319 of-
1763 3226 1812 3290 α
1913 3244 2023 3298 Deo
2066 3226 2270 3319 devota;
2312 3240 2523 3297 femina:
2569 3252 2591 3281 α
2648 3240 2950 3295 Hundruda:
2994 3239 3247 3294 Alcuinus
3282 3240 3394 3295 dia-

168 3316 355 3380 cedat,
379 3312 470 3384 qui
489 3313 563 3365 ait
592 3328 605 3363 :
632 3309 777 3363 Dabo
797 3308 843 3360 ei
868 3321 1061 3359 manna
1083 3300 1437 3356 absconditum
1460 3298 1642 3369 (Αροα
1675 3313 1738 3361 ιι,

174 3405 294 3475 17),
333 3402 473 3473 quod
501 3399 679 3455 nullus
706 3398 871 3462 novit,
897 3396 1001 3450 nisi
1024 3394 1114 3462 qui
1136 3392 1424 3462 acceperit.
1449 3389 1655 3454 Valeto,
1687 3388 1740 3441 in

171 3495 326 3553 omni
353 3494 547 3549 virtute
567 3500 621 3547 et
643 3490 902 3560 sapientia
924 3488 1137 3551 florens,
1165 3484 1483 3539 charissima
1508 3481 1635 3535 lilia.

620 3612 647 3641 ι
686 3598 1016 3654 EPISTOLA
1053 3596 1300 3665 cxcvu.

452 3707 519 3746 an
555 3692 736 3745 rtus!
773 3702 1086 3743 SPlRlTALEI
1126 3684 1454 3756 (ευσεβιυς).

175 3781 485 3838 Castitatem
512 3796 628 3834 cum
669 3778 1105 3848 eleemosynarum
1132 3774 1369 3844 largitate
1398 3772 1741 3838 commendat.

250 3873 593 3929 Cbarissimze
629 3855 682 3926 in
718 3870 930 3926 Christo
955 3869 1076 3924 lilia:
1112 3867 1359 3936 Eugeniae
1396 3865 1617 3919 Albinus
1655 3876 1745 3917 sa-

180 3964 374 4018 lutem.

254 4051 438 4105 Placet
468 4050 595 4104 mihi
620 4049 813 4119 saepius
838 4050 891 4103 in
913 4049 1093 4117 parvis
1115 4046 1266 4119 [Cod
1292 4046 1433 4111 Sal.,
1462 4046 1673 4099 tametsi
1695 4045 1749 4097 ia
1798 4052 1805 4060 '

180 4136 397 4209 paucis]
428 4136 639 4201 litteris,
664 4150 771 4191 non
800 4144 979 4190 tamen
1019 4149 1181 4204 parva
1219 4132 1390 4187 cilicia
1414 4132 1749 4186 salutationis

183 4240 296 4285 tua:
317 4228 546 4300 dirigere
572 4228 931 4300 germanitati,
953 4235 1007 4281 et
1027 4226 1131 4280 tuis
1152 4212 1395 4293 ingerere
1414 4222 1750 4294 cogitationi-

178 4323 292 4377 ‘bus
316 4320 692 4375 admonitionis
723 4334 857 4374 mea
880 4359 895 4385 ,
925 4316 1009 4372 vel
1045 4315 1417 4387 promissionis
1445 4322 1551 4369 tua!
1594 4312 1745 4386 [Cod.

187 4412 332 4475 Sal.,
358 4408 578 4481 sancta]
616 4407 922 4465 salutiferas
949 4406 1273 4470 collationes,
1308 4396 1571 4476 quatenus
1595 4403 1751 4459 nobi-

186 4500 453 4555 lissimum
493 4498 814 4567 virginitatis
838 4498 999 4552 decus
1036 4498 1244 4566 integro
1273 4508 1595 4551 conservare
1629 4508 1750 4548 cor-
1778 4520 1785 4567 ς

1842 3347 2007 3389 conus
2035 3320 2293 3387 salutem;

1912 3423 2259 3493 Benignitatis
2289 3430 2391 3477 tua:
2415 3421 2786 3477 salutationem
2826 3430 2883 3476 et
2921 3418 3229 3475 munuscula
3268 3434 3390 3491 gra—

1844 3523 2017 3570 tanter
2056 3512 2270 3582 accepi;
2318 3512 2371 3565 in
2414 3511 2614 3585 quibus
2658 3519 2712 3565 te
2755 3511 2945 3582 agnovi
2997 3509 3222 3565 conditae
3269 3510 3397 3564 olim

1843 3603 2092 3667 amicitia:
2136 3603 2331 3656 bonam
2377 3600 2648 3669 abundare
2701 3598 2903 3672 [Forte,
2933 3598 3149 3673 habere]
3191 3614 3395 3653 memo-

1844 3692 2008 3754 riam;
2060 3689 2288 3743 credens
2314 3694 2529 3757 quoque
2552 3697 2714 3757 tuam
2754 3689 3001 3743 similiter
3026 3703 3129 3743 non
3156 3687 3397 3743 oblivisci

1842 3778 2195 3848 prudentiam,
2229 3756 2458 3846 qualiter
2481 3756 2692 3851 devotio
2719 3790 2835 3829 mea
2865 3784 2917 3829 te
2937 3774 3047 3843 jam
3080 3782 3397 3845 przesentem

1846 3870 1910 3925 de
1932 3867 2194 3924 cbaritate
2221 3853 2524 3931 Christi,‘et
2562 3854 2837 3920 ho‘nestate
2856 3868 2977 3920 viue
2998 3864 3398 3936 diligentissime

1846 3960 2141 4017 admonuit.
2190 3958 2313 4014 Ideo
2358 3973 2464 4013 non
2508 3972 2644 4029 opus
2672 3972 2789 4013 esse
2816 3956 3066 4023 arbitror,
3099 3954 3279 4011 multis
3309 3956 3399 4009 illa

1847 4051 2103 4105 reiterare
2140 4048 2505 4111 sermonibus,
2538 4047 2840 4119 sedpaucis
2876 4048 3159 4118 deposcere
3195 4046 3400 4101 litteru-

1850 4141 1953 4204 lis;
2004 4149 2063 4194 ut
2088 4140 2243 4198 omni,
2276 4139 2407 4193 hora
2436 4140 2518 4192 vel
2566 4148 2836 4195 momento
2866 4137 2979 4201 dies
3014 4140 3066 4193 in
3092 4147 3280 4195 'mente
3307 4139 3400 4193 lia-

1848 4232 1976 4285 beas
2006 4236 2253 4293 aeternos,
2304 4235 2359 4282 et
2400 4242 2667 4297 prmpares
2704 4235 2757 4283 te
2797 4230 2851 4282 in
2894 4228 3162 4283 occursum
3197 4227 3405 4283 Domini

1848 4322 1947 4377 Dei
1974 4322 2050 4375 tui
2079 4319 2258 4393 (Amos
2298 4335 2372 4384 Iv,
2416 4318 2525 4389 12),
2554 4325 2611 4373 ut
2645 4319 2759 4373 sine
2788 4316 2988 4374 timore‘
3013 4318 3193 4374 videre
3228 4319 3409 4375 valeas

1848 4411 2083 4467 Iudicem
2111 4410 2234 4465 vitae
2259 4417 2396 4476 tuae,
2425 4422 2582 4479 quem
2609 4408 2720 4465 to'ta
2747 4408 2941 4463 virtute
2968 4408 3199 4465 dilexisti
3228 4410 3280 4462 in
3308 4425 3405 4479 pe—

1849 4508 1996 4555 ctore
2026 4508 2136 4553 tuo.
2168 4498 2251 4553 Sit
2275 4498 2528 4568 cogitatio
2558 4507 2642 4553 tua
2680 4500 2735 4553 in
2775 4500 3058 4567 praesentia
3087 4500 3203 4563 Dei;
3234 4500 3286 4553 in
3314 4515 3404 4554 so-

185 4604 321 4662 pore
356 4587 587 4652 coneris,
626 4596 991 4641 rememorans
1026 4586 1307 4655 gloriosam
1330 4584 1588 4638 castitatis
1618 4596 1751 4636 mer-
1778 4558 1824 4617 D
1849 4576 2074 4641 brietate
2098 4588 2239 4649 vita},
2271 4595 2324 4641 et
2341 4558 2525 4640 sermo
2553 4595 2674 4641 tuus
2705 4586 2758 4640 in
2776 4558 3041 4640 .modestia
3067 4558 3327 4653 veritatis,
3350 4596 3407 4641 et

186 4679 396 4736 cedem.
433 4678 573 4733 Ecce
598 4678 652 4732 in
673 4676 824 4731 cmlis
844 4691 939 4745 per
960 4689 1147 4743 magna
1168 4674 1351 4727 aeterni
1380 4673 1523 4743 regis
1558 4672 1751 4741 palatia

191 4781 387 4837 agnum
440 4775 743 4836 sequuntur,
795 4778 1097 4835 quocunque
1132 4761 1249 4814 ierit
1289 4760 1472 4830 (Apoc.
1514 4774 1623 4835 xiv,
1671 4760 1748 4829 4).

191 4855 335 4925 Quid
372 4855 475 4911 bac
505 4853 673 4924 gloria
714 4853 935 4916 beatius,
976 4851 1060 4905 vel
1084 4851 1186 4915 hac
1214 4848 1538 4907 beatitudine
1558 4846 1755 4919 glorio-

192 4944 346 5003 sius?
362 4943 467 5000 Ubi
492 4949 696 4997 natura
715 4939 879 5012 [Cotta1
899 4940 1038 5007 Sal.,
1079 4937 1293 5011 natura]
1318 4939 1491 4993 victor
1511 4938 1751 4993 omnium

193 5034 465 5093 conditori
488 5039 854 5087 creaturarum
875 5031 1289 5093 consoeiabitur.

266 5123 432 5196 309
464 5122 573 5177 Nec
599 5122 751 5176 labor
778 5117 1118 5189 quotidianus
1139 5120 1424 5185 deterreat,
1450 5133 1610 5189 quem
1632 5132 1754 5187 spes

196 5225 365 5272 tanta
400 5215 842 5271 remunerationis
867 5211 1244 5269 consolabitur.
1282 5212 1581 5268 Pauwrum
1606 5198 1755 5267 labor

197 5306 409 5361 dierum
432 5305 650 5361 atomis
672 5302 1102 5361 remunerabitur
1140 5301 1393 5371 praemiis.
1441 5301 1524 5357 Sit
1547 5316 1757 5373 quoque

200 5392 481 5462 virginitas
504 5392 959 5465 eleemosynarum
1000 5392 1241 5462 largitate
1273 5390 1494 5456 fertilis,
1525 5408 1625 5447 nec
1653 5392 1754 5447 sibi

200 5483 432 5539 caducas
482 5480 790 5537 divitiarum
828 5499 988 5556 gazas
1026 5482 1179 5538 avida
1212 5490 1498 5551 congreget
1546 5497 1751 5536 manu:

272 5624 303 5654 II
526 5610 909 5694 quercea“,
953 5611 1463 5694 Canig._5?_gollata
1487 5628 1608 5669 cum
1635 5615 1753 5672 cod.

204 5698 308 5739 ms.
336 5681 531 5738 Salisb.
582 5681 735 5763 Apud
766 5680 994 5739 Froben.
1024 5700 1056 5739 e
1095 5685 1182 5740 ist.
1212 5682 1329 5737 148.

275 5751 453 5825 21οῄ
472 5750 510 5825 ᾗ
546 5681 967 5819 ἑωυριιεηεῑ.
1004 5700 1160 5809 εθρθι
1183 5768 1291 5824 ρης.

205 5750 515 5894 ενὲιιῩιεῆ
546 5750 967 5819 W"Qume"
1004 5750 1075 5809 89
1094 5768 1160 5809 ⁸⁸
1183 5768 1291 5824 .ms-
1321 5750 1492 5825 (Apud
1527 5751 1755 5810 Froben.

1850 4688 2011 4743 opera
2052 4682 2141 4728 tua
2172 4675 2225 4728 in
2256 4676 2517 4730 castitatis
2558 4674 2855 4739 honestate,
2902 4682 2960 4729 ut
2997 4676 3254 4747 exemplis
3301 4678 3408 4733 tuis

1851 4764 2297 4821 adolescentiores
2339 4764 2679 4828 erudiuntur,
2730 4764 2967 4820 seniores
3015 4766 3404 4838 congaudeant,

1849 4844 2036 4913 omnes
2058 4858 2406 4922 aedificentur,
2440 4857 2575 4911 ut’in
2600 4856 2797 4927 palatio
2826 4856 2968 4926 regis
2997 4856 3256 4927 regularis
3284 4856 3406 4911 vita)

1850 4945 2061 5003 devotio
2094 4948 2173 5003 .in
2237 4956 2326 5002 tua
2370 4947 2612 5002 videatur
2663 4947 3087 5002 conversatione.
3132 4944 3405 5013 Quatenus

1850 5036 2044 5092 summi
2073 5037 2217 5108 regis
2258 5039 2429 5107 pietas
2469 5038 2523 5091 in
2563 5038 2709 5092 omni
2748 5046 2801 5091 te
2829 5037 3090 5092 custodiat
3129 5034 3404 5104 prosperi-

1852 5134 1980 5191 tate,
2025 5136 2078 5181 et
2120 5127 2175 5181 in
2202 5127 2357 5183 bouis
2382 5127 2635 5197 operibus
2663 5142 2831 5197 usque
2859 5126 2927 5182 ad
2954 5127 3113 5181 linem
3137 5125 3257 5178 vita:
3280 5138 3407 5192 per-

1853 5223 2200 5282 severantem,
2229 5226 2430 5272 aeterna
2454 5225 2508 5272 te
2531 5218 2861 5273 munerari
2885 5216 3048 5286 gloria
3070 5215 3333 5285 dignetur.

1924 5306 2109 5361 Saluta
2126 5348 2141 5372 ,
2165 5308 2407 5371 obsecro,
2435 5306 2685 5361 domnam
2714 5306 2950 5375 reginam
2982 5320 3051 5361 ex
3070 5319 3203 5359 mere
3225 5304 3405 5375 parvi-

1854 5395 1979 5449 tatis
2010 5396 2243 5450 nomine.
2289 5393 2631 5462 Scripsissem
2660 5392 3051 5449 exhortatorias
3076 5392 3151 5448 illi
3173 5392 3407 5459 litteras,

1854 5484 1902 5537 si
1946 5483 2024 5538 illi
2068 5492 2285 5554 propter
2333 5481 2709 5553 occupationes
2756 5484 2898 5554 regis
2944 5482 3155 5555 [Forte,
3209 5483 3406 5558 regias]

1928 5622 1951 5651 ο
1991 5610 2317 5667 Huudrudc.
2349 5611 2644 5667 Matrouam
2670 5611 3014 5668 Analieanam
3044 5619 3200 5668 vocat
3226 5611 3413 5668 labil-

1856 5680 2043 5749 ionius;
2057 5681 2149 5736 lib.
2178 5696 2302 5735 xxvi
2330 5680 2518 5736 Annal.
2547 5696 2695 5737 num.
2732 5680 2817 5736 ﬂ.
2852 5682 2981 5749 Quae
3007 5682 3180 5737 instar
3201 5684 3411 5738 monia-

1858 5752 1987 5805 lium
2018 5746 2333 5825 feminarum
2359 5750 2530 5825 velata
2554 5750 2606 5825 in
2630 5751 2823 5822 palatio
2850 5746 2989 5825 regis
3012 5751 3139 5810 Ollio
3166 5753 3429 5825 degebat“:

1762 5868 1763 5871 η
1861 5830 1919 5875 ut
1939 5834 2005 5874 ex
2030 5820 2370 5890 sequentibus
2391 5819 2579 5889 conjici
2606 5819 2793 5893 potest.
