4428 6412
184 463 294 520 ιτδ

1617 461 1988 517 EPIS'IOLE.

3323 466 3428 522 «171

184 576 529 636 honorabiles
555 595 568 630 :
593 575 664 632 sit
707 575 872 632 totius
916 575 1039 631 vita:
1086 575 1423 631 conversatio
1451 575 1753 645 exemplum
1783 583 1828 638 Α
1856 575 1978 647 20);
2007 576 2103 633 sed
2143 575 2376 647 majores
2413 587 2537 632 sunt
2573 578 2963 636 consolationes
2986 579 3207 637 Christi.
3237 583 3292 639 in
3318 600 3427 658 quo

186 672 246 726 in
272 671 417 726 omni
454 670 693 725 bonitate
717 669 856 734 aliis,
885 677 945 723 ut
983 668 1213 739 dignitas
1234 683 1474 738 persona:
1505 677 1610 722 tua:
1639 669 1751 721 lau-

185 760 349 814 detur
389 759 457 813 ah
488 757 756 820 omnibus,
788 765 998 810 ametur
1041 772 1073 810 a
1115 750 1358 826 pluribus
1382 797 1396 820 ,
1436 765 1490 811 et
1532 772 1630 827 per
1659 754 1755 828 (te)

188 851 287 906 Dei
331 865 525 905 nomen
571 848 916 920 glorificetur,
951 848 1065 918 ipsa
1106 847 1317 902 dicente
1361 848 1596 905 Veritate
1624 863 1637 898 :
1665 846 1755 901 Sic

187 941 358 995 luceat
399 939 492 994 luat
523 942 691 994 vestra
723 933 899 992 coram
924 939 1234 1000 hominibus,
1269 946 1324 990 ut
1355 937 1558 991 videant
1601 952 1756 1006 opera

186 1042 356 1086 restra
380 1031 533 1096 bona,
558 1039 606 1084 et
627 1027 912 1100 gloriﬁcent
941 1027 1148 1081 Patrem
1169 1037 1391 1081 oestrum
1421 1029 1508 1098 qui
1532 1028 1587 1080 in
1617 1027 1755 1081 caelis

186 1129 264 1174 est
297 1120 511 1191 (Hatth.
544 1133 600 1182 v,
627 1117 734 1190 i6).
761 1116 1008 1188 Magnum
1042 1117 1299 1171 habemus
1326 1114 1559 1180 Patrem,
1587 1115 1755 1168 Deum

187 1211 396 1265 scilicet
433 1209 871 1277 omnipotentem.
936 1205 1105 1272 Quam
1151 1199 1343 1262 nobilis
1387 1205 1440 1258 in
1493 1203 1753 1267 moribus,

185 1319 349 1373 quam
403 1300 676 1355 modestus
718 1299 771 1352 in
809 1299 1004 1362 verbis,
1035 1307 1205 1365 quam,
1249 1304 1430 1350 castus
1468 1295 1519 1348 in
1557 1295 1753 1358 corde,

185 1410 346 1465 quam
386 1393 691 1447 misericors
714 1390 962 1444 omnibus
988 1388 1144 1442 debet
1169 1401 1289 1441 esse
1317 1385 1456 1439 illius
1487 1385 1613 1449 Dei,
1641 1386 1755 1454 ipso

184 1485 563 1558 praecipiente:
589 1481 768 1536 Estote
792 1478 1170 1540 misericordes,
1192 1478 1322 1530 sicut
1345 1483 1392 1528 et
1416 1473 1576 1527 Pater
1598 1483 1756 1526 vester

183 1575 414 1631 culestis'
445 1573 736 1627 misericors
763 1579 835 1624 est
868 1568 1018 1641 (Luc.
1044 1583 1120 1630 vi,
1153 1564 1263 1636 56).
1288 1565 1563 1618 Imitemur
1585 1578 1754 1631 quan-

184 1677 300 1721 tum
327 1664 624 1737 poterimus
649 1661 788 1716 illius
815 1659 1126 1722 bonitatem,
1150 1665 1207 1710 ut
1237 1664 1492 1710 aeternam
1523 1655 1754 1708 beatitu-

181 1756 364 1810 dinem
392 1763 513 1807 cum
543 1751 631 1806 illo
649 1751 854 1810 habere
881 1763 1185 1803 mereamur
1210 1765 1224 1800 :
1249 1747 1324 1800 ait
1353 1746 1496 1800 enim
1525 1760 1629 1799 non
1671 1760 1755 1800 δοε-

1852 665 2009 720 debet
2032 665 2192 720 homo
2216 667 2490 722 saecularis
2525 669 2734 723 misera:
2753 679 2944 725 eventu
2975 674 3304 740 contristari,
3332 675 3426 746 qui
3442 678 3452 731 Ῐ

1842 752 2055 809 fontem
2080 755 2246 809 totius
2273 756 2672 821 consolationis,
2703 757 2756 811 id
2783 767 2884 822 est,
2911 758 3182 815 Christum
3218 763 3426 819 habita—

1853 855 2026 901 torem
2066 847 2302 916 possidet
2345 846 2398 900 in
2431 849 2683 916 pectore?
2720 849 2832 904 Imo
2874 851 3044 922 magis
3084 853 3423 922 gaudendum
3537 891 3544 897 -

1852 947 1937 993 est
1976 939 2030 992 in
2059 938 2493 993 tribulationibus
2519 947 2736 1008 propter
2765 956 2914 1010 spem
2957 951 3170 997 reterns:
3193 932 3422 1000 beatitu-

1853 1028 2013 1092 diuis,
2028 1029 2237 1082 dicente
2257 1028 2508 1096 Apostolo
2525 1047 2537 1080 :
2555 1028 2659 1082 Per
2678 1028 2868 1084 multas
2889 1031 3248 1087 tribulationes
3271 1051 3423 1104 opor-

1853 1129 1924 1173 tet
1953 1137 2045 1174 nos
2075 1121 2272 1174 intrare
2305 1121 2360 1172 in
2405 1112 2758 1192 regnum'Dei
2785 1121 2920 1194 (Act.
2950 1139 3061 1187 xiv,
3091 1125 3203 1195 2i).
3240 1125 3374 1183 Item
3404 1145 3418 1182 :

1855 1207 2112 1279 Flagellat
2143 1209 2280 1263 Deus
2307 1226 2506 1263 omnem
2527 1209 2696 1278 ﬁlium
2724 1228 2874 1281 quem
2899 1213 3074 1282 recipit
3104 1211 3291 1285 (Hebr.
3319 1231 3417 1278 xu,

1855 1297 1929 1369 6).
1964 1298 2094 1352 Item
2123 1300 2187 1352 de
2217 1298 2468 1368 apostolis
2494 1297 2686 1368 legitur
2710 1316 2723 1352 τ
2749 1297 2905 1352 Ibant
2933 1310 3103 1354 autem
3133 1302 3416 1371 gaudentes

1854 1389 2071 1459 apostoli
2119 1407 2151 1442 a
2196 1399 2466 1459 conspectu
2518 1388 2740 1453 concilii,
2778 1392 3025 1461 quoniam
3066 1391 3212 1463 digni
3255 1389 3420 1448 habiti
3529 1468 3536 1469 ί

1852 1487 1970 1530 sunt
1999 1494 2092 1547 pro
2119 1479 2322 1532 nomine
2349 1479 2476 1532 Jesu
2505 1479 2872 1532 contumeliam
2909 1482 3017 1551 pati
3041 1479 3178 1552 (Act.
3210 1498 3267 1549 v,
3305 1483 3422 1554 ll)._

1854 1565 2003 1620 Sciat
2043 1567 2258 1622 dilectio
2298 1575 2388 1621 tua
2411 1568 2536 1636 quia
2567 1567 2708 1623 illius
2735 1578 2858 1624 tuus
2885 1571 3140 1640 spiritalis
3167 1573 3421 1634 Dominus

1850 1656 2006 1712 Jesus
2051 1673 2156 1712 non
2204 1665 2290 1713 est
2333 1650 2606 1724 mortalis;
2653 1660 2806 1725 vivit,
2830 1663 2982 1726 vivit,
3008 1671 3064 1717 et
3109 1663 3166 1719 in
3199 1663 3420 1718 dextera

1846 1734 1948 1801 Dei
1991 1747 2166 1806 Patris
2198 1747 2329 1801 vivit
2369 1755 2423 1802 et
2457 1757 2663 1819 regnat.
2705 1748 2827 1803 Ideo
2860 1750 2927 1804 de
2962 1752 3163 1806 carnali
3205 1752 3298 1806 lilii
3341 1754 3419 1808 tui

183 1841 294 1896 lum
336 1839 609 1909 apostolis,
643 1839 737 1894 sed
778 1839 939 1891 etiam
977 1845 1032 1891 et
1061 1837 1250 1892 nobis:
1280 1834 1585 1905 Exeatplum
1612 1837 1749 1889 enim
1793 1911 1810 1913 ᾼ
1852 1844 2024 1890 morte
2047 1851 2153 1891 non
2177 1837 2542 1902 contristeris;
2575 1838 2683 1892 imo
2712 1840 2883 1910 magis
2912 1833 3012 1894 nec
3037 1841 3102 1896 de
3131 1842 3207 1895 tui
3234 1857 3421 1913 corpo-

180 1931 303 1984 dedi
330 1928 491 1992 vobis,
513 1927 1030 1999 «quemadmodum
1053 1944 1144 1996 ego
1174 1927 1274 1995 feci
1304 1926 1461 1989 vobis,
1488 1928 1561 1978 ita
1588 1935 1634 1978 et
1664 1943 1748 1980 eos
1783 1911 1826 1972 Β
1853 1927 2070 1982 risahso
2086 1926 2202 1999 (sic)
2227 1927 2544 1983 :sedlabora
2560 1929 2806 1983 omnibus
2817 1929 3028 1984 horiset
3042 1911 3346 1995 momentis,
3361 1943 3421 1986 ut

185 2022 391 2076 "aciatis
421 2020 600 2092 (Ioan.
633 2035 747 2082 xm,
784 2018 890 2089 15).
936 2018 1067 2072 Item
1093 2033 1107 2070 :
1134 2017 1235 2082 Qui
1266 2019 1498 2088 sequitur
1537 2034 1618 2070 me
1648 2034 1750 2071 non
1850 2020 2030 2073 anima
2075 2018 2304 2075 feliciter
2330 2021 2474 2074 vivat
2501 2035 2622 2074 cum
2648 2019 2893 2087 Christo,
2922 2031 2978 2077 et
3005 2021 3059 2076 iu
3087 2039 3234 2093 spem
3262 2025 3419 2079 honi-

179 2109 412 2165 ambulat
456 2112 509 2164 in
555 2108 808 2171 tenebris,
838 2108 930 2161 sed
968 2107 1169 2160 habebit
1210 2105 1384 2160 lumen
1419 2107 1535 2160 vita:
1565 2105 1745 2176 (Joan.

177 2211 308 2265 Vm,
344 2200 451 2273 l2).
505 2198 644 2266 Quid
691 2198 932 2267 superbit
977 2199 1137 2254 homo
1182 2199 1239 2272 (in
1285 2196 1464 2252 saaculi
1514 2197 1750 2251 divitiis?

176 2293 416 2347 Christus
437 2308 635 2362 pauper
654 2291 824 2361 factus
858 2299 932 2346 est
958 2307 1052 2361 pro
1076 2291 1220 2344 nobis
1251 2289 1335 2362 (II
1369 2289 1488 2344 Cor.
1518 2307 1634 2352 vm,
1669 2291 1745 2362 9),

173 2392 234 2437 ut
257 2398 354 2452 per
388 2383 529 2437 illius
553 2385 939 2452 paupertatem,
973 2397 1132 2451 quam
1156 2396 1254 2450 pro
1279 2381 1434 2436 nobis
1461 2381 1665 2450 accepit
1694 2382 1747 2435 in

175 2487 345 2542 terra,
375 2491 474 2531 nos
507 2477 702 2530 divites
741 2491 980 2531 essemus
1025 2478 1078 2531 in
1117 2477 1274 2530 ccelo.
1319 2475 1438 2530 Cito
1474 2477 1615 2530 enim
1643 2493 1744 2546 pu-

171 2565 361 2620 trescit
396 2579 524 2619 caro
549 2565 604 2619 in
637 2572 803 2630 terra,
829 2579 989 2634 quam
1019 2572 1166 2619 tanta
1192 2563 1467 2636 diligentia
1491 2580 1745 2620 ornamus

173 2656 226 2708 in
250 2654 474 2709 deliciis.
498 2653 718 2724 Insuper
735 2663 792 2708 et
809 2655 874 2710 de
895 2654 1139 2724 sepulcro
1156 2655 1454 2726 cogitamus
1472 2657 1738 2721 ornando;

168 2743 383 2797 vanitas
404 2743 517 2798 haec
544 2743 838 2797 vanitatum
867 2751 967 2797 est.
997 2743 1182 2798 Melius
1203 2753 1284 2798 est
1308 2744 1391 2800 bis
1415 2745 1606 2813 opibus
1628 2745 1744 2798 ani-

169 2847 316 2884 mam
348 2832 567 2896 vestire,
595 2845 757 2899 quam
792 2832 1103 2899 spurcitiam
1138 2833 1314 2886 carnis
1343 2849 1558 2886 ornare.
1587 2834 1742 2888 Chri-

168 2925 286 2976 stus
335 2921 573 2990 sepultus
614 2930 698 2976 est
734 2922 786 2975 iu
833 2921 1105 2992 spelunca,
1142 2924 1329 2978 nonin
1361 2924 1574 2992 templo.
1626 2923 1740 2978 Hoc

167 3013 291 3068 ideo
319 3013 462 3078 dico,
486 3010 610 3083 quia
639 3015 800 3084 aliqui
827 3014 1068 3071 viventes
1089 3031 1245 3076 suam
1278 3016 1449 3071 solent
1472 3016 1739 3072 fabricare

166 3107 520 3177 sepulturam.
573 3106 709 3173 Quid
742 3108 900 3170 mihi,
931 3109 1022 3163 ubi
1048 3109 1214 3164 vermi
1263 3117 1536 3178 putrescat
1581 3114 1739 3167 esca?

167 3195 400 3249 Tantum
428 3201 488 3248 ut
523 3197 703 3249 anima
734 3197 972 3264 requiem
1016 3198 1242 3263 habeat,
1273 3201 1591 3255 studendum
1632 3211 1733 3266 est,

165 3293 224 3338 ut
252 3283 342 3338 illa
368 3283 788 3360 vivat_l'eliciter,
819 3299 937 3354 quae
981 3286 1116 3340 mori
1157 3302 1260 3340 non
1306 3294 1500 3356 potest.
1549 3290 1738 3344 Veniet

165 3375 309 3428 enim
335 3382 562 3445 tempus,
585 3375 799 3444 quando
824 3375 1159 3446 corruptibile
1179 3377 1274 3430 hoc
1298 3377 1541 3431 induetur
1567 3379 1739 3432 incor-

167 3468 457 3544 ruptionem
487 3467 538 3538 (Ι
569 3466 690 3521 Cor.
724 3483 814 3533 xv,
844 3467 932 3538 55)
958 3507 971 3530 ,
999 3475 1054 3521 et
1096 3476 1331 3523 resumet
1379 3471 1554 3523 anima
1597 3471 1738 3539 quod

166 3558 385 3626 reliquit
418 3558 473 3611 in
501 3566 664 3612 terra.
706 3557 856 3613 Tunc
899 3559 1058 3612 homo
1086 3559 1290 3626 pariter
1316 3561 1494 3614 anima
1533 3570 1588 3614 et
1613 3578 1735 3617 cor-

164 3659 296 3715 pore
311 3647 690 3716 regnahitcum
710 3645 944 3712 Christo,
959 3647 1050 3716 qui
1068 3649 1168 3701 hoc
1190 3649 1353 3702 totius
1375 3649 1578 3720 [Forte,
1596 3668 1738 3706 nunc

164 3734 332 3808 totus]
362 3737 538 3792 anima
565 3745 618 3792 et
646 3752 892 3807 corpore,
919 3738 1187 3793 serviebat
1212 3738 1448 3793 Christo.
1497 3786 1502 3791 .

579 3853 740 3924 212
776 3865 802 3894 ι
833 3851 1164 3909 EPISTOLA
1213 3853 1316 3910 CC.

693 3941 761 3978 AD
799 3939 1196 3981 IDILTIIBUDAI.

447 4011 762 4065 Consolatur
793 4024 1012 4068 matrem
1037 4014 1103 4068 de
1141 4023 1303 4068 morte
1331 4001 1432 4083 filii

235 4100 603 4156 Dilectissimae
623 4102 676 4156 in
701 4101 918 4158 Christo
936 4106 1094 4160 matri
1122 4106 1149 4145 δ
1169 4105 1498 4162 Edilthruda:
1519 4108 1736 4162 humilis

163 4192 325 4248 levita
356 4191 611 4247 Alcuinus
631 4192 877 4248 salutem.

233 4280 373 4348 Quia
397 4280 806 4351 praesentialiter
839 4289 1073 4337 vestram
1100 4282 1464 4348 dulcissimam
1497 4285 1737 4340 dilectio-

161 4387 310 4435 nem,
334 4371 816 4442 ob'longitudiuem
836 4372 1187 4429 habitationis
1206 4383 1421 4438 nostrm,
1446 4375 1735 4430 admonere

163 4474 395 4528 nequeo,
421 4460 546 4514 ideo
585 4461 886 4516 litterarum
928 4462 1102 4520 cilicio
1150 4465 1370 4535 implere
1411 4479 1517 4519 non
1558 4480 1731 4528 cesso,

1849 2111 1976 2164 tatis
2004 2110 2146 2164 illius
2173 2110 2473 2176 consolare,
2500 2111 2622 2180 quia
2659 2111 2849 2166 multa:
2895 2113 3270 2169 miserationes
3299 2114 3413 2170 Dei.

1849 2202 1922 2255 Te
1947 2217 2075 2256 vero
2101 2202 2443 2281 superstitem
2472 2203 2685 2271 reliquit
2708 2202 2816 2256 lilio
2840 2204 3065 2268 carnali,
3093 2214 3152 2259 ut
3180 2217 3275 2276 per
3300 2214 3419 2260 tuas

1847 2292 2258 2355 intercessiones
2314 2301 2369 2347 et
2425 2294 2794 2363 eleemosynas
2841 2295 3161 2350 misereatur
3211 2306 3265 2352 et
3317 2297 3413 2353 illi.
3519 2354 3524 2359 ,

1845 2383 2006 2438 Forte
2040 2384 2093 2439 iu
2121 2385 2358 2454 peccatis
2382 2385 2500 2438 suis
2546 2394 2790 2445 mortuus
2835 2394 2947 2450 est,
2976 2387 3069 2442 sed
3108 2388 3163 2442 in
3209 2388 3418 2442 miseri-

1844 2461 2023 2529 cordia
2052 2483 2229 2544 potest
2270 2473 2385 2529 ﬁeri
2417 2483 2474 2528 ut
2503 2477 2646 2530 vivat
2663 2460 2871 2531 divina.
2899 2476 3033 2531 Nam
3056 2477 3214 2543 latro,
3242 2479 3331 2547 qui
3361 2479 3415 2532 in

1843 2565 2044 2620 scelere
2081 2556 2179 2620 suo
2207 2581 2496 2634 suspensus
2523 2574 2607 2620 est
2629 2582 2752 2621 cum
2789 2566 3021 2633 Christo,
3055 2568 3148 2623 sed
3175 2569 3228 2622 in
3257 2566 3416 2623 misce

1842 2657 2070 2710 rieordia
2097 2656 2330 2711 salvatus
2359 2665 2444 2712 est
2468 2657 2689 2712 Christi.
2723 2656 2841 2712 Noli
2872 2659 3053 2729 lugere
3079 2674 3224 2723 eum,
3255 2646 3420 2728 queui

1842 2764 2094 2805 revocare
2140 2765 2245 2804 non
2290 2749 2521 2819 poteris;
2565 2756 2622 2804 et
2654 2749 2698 2804 si
2731 2749 2825 2804 Dei
2861 2759 2975 2815 est,
3004 2766 3107 2805 non
3142 2751 3286 2805 illum
3316 2752 3412 2806 d’o-
3469 2753 3473 2756 ’

1840 2840 1950 2895 leas
1996 2842 2271 2905 amissum,
2292 2842 2388 2896 sed
2427 2841 2522 2896 tibi
2563 2842 2616 2894 in
2646 2843 2886 2912 requiem
2914 2843 3143 2913 gaudeas
3167 2843 3412 2911 praemis-

1838 2947 1975 2984 sum.
2003 2931 2058 2984 Si
2083 2931 2188 2984 duo
2209 2939 2332 2984 sunt
2352 2931 2529 2995 amici,
2555 2930 2760 2985 felicior
2784 2940 2867 2985 est
2891 2947 3035 2985 mors
3059 2931 3414 2999 praecedentis

1837 3036 1995 3091 quam
2027 3021 2430 3090 subsequentis,
2462 3020 2624 3074 habet
2654 3021 2816 3084 enim,
2836 3019 2926 3090 qui
2957 3019 3200 3074 fraterno
3228 3034 3414 3075 amore

1835 3129 1934 3184 pro
1955 3129 2011 3168 se
2036 3113 2273 3183 quotidie
2299 3111 2616 3177 intercedat,
2639 3119 2694 3166 et
2721 3111 2974 3182 lacrymis
2999 3109 3144 3165 lavat
3169 3112 3409 3182 pristina:

1764 3230 1810 3304 Ο
1841 3220 2055 3261 errores
2076 3205 2215 3260 vitaz.
2246 3203 2355 3260 Nec
2385 3203 2872 3304 dubitesoprodesse
2898 3203 3413 3304 piis-sollicitudinis

1841 3311 2041 3356 curam,
2081 3309 2242 3362 quam
2267 3309 2362 3364 pro
2392 3292 2568 3347 anima
2599 3292 2738 3346 illius
2763 3292 2922 3364 geris.
2958 3291 3074 3346 Tibi
3104 3291 3330 3362 proﬁcit,
3355 3299 3414 3354 et

1837 3391 1931 3445 illi.
1965 3390 2082 3444 Tibi
2129 3390 2310 3459 itaque
2332 3429 2347 3452 ,
2387 3404 2506 3459 qua:
2535 3389 2589 3442 in
2621 3387 2724 3442 (ide
2759 3387 2937 3442 facere
2987 3387 3272 3442 dilectione
3299 3384 3412 3460 [Ita

1836 3479 1964 3536 Cod.
1992 3478 2264 3542 mendose;
2285 3477 2326 3548 ι’.
2349 3476 2471 3546 leg.,
2495 3477 2621 3545 quia
2647 3477 2700 3530 in
2723 3476 2826 3531 ﬁde
2853 3476 2986 3531 facis
3007 3485 3062 3533 et
3082 3478 3409 3551 dilectione]:

1837 3574 1933 3638 illi,
1961 3580 2022 3627 ut
2053 3570 2138 3627 vel
2179 3586 2338 3641 poena
2380 3569 2658 3640 levigetur,
2689 3569 2772 3624 vel
2811 3569 3085 3625 beatitudo
3129 3577 3408 3640 augeatur.

1835 3666 2007 3733 Larga
2037 3674 2121 3720 est
2145 3673 2200 3719 et
2239 3663 2624 3718 inaestimabilis
2657 3663 2828 3734 pietas
2853 3663 3061 3720 Domini
3089 3667 3256 3720 nostri
3285 3665 3410 3720 Jesu

1833 3755 2055 3820 Christi,
2084 3755 2173 3824 qui
2201 3754 2308 3808 uult
2355 3771 2530 3809 omnes
2570 3755 2804 3814 homines
2838 3756 3008 3811 salvos
3046 3757 3163 3825 ﬁeri
3194 3756 3247 3828 (I
3275 3756 3408 3811 Tim.

1836 3862 1894 3910 ιι,
1924 3845 2001 3917 ι),
2028 3855 2081 3900 et
2112 3844 2376 3899 nemiuem
2403 3844 2599 3913 p’erire.
2635 3837 2774 3908 Noli,
2806 3853 2865 3898 ut
2891 3846 3132 3914 praedixi,
3161 3848 3212 3900 in
3242 3847 3412 3901 tribu-
3472 3851 3476 3858 ‘

1835 3937 2122 3992 lationibus
2147 3937 2252 3992 tuis
2271 3935 2597 4000 contristari,
2623 3936 2738 4002 sed,
2769 3936 2814 3990 si
2840 3935 3071 4005 majores
3095 3938 3190 3991 tibi
3221 3952 3410 4008 ευριπ-ν

1834 4031 2068 4094 veniant,
2090 4031 2323 4103 gaudeas
2347 4029 2401 4084 in
2429 4028 2552 4095 illis,
2580 4028 2792 4085 dicente
2815 4028 3069 4100 Apostolo
3093 4048 3106 4084 :
3136 4029 3255 4085 Non
3284 4042 3404 4085 sunt

1833 4120 2104 4189 condigna:
2129 4120 2288 4189 hujus
2308 4120 2550 4189 temporis
2576 4120 2860 4191 passiones,
2885 4121 2955 4174 ad
2983 4132 3402 4192 superventuram

1832 4208 2072 4278 gloriam,
2112 4225 2230 4280 quae
2277 4208 2586 4264 revelabitur
2627 4211 2683 4265 in
2719 4212 2872 4267 nobis
2922 4211 3098 4283 (Rom.
3130 4230 3256 4276 vm,
3296 4212 3402 4277 l8).

1835 4301 1984 4356 Sicut
2007 4316 2196 4356 aurum
2215 4301 2268 4356 in
2295 4303 2417 4373 igne
2446 4304 2802 4370 examinatur,
2827 4306 2904 4361 sic
2925 4305 3087 4361 homo
3115 4307 3167 4362 in
3196 4307 3406 4363 camino

1835 4392 2194 4447 tribulationis
2232 4388 2632 4461 comprobatur.
2669 4394 2805 4449 Dum
2852 4403 3171 4464 potestatem
3207 4397 3408 4452 habeas

1835 4498 2014 4536 rerum
2062 4492 2270 4536 tuarum
2290 4523 2307 4548 ,
2337 4481 2423 4538 fac
2449 4499 2514 4537 ex
2543 4485 2623 4538 eis
2649 4484 3062 4554 eieemosynam,
3093 4487 3217 4554 quia
3242 4487 3406 4540 nescis

162 4563 284 4620 qum
308 4550 502 4621 lingua
518 4550 913 4607 ministratione
937 4554 1250 4625 denegatur,
1277 4556 1592 4610 desiderans
1621 4565 1732 4610 toto
1759 4574 1809 4635 ο
1831 4573 1911 4640 φη

1656 4565 1732 4610 πο
1759 4574 1809 4635 ο
1831 4571 1957 4640 quid
1993 4582 2203 4626 ventura
2227 4573 2400 4641 pariat
2427 4571 2537 4625 dies
2567 4571 2745 4642 (Prov.
2777 4550 2945 4637 xxvii,
2984 4574 3055 4645 l).
3089 4550 3285 4631 Nullus
3307 4577 3405 4631 tibi

161 4644 345 4700 cordis
385 4643 492 4699 mei
530 4641 743 4707 aiI'ectu,
774 4652 826 4699 te
855 4644 1067 4714 ubique,
1099 4640 1412 4701 charissima
1443 4649 1641 4702 mater!
1675 4648 1730 4702 in

160 4737 308 4790 omni
357 4737 617 4806 proiicere
664 4736 826 4802 bona,
848 4743 905 4790 ut
952 4735 1108 4806 digna
1149 4735 1396 4791 eﬂiciaris
1444 4738 1497 4791 in
1542 4753 1729 4793 eorum

161 4824 373 4881 censeri
419 4840 644 4880 numero
689 4825 755 4880 de
806 4825 1001 4895 quibus
1041 4826 1094 4880 iu
1143 4826 1429 4896 Evangelio
1473 4827 1730 4884 Dominus

159 4924 346 4974 nOStcr
368 4913 524 4971 Iesus
570 4915 816 4971 Christus
839 4899 1164 4987 irespondit:
1192 4916 1371 4974 Omnis
1418 4920 1506 4989 qui
1549 4918 1729 4988 fecerit

160 5007 477 5064 voluntatem
505 5004 681 5061 Patris
710 5009 811 5066 mei
834 5005 923 5078 qui
947 5011 1002 5063 in
1031 5009 1168 5065 oculis
1195 5021 1289 5077 est,
1313 5013 1421 5080 ipse
1445 5012 1572 5065 mihi
1611 5027 1728 5066 ma-

160 5110 243 5154 ter
279 5107 331 5155 et
370 5097 535 5168 frater
573 5096 784 5170 (Matth.
817 5111 913 5161 xu,
939 5097 1053 5171 50).
1084 5099 1362 5166 Quomodo
1393 5113 1589 5168 mater,
1625 5103 1728 5161 nisi

159 5195 348 5243 sancta
382 5187 645 5242 charitate
677 5185 731 5241 in
771 5186 1067 5242 visceribus
1094 5189 1272 5243 cordis
1297 5192 1521 5259 perfecti
1549 5193 1724 5262 quoti-

161 5277 249 5332 die
275 5279 599 5347 generatur?
627 5278 766 5334 Ecce
792 5272 1002 5347 qualem
1033 5272 1200 5331 lilium
1221 5281 1421 5348 poterit
1441 5283 1527 5352 pia
1558 5291 1730 5337 mater

160 5365 390 5430 habere,
417 5368 662 5422 eumdem
707 5370 880 5442 ipsum
923 5367 1091 5423 Deum
1134 5383 1312 5438 regem
1340 5387 1405 5425 ac
1429 5361 1729 5443 redempto-

159 5467 303 5524 rem;
331 5456 496 5512 etiam
531 5459 664 5513 etin
692 5461 941 5515 omnibus
969 5459 1397 5518 tribulationibus
1425 5467 1726 5521 consolato-

159 5553 294 5606 rem.
317 5543 503 5606 Nulla
525 5557 645 5604 sunt
671 5551 1030 5607 tribulationes
1043 5551 1308 5623 justorum
1336 5550 1505 5625 (Psal.
1532 5575 1726 5624 xxxiii,

227 5698 387 5826 ﬁla
417 5712 443 5742 ι
469 5698 740 5757 Hactenus
787 5703 986 5786 inedita
1038 5690 1127 5790 hic
1160 5703 1343 5826 prodit
1371 5721 1438 5760 ex
1469 5709 1588 5764 cod.
1622 5726 1722 5766 ms.

163 5767 228 5825 Sa
273 5775 353 5825 Sil.
387 5769 562 5826 (Apud
585 5770 814 5826 Froben.
845 5781 1002 5826 emst.
1037 5774 1156 5826 Ini.

203 5770 368 5826 allsh.’
387 5770 562 5840 (Apud
585 5770 814 5826 Froben.
845 5774 1002 5842 epist.
1037 5770 1181 5844 liii.)

228 5843 254 5883 δ
285 5835 445 5896 Matri
495 5838 838 5896 Edilthruda'.
883 5843 962 5898 An
993 5845 1105 5900 hth
1145 5845 1327 5900 eadem
1355 5845 1422 5901 sit
1467 5853 1527 5904 ac
1559 5848 1726 5906 {Edil-

1833 4660 2168 4728 dispensator
2197 4659 2404 4715 fidelior
2443 4669 2618 4730 potest
2645 4677 2764 4717 esse
2794 4679 2954 4732 quam
2991 4671 3045 4717 tu
3089 4664 3228 4733 ipse;
3259 4672 3314 4721 et
3342 4667 3406 4734 li;

1830 4749 2045 4803 bentius
2066 4765 2284 4806 munera
2312 4752 2667 4820 praecedentia
2697 4769 2815 4821 uos,
2839 4770 2999 4824 quam
3024 4756 3402 4828 subsequentia
3483 4823 3487 4827 1

1831 4841 1972 4896 Deus
1997 4840 2243 4911 accipiet.
2267 4839 2334 4895 In
2359 4840 2536 4897 multis
2556 4844 2690 4911 enim
2720 4845 3030 4915 offendimus
3061 4863 3236 4903 omnes
3260 4847 3398 4921 (Jac.

1831 4951 1916 5000 ιιι,
1931 4935 2010 5007 2),
2025 4933 2403 4991 sicutJacobus
2423 4937 2500 4991 ait
2523 4936 2812 5008 apostolus.
2839 4937 2971 4995 Item
2989 4939 3221 4997 Joannes
3240 4957 3403 5016 evan-

1829 5025 2018 5092 gelista
2059 5026 2195 5083 dixit
2219 5044 2231 5078 :
2256 5024 2318 5088 Si
2343 5026 2628 5082 dixerimus
2654 5029 2778 5099 quia
2806 5039 3074 5100 peccatum
3115 5046 3216 5084 non
3243 5030 3402 5085 liabe-

1830 5133 1965 5181 mus,
1995 5117 2328 5188 nosmetipsos
2358 5117 2650 5172 seducimus
2677 5118 2732 5189 (Ι
2759 5119 2918 5174 Joan.
2951 5137 2989 5183 ι,
3019 5118 3094 5190 8).
3138 5120 3206 5173 Ει
3244 5119 3400 5187 juxta

1831 5205 2170 5262 Salomonem
2208 5225 2220 5260 :
2253 5206 2550 5278 Redemptio
2585 5210 2680 5262 viri
2717 5211 2940 5278 propriae
2981 5209 3176 5263 diuitiae
3215 5207 3398 5280 (Prov.

1829 5313 1948 5362 xlii,
1973 5296 2048 5369 8).
2077 5298 2145 5352 Et
2177 5297 2266 5366 qui
2291 5296 2408 5366 plus
2432 5297 2615 5359 habet,
2639 5297 2758 5365 plus
2787 5298 3030 5366 exigetur
3067 5297 3135 5351 ab
3160 5313 3242 5352 eo.
3275 5299 3399 5355 Dis-

1826 5398 2140 5457 pensatores
2182 5385 2361 5442 sceculi
2408 5386 2662 5440 debemus
2702 5402 2822 5441 esse
2869 5403 2972 5442 non
3019 5403 3395 5457 possessores:

1827 5479 2039 5534 exsules
2076 5478 2217 5532 enim
2257 5484 2313 5531 et
2349 5477 2605 5547 peregrini
2651 5494 2829 5533 sumus
2867 5479 2920 5533 in
2965 5480 3066 5534 hac
3109 5478 3234 5542 vita,
3263 5482 3398 5536 sicut

1827 5585 2001 5623 omnes
2040 5577 2212 5638 patres
2259 5568 2421 5622 nostri
2466 5565 2538 5641 (Ι
2582 5567 2767 5623 Paral.
2818 5584 2966 5634 xxix,
3014 5567 3098 5635 i5,
3148 5579 3199 5624 et
3245 5569 3400 5632 Psal.

1828 5720 2023 5790 thydis,
2052 5735 2212 5788 quam
2236 5709 2472 5792 Ingull‘us
2494 5721 2652 5776 etiam
2681 5720 3031 5777 Ethcldritam
3052 5729 3231 5792 vocat,
3251 5730 3309 5779 et
3336 5725 3402 5777 ad

1826 5807 1982 5861 quam
2009 5792 2156 5861 prior
2182 5801 2263 5847 est
2287 5793 2534 5862 cpistola,
2567 5793 2768 5862 ignoro.
