4428 6414
811 480 917 534 475

1690 473 1748 528 Β.
1791 473 1849 526 F.
1890 469 2113 527 ALBIM
2153 466 2282 523 SEU
2309 463 2592 520 ‘ALCL’INI
2629 458 2912 520 OPERUM
2949 459 3126 516 PARS
3158 458 3199 515 ῐ.

3935 457 4048 515 £76

815 609 1042 654 xxxvut,
1075 592 1183 661 l3).
1217 591 1432 645 Illorum
1462 603 1608 643 mors
1630 585 1782 641 nobis
1807 593 2048 639 nostram
2077 580 2222 636 omni
2248 578 2379 649 hora
2405 579 2455 636 Δ
2552 573 2682 629 Tuis
2716 587 2930 642 quoque
2957 571 3241 642 diligenter
3262 570 3492 661 principe
3519 570 3792 661 subjectis,
3813 579 3875 626 ut
3907 569 4047 640 justi

812 681 984 740 oculis
1011 690 1274 753 upponat;
1307 690 1361 735 et
1390 679 1599 734 illorum
1624 679 1762 732 bona
1785 673 2123 731 conversatio
2153 671 2204 724 in
2233 667 2384 723 Chrio

813 782 917 837 sto,
947 782 1142 828 nostra:
1166 771 1236 826 sit
1256 770 1483 824 eruditio
1507 770 1659 832 vitae;
1686 775 1951 836 quatenus
1973 762 2180 816 illorum
2203 760 2256 814 in
2280 758 2380 812 fide

811 875 866 918 et
893 864 1154 919 charitate
1179 872 1340 932 atque
1363 859 1506 915 omni
1536 873 1697 928 Opere
1729 858 1868 912 bono
1899 861 2182 923 sequentes
2215 849 2379 903 vesti-

811 954 896 1022 gia
925 955 976 1007 in
1004 951 1210 1008 cmlesti
1249 947 1579 1006 beatitudine
1621 946 1787 1000 vitam
1835 942 2034 997 habere
2079 953 2382 994 mereamur

811 1044 1214 1114 sempiternam.

1333 1138 1360 1167 ι
1391 1121 1720 1180 EPISTOLA
1754 1119 1882 1178 CCI.

915 1235 982 1272 AD
1010 1232 1384 1271 .‘IAGESIIAIHL'I
1423 1228 1658 1268 ευιιιτειι
1689 1225 1954 1265 δεδοκιοε
1982 1221 2270 1262 εινιτΑτιε.

982 1307 1240 1362 Hortatur
1260 1306 1328 1360 ad
1355 1306 1600 1367 virtutes;
1634 1300 2016 1379 curantque_stti
2041 1298 2210 1366 oﬁ‘icii.

884 1399 1086 1454 Dilecto
1131 1399 1184 1454 in
1227 1397 1441 1453 Christo
1468 1397 1493 1434 δ
1533 1391 1876 1462 Magenhario
1927 1389 2137 1452 comiti,
2167 1385 2382 1440 humilis

812 1491 972 1545 levita
998 1491 1221 1546 Albinus
1246 1489 1495 1544 salutem.

880 1579 1071 1632 Audivi
1118 1594 1230 1641 vos,
1265 1578 1343 1631 vir
1385 1577 1706 1639 venerande,
1739 1587 1934 1630 nostra
1973 1573 2252 1643 parvitatis
2286 1586 2381 1638 op-

812 1675 954 1720 tasse
975 1666 1268 1736 colloquia;
1297 1675 1354 1720 et
1376 1674 1436 1719 ut
1460 1681 1585 1719 vere
1627 1663 1816 1726 fateor,
1847 1671 2081 1716 vestram
2109 1659 2262 1713 valde
2289 1659 2381 1711 de-

810 1755 1040 1808 sideravi
1081 1756 1447 1824 presentiam,
1501 1763 1560 1808 ut
1608 1753 1749 1808 dulei
1791 1752 2142 1808 collocutione
2189 1757 2381 1802 vestra:

810 1845 1105 1913 prudentia:
1149 1845 1473 1900 consolarer.
1519 1844 1625 1898 Sed
1667 1845 1791 1913 quia
1837 1858 2019 1896 rerum
2047 1847 2238 1896 eventu
2279 1840 2381 1893 hoc

2482 663 2591 717 sint
2612 663 2664 716 in
2676 662 2909 730 iudiciis,
2930 661 3305 716 misericordes
3327 660 3381 714 in
3403 659 3648 724 miseros,
3667 660 3832 714 Deum
3854 661 4052 715 timen-

2485 765 2593 818 tes,
2642 754 3044 824 Ecclesiamque
3092 751 3292 806 Christi
3339 751 3782 807 honorantes:ut
3828 751 4045 808 illorum

2481 845 2693 900 bonitas
2729 843 2826 898 tibi
2855 844 2908 897 in
2933 842 3234 898 mercedem
3264 840 3416 912 [ϐοά.
3443 840 3582 907 Sal.,
3607 840 3874 913 mercede]
3899 857 4049 898 com-

2479 941 2712 1004 putetur.
2743 931 2895 1002 Same
2916 931 3276 1001 subiectorum
3301 940 3519 1001 peccata
3548 931 3845 986 rectoribus
3864 932 4043 1002 impu-

2481 1029 2663 1074 tantur
2687 1018 2910 1090 [Cam‘s..
2940 1017 3332 1090 implicantur],
3359 1019 3407 1074 si
3445 1020 3622 1074 minus
3647 1018 3933 1090 diligenter
3947 1035 4047 1076 eos

2479 1110 2769 1164 admonent
2817 1109 3048 1179 praelati,
3101 1109 3368 1178 quomodo
3419 1107 3596 1164 facere
3641 1109 3860 1174 debent;
3905 1111 4046 1164 sicut

2479 1212 2665 1252 corum
2703 1199 2842 1253 bona
2885 1198 3114 1253 dominis
3155 1205 3380 1267 prosunt
3425 1198 3495 1251 ad
3540 1200 3900 1268 premia,'qut
3949 1213 4047 1254 eos

2480 1289 2713 1345 studiose
2738 1287 2989 1343 erudiunt
3009 1287 3173 1342 Deum
3197 1287 3406 1353 timere,
3431 1285 3650 1357 ejusque
3671 1287 3887 1344 obedire
3906 1303 4048 1360 pra:-

2480 1381 2670 1450 ceptis.

2547 1438 2782 1530 Dbsecro
2824 1487 2891 1527 ne
2931 1487 3017 1527 me
3059 1438 3540 1542 praesumptuosum
3579 1486 3699 1528 esse
3743 1472 4042 1537 arbitreris,

2479 1564 2594 1618 haec
2620 1563 2713 1616 tibi
2740 1563 3082 1617 scribentem.
3109 1561 3356 1618 Charitas
3378 1561 3577 1618 Christi
3608 1571 3662 1617 et
3686 1571 3875 1618 vestra:
3901 1564 4048 1618 salu-

2481 1653 2550 1706 tis
2573 1667 2745 1716 amor,
2772 1659 2826 1706 et
2855 1660 3046 1707 vestrm
3070 1650 3329 1706 bonitatis
3356 1651 3568 1716 fiducia,
3591 1651 3706 1708 hzec
3727 1667 3814 1708 me
3836 1656 4046 1708 monuit

2480 1745 2747 1810 scribere;
2778 1752 2971 1814 optans
3012 1758 3108 1798 vos
3155 1741 3308 1814 [Cod.
3341 1742 3482 1809 Sal.,
3511 1742 3586 1815 te]
3632 1752 3686 1799 et
3727 1736 4044 1814 prasentem

2479 1835 2676 1890 habere
2715 1834 3156 1905 prosperitatem,
3183 1841 3240 1888 et
3268 1832 3502 1888 futuram
3546 1837 3837 1905 promereri
3869 1837 4045 1892 beati-

811 1934 928 1988 lieri
973 1951 1077 1990 non
1108 1937 1291 2000 valuit,
1326 1939 1496 1991 visum
1539 1945 1622 1990 est
1645 1936 1778 1989 mihi
1822 1934 2143 2003 condignum
2184 1931 2379 1985 litteris
2410 1921 2453 1981 Β
2483 1926 2737 1980 tudinem.
2771 1925 2957 1980 Divina
2988 1941 3084 1981 vos
3109 1925 3290 1996 gratia
3309 1925 3364 1980 in
3385 1925 3532 1979 omni
3574 1926 3812 1982 bonitate
3853 1925 4046 1984 ﬂorere

811 2025 1031 2093 implere
1081 2026 1221 2096 quod
1267 2028 1443 2080 verbis
1496 2041 1599 2080 non
1650 2025 1797 2094 ρυιιιί
1825 2066 1839 2088 ,
1869 2033 1925 2078 et
1970 2037 2144 2078 meam
2183 2023 2235 2075 in
2283 2035 2378 2075 vos

807 2114 1091 2170 ostendere
1137 2115 1494 2180 dilectionem,
1527 2124 1583 2170 et
1627 2115 1777 2168 vobis
1807 2113 1960 2168 utilia
2002 2127 2098 2182 per
2135 2111 2379 2166 chartam

806 2210 1053 2274 suadere,
1081 2219 1138 2263 ut
1168 2219 1344 2264 vester
1389 2208 1662 2279 profectus
1691 2223 1842 2263 meus
1868 2216 2011 2261 esset
2052 2204 2276 2259 fruetus.
2312 2202 2379 2258 Ut

807 2296 898 2364 qui
924 2295 975 2348 in
1001 2295 1212 2350 sublimi
1236 2296 1492 2364 dignitate
1518 2296 1722 2366 positus
1741 2311 1799 2350 es
1821 2295 1873 2348 in
1903 2294 2082 2355 terris,
2099 2308 2195 2362 per
2215 2303 2376 2360 opera

804 2382 1019 2452 iustitia:
1045 2397 1099 2442 et
1140 2387 1516 2442 misericordis
1551 2387 1822 2441 cmlestem
1855 2385 1949 2439 tibi
1996 2384 2253 2438 merearis
2283 2383 2378 2436 hoc

807 2494 1011 2533 norem.
1064 2479 1248 2548 Cogita
1297 2479 1439 2548 quod
1483 2477 1636 2549 [ϐοά.
1683 2476 1824 2541 Sal.,
1852 2476 2036 2548 quam]
2071 2473 2378 2534 transitoria

806 2578 932 2623 sunt
953 2570 1065 2622 hazc
1088 2569 1266 2622 omnia
1294 2583 1413 2638 quae
1438 2567 1490 2621 in
1515 2568 1615 2622 hoc.
1636 2567 1833 2622 stcculo
1859 2566 2147 2621 habemus:
2172 2574 2228 2618 et
2253 2564 2376 2634 quia

805 2659 1166 2712 necessarium
1198 2668 1279 2712 est
1311 2658 1594 2726 unicuique
1624 2658 1897 2711 hominum
1925 2655 2077 2728 [Cud.
2111 2654 2252 2718 Sal.,
2282 2655 2378 2709 ho-

805 2748 958 2820 mini]
980 2757 1235 2803 aeternam
1265 2749 1367 2802 sibi
1397 2764 1493 2818 per
1519 2748 1831 2817 temporalia
1860 2745 2136 2802 benefacta
2166 2760 2376 2816 prome-

805 2837 912 2891 reri
943 2836 1166 2907 gloriam
1197 2847 1243 2889 ε.
1275 2835 1628 2905 QuaprOpter,
1661 2845 1720 2889 ut
1746 2835 1811 2889 ad
1842 2843 2151 2906 perpetuam
2191 2847 2379 2903 perve-

805 2926 941 2987 nias,
980 2925 1090 2980 Deo
1130 2924 1396 2987 donante,
1453 2923 1861 2987 beatitudinem,
1912 2921 2056 2975 nulla
2100 2931 2152 2977 te
2193 2922 2376 2978 saeculi

804 3015 1108 3081 delectatio,
1151 3014 1293 3070 nulla
1347 3015 1579 3072 carnalis
1623 3015 2052 3085 concupiscentia
2102 3015 2374 3085 impediat.

808 3108 912 3163 Sed
941 3115 1058 3163 esto
1086 3109 1138 3162 in
1159 3106 1377 3176 iudiciis
1394 3107 1599 3177 justus,
1627 3107 1680 3160 in
1721 3107 1970 3176 operibus
1996 3104 2378 3174 misericordiae

806 3199 948 3270 pius,
977 3198 1150 3254 viduis
1174 3207 1229 3254 et
1254 3198 1509 3269 orphanis
1551 3198 1700 3268 quasi
1728 3206 1902 3268 pater,
1927 3195 2220 3251 defendens
2245 3193 2374 3266 [Ca-

806 3292 930 3358 uis.,
961 3288 1241 3362 defendas]
1266 3305 1361 3344 eos
1382 3289 1448 3343 ab
1476 3290 1622 3344 omni
1650 3287 1922 3342 violentia.

877 3382 1005 3437 Esto
1043 3394 1254 3452 quoque
1279 3378 1534 3434 Ecclesiis
1575 3376 1773 3432 Christi
1804 3377 1956 3446 quasi
1990 3376 2173 3442 frater,
2200 3385 2257 3431 ut
2283 3391 2380 3446 per

805 3474 1077 3529 orationes
1097 3486 1373 3528 servorum
1398 3469 1511 3535 Dei,
1530 3469 1669 3525 inter
1684 3470 1922 3542 pericula
1940 3471 2193 3534 hostium,
2206 3469 2378 3524 mutui-

806 3581 955 3630 num,
972 3565 1200 3627 viarum,
1216 3563 1604 3626 infirmitatum,
1619 3563 1794 3618 divina
1815 3572 1865 3617 te
1879 3571 2123 3633 protegat
2137 3563 2373 3626 dextera,

807 3665 959 3728 regat
980 3665 1140 3725 atque
1166 3661 1447 3708 conservet
1473 3667 1685 3721 semper
1703 3653 1918 3722 ubique.
1945 3651 2052 3707 Fac
2069 3660 2126 3706 ut
2141 3653 2380 3721 quotidie

808 3763 1070 3819 pzmperes
1090 3747 1156 3802 de
1173 3761 1309 3816 pane
1331 3755 1422 3800 tuo
1442 3746 1746 3809 comedant,
1771 3746 1894 3814 quia
1917 3746 2230 3801 miserorum
2253 3762 2378 3802 con-

807 3841 998 3896 solatio
1018 3840 1113 3897 tibi
1150 3841 1254 3894 erit
1289 3847 1489 3894 aeterna
1513 3839 1892 3894 remuneratio.
1927 3838 2056 3893 Esto
2088 3854 2298 3908 quoque
2325 3839 2378 3892 in

809 3931 1049 3987 consiliis
1065 3931 1332 4002 providus,
1353 3930 1564 3999 sapiens
1586 3929 1639 3984 in
1662 3927 2092 4000 cogitationibus.
2111 3928 2380 3984 modestus

817 4025 870 4078 in
898 4039 1164 4085 sermone,
1197 4021 1364 4082 Deum
1393 4034 1606 4090 semper
1651 4020 1855 4076 habens
1884 4009 2222 4090 praesentem,
2249 4035 2380 4088 qua-

810 4121 971 4168 tenus
1000 4111 1143 4165 illius
1170 4110 1395 4179 loquens
1427 4108 1752 4162 voluntatem
1777 4106 1906 4179 [Αι.,
1925 4107 2381 4180 veritatem],ejus

813 4201 1004 4271 dignus
1019 4200 1268 4257 eﬂiciaris
1282 4199 1630 4270 proiectione.
1657 4199 1863 4270 Corpus
1881 4209 2029 4255 tuum
2047 4201 2100 4254 in
2115 4202 2375 4265 castitate,

811 4300 866 4345 et
897 4291 1128 4344 animam
1178 4290 1230 4343 in
1264 4290 1557 4344 sobrietate
1601 4305 1858 4343 conserva
1894 4289 2104 4344 :fidelis
2151 4298 2268 4346 esto
2313 4291 2381 4345 ad

811 4379 1057 4434 dominos
1075 4392 1212 4446 quos
1235 4377 1381 4439 dedit
1401 4377 1491 4430 tibi
1517 4377 1677 4441 Deus,
1700 4377 1767 4431 ad
1789 4378 1992 4431 amicos
2010 4377 2292 4448 benignus,
2316 4378 2381 4433 ad

813 4481 1004 4523 omnes
1029 4465 1276 4522 homines
1302 4481 1484 4534 aequus
1508 4475 1561 4520 et
1585 4467 1794 4521 miseris
1815 4465 2011 4536 largus.
2044 4467 2382 4523 Debitoribus

815 4558 967 4630 [tuis]
1012 4557 1092 4615 vel
1133 4559 1186 4611 in
1227 4565 1278 4612 te
1316 4558 1659 4626 peccantibus
1701 4556 1885 4626 culpas
1918 4557 2160 4626 ignosce,
2196 4568 2252 4612 ut
2285 4558 2380 4612 tibi

816 4652 1058 4720 ignoscat
1085 4647 1244 4711 Deus,
1259 4647 1303 4700 si
1324 4646 1451 4716 quid
1480 4655 1667 4702 contra
1691 4645 1808 4714 ejus
1829 4645 1999 4698 fecisti
2029 4645 2377 4700 voluntatem.

886 4832 911 4860 ⁸
941 4821 1083 4876 Edit.
1111 4819 1360 4887 Quercet.
1393 4821 1480 4883 55,
1521 4821 1698 4876 Canis.
1736 4821 1835 4884 δὶς
1875 4821 2064 4876 collata
2094 4838 2214 4879 eum
2257 4823 2378 4879 cod.

816 4905 916 4945 ms.
951 4891 1246 4961 ﬁalisburg.
1279 4891 1451 4961 (Apud
1482 4890 1709 4961 Froben.
1743 4893 1898 4961 epist.
1934 4892 2076 4958 152.)

890 4961 916 5000 δ
941 4959 1303 5030 Magenimrio.
1331 4959 1571 5030 Scriptor
1599 4960 1730 5014 Vita:
1761 4959 2008 5013 Ludovici
2037 4961 2113 5030 I’ii
2148 4961 2382 5030 incertus

819 5029 994 5099 ('I'ont.
1022 5027 1085 5083 VI
1118 5027 1239 5100 Rer.
1265 5028 1402 5083 Call.
1435 5027 1650 5100 Script.,
1681 5045 1799 5100 pag.
1833 5029 1923 5093 90,
1953 5045 2006 5082 ιι.
2043 5029 2120 5099 7),
2149 5029 2383 5099 Megina-

822 5103 956 5152 rium
984 5108 1166 5163 vocat;
1195 5099 1368 5152 virum
1409 5099 1702 5167 sapientem
1728 5111 1780 5153 et
1801 5107 2098 5164 strenuum,
2125 5115 2379 5169 gnarum-

819 5186 923 5236 que
950 5170 1193 5224 utilitatis
1217 5178 1268 5222 et
1293 5171 1590 5223 honestatis
1617 5172 1773 5236 regis:
1798 5185 1811 5220 :
1838 5184 1994 5237 quem
2024 5169 2246 5224 Carolus
2276 5169 2383 5223 Ma-

861 5255 959 5292 nus
978 5241 1042 5291 ad
1066 5239 1409 5302 Ludovicum,
1425 5248 1478 5292 ut
1502 5237 1617 5306 ejus
1637 5239 1860 5292 consilio
1879 5248 2136 5302 uteretur,
2154 5242 2380 5294 miserit.

867 5307 1122 5379 gittardus
1163 5310 1406 5379 nominat
1446 5309 1807 5379 Megmherum
1833 5307 2082 5379 comitem
2114 5311 2252 5379 inter
2292 5326 2384 5364 eos

824 5375 912 5500 alii
943 5376 1134 5431 Carolo
1161 5375 1347 5446 Magno
1385 5375 1760 5432 testamentum
1801 5376 2050 5431 condenti
2078 5376 2380 5432 adfuerunt.

869 5461 1084 5500 Αεκιοε.

869 5461 1084 5500 Αδκιπ.

897 5528 915 5553 ε
951 5516 1103 5587 apud
1143 5514 1454 5587 Canisium:
1481 5534 1498 5566 ι
1536 5517 1756 5587 Veniim
1799 5517 1898 5572 sibi
1928 5533 2025 5587 per
2073 5513 2384 5585 temporalia

828 5584 1104 5640 benefacta
1135 5586 1427 5654 promereri
1455 5594 1510 5640 et
1537 5586 1779 5654 gloriam.
1805 5607 1821 5634 ι

832 5654 1105 5789 r{inii-lit.
1151 5654 1398 5720 Quercet.
1446 5654 1568 5720 “6,
1603 5654 1784 5710 Canis.
1817 5655 1886 5709 65
1927 5655 2197 5726 (Froben.
2225 5657 2381 5729 epist.

859 5744 891 5778 ἶ.)
955 5765 967 5778 .

859 5744 967 5778 θοι.

902 5806 924 5832 ο
962 5793 1114 5866 lianc,
1135 5795 1410 5866 epistolam
1449 5810 1511 5850 ex
1708 5810 1808 5853 ms.
1842 5794 1900 5847 S.
1935 5793 2193 5866 Germani
2222 5795 2388 5851 edidit

831 5864 1000 5919 Lucas
1027 5864 1285 5920 Achc‘rius
1321 5875 1447 5921 tom.
1491 5866 1553 5921 Ill
1593 5865 1736 5934 Spie.
1768 5881 1888 5920 nov.
1933 5865 2069 5918 l'ldit.
2101 5881 2220 5936 pag.
2260 5866 2382 5921 52f.

2480 2013 2659 2079 faciat,
2685 2017 2767 2069 vir
2794 2015 3160 2071 dilectissime.

2873 2105 3036 2179 au.
3059 2105 3086 2145 ιι
3129 2101 3458 2160 EPISTOLA
3490 2103 3639 2160 ccu.

3094 2209 3161 2248 AD
3200 2208 3424 2249 Αιιιεωι.

2756 2281 3076 2337 Charitatem
3111 2299 3262 2337 suam
3291 2284 3457 2338 amico
3483 2283 3764 2354 signiﬁcat.

2547 2373 2752 2430 Dilecto
2778 2374 2952 2430 amico
2981 2374 3231 2429 salutem.

2545 2467 2753 2521 Placuit
2796 2465 3047 2518 canitiem
3084 2471 3316 2518 vestram
3343 2477 3506 2534 parva
3533 2462 3869 2520 salutationis
3889 2463 4045 2521 char-

2477 2558 2584 2612 tula
2629 2556 2916 2627 appellare,
2946 2554 3039 2610 sed
3072 2569 3179 2609 non
3226 2569 3394 2624 parvo
3426 2553 3706 2610 cbaritatis
3743 2554 3954 2621 oﬂicio;
3985 2563 4048 2610 ut

2476 2648 2678 2712 sciatis,
2711 2647 2836 2701 licet
2860 2647 3015 2714 longe
3044 2644 3298 2714 positum,
3327 2643 3490 2698 vestri
3514 2650 3694 2697 tamen
3713 2643 3909 2699 habere
3935 2659 4046 2699 me-

2477 2740 2722 2801 moriam,
2763 2746 2817 2792 et
2850 2734 3232 2790 familiaritatis
3277 2749 3382 2790 nou
3422 2733 3688 2798 oblivisci,
3721 2749 3879 2803 quam
3904 2749 4045 2804 prae-

2477 2838 2656 2885 sentes
2681 2827 2997 2882 suavissima
3021 2825 3306 2880 dilectione
3332 2831 3385 2879 et
3406 2823 3768 2880 consolatione
3788 2839 3886 2880 nos
3909 2825 4048 2881 inter

2476 2920 2788 2982 habuimus,
2817 2917 3026 2971 firmam
3069 2929 3282 2984 semper
3324 2915 3466 2968 inter
3506 2929 3604 2968 nos
3651 2927 3965 2982 permanere
3991 2915 4046 2968 in

2475 3007 2693 3063 Christo
2741 3004 3056 3060 charitatem
3079 3043 3096 3068 ,
3128 3017 3229 3058 nec
3281 3001 3521 3072 quolibet
3560 3010 3720 3056 vento
3758 3001 4045 3073 falsiloqnii

2477 3094 2700 3158 destrui,
2727 3093 2820 3149 sed
2845 3092 3011 3148 solida
3041 3091 3297 3147 firmitate
3319 3091 3463 3146 inter
3484 3105 3670 3146 omnes
3689 3091 3848 3160 hujus
3864 3095 4047 3149 smeuli

2477 3187 2831 3244 adversitates
2882 3183 3209 3239 immobilem
3259 3198 3471 3254 semper
3510 3183 3824 3240 consistere.
3865 3185 4044 3241 Nostri

2403 3266 2450 3328 C
2479 3292 2685 3333 memor
2709 3278 2761 3332 in
2789 3275 3123 3332 orationibus
3147 3273 3254 3328 tuis
3279 3287 3488 3344 semper
3511 3271 3896 3342 valeto,.frater
3911 3276 4044 3332 cha-

2476 3369 2712 3424 rissime.

2973 3484 2998 3513 ο
3019 3469 3350 3528 EPISTOLA
3382 3469 3553 3528 CCIII.
3591 3475 3595 3480 ”

2914 3581 2989 3618 ΑΒ
3028 3577 3613 3619 αιιιιεειιυιλιι.

2477 3657 2553 3712 De
2587 3657 2970 3728 comparatione
3003 3670 3334 3778 numerarunt:
3388 3651 3583 3709 Veteris
3609 3662 3657 3708 et
3694 3653 3830 3710 Noui
3866 3655 4046 3712 Testa-

3173 3739 3253 3777 me
3313 3740 3354 3777 ι.

3173 3739 3354 3777 menti.

2548 3837 2748 3892 Dilecto
2777 3836 2887 3891 filio
2913 3851 3030 3890 meo
3061 3833 3080 3874 ί
3108 3832 3451 3890 Gallicellula:
3473 3831 3697 3887 Albinus
3721 3832 3969 3888 salutem.

2546 3927 2682 3992 Quia
2709 3942 2793 3980 me
2820 3926 3018 3996 rogasti
3045 3925 3111 3980 de
3137 3937 3481 3977 numerorum
3508 3920 3735 3986 ratione,
3763 3922 3846 3977 vel
3874 3925 4045 3992 magis

2477 4018 2900 4087 comparatione.
2934 4015 3026 4084 qui
3073 4014 3125 4068 in
3173 4013 3351 4068 Veteri
3396 4011 3538 4083 Lege
3584 4013 3942 4080 inveniuntur,
3976 4017 4042 4068 ad

2479 4109 2853 4164 auctoritatem
2879 4105 3010 4160 Novi
3038 4103 3366 4160 Testamenti
3399 4102 3626 4169 referre;
3655 4104 3780 4173 quia
3819 4120 3927 4160 non
3950 4120 4044 4160 oc-

2479 4201 2648 4256 currit
2682 4198 2833 4254 nobis
2864 4197 2968 4250 iter
2993 4195 3270 4266 agentibus
3293 4194 3444 4264 plura
3471 4194 3739 4259 scribere;
3765 4209 3796 4249 a
3824 4195 4045 4250 denario

2479 4305 2660 4348 tamen
2707 4291 3044 4360 incipiamus,
3068 4290 3236 4343 donec
3263 4302 3434 4356 usque
3469 4286 3537 4341 ad
3565 4289 3822 4341 unitatem
3855 4301 4044 4356 perve-

2481 4387 2708 4447 niamus,
2735 4391 2795 4436 ut
2832 4396 2953 4436 cum
2992 4379 3216 4450 pedibus
3242 4375 3534 4448 gradientis
3574 4375 3811 4431 calamus
3853 4386 4044 4432 currat

2482 4474 2786 4531 scribentis.

2553 4570 2744 4623 Decem
2764 4574 3025 4636 praecepta
3050 4571 3176 4619 sunt
3199 4563 3378 4633 Legis,
3403 4577 3521 4632 qua:
3549 4563 3668 4618 data
3689 4567 3814 4617 sunt
3835 4560 3889 4614 in
3913 4561 4043 4616 dua-

2481 4660 2581 4713 bus
2607 4656 2800 4712 tabulis
2826 4670 2922 4725 per
2962 4653 3177 4725 Moysen
3201 4659 3257 4708 et
3279 4651 3458 4706 Aaron
3495 4650 3690 4722 populo
3721 4649 3817 4704 Del
3842 4647 4038 4720 (tam.

2481 4829 2549 4885 Et
2575 4837 2694 4900 post
2721 4828 2865 4883 illum
2893 4825 3150 4900 ἒπειτα-ἁ.
3177 4824 3307 4900 Pet.
3335 4831 3465 4877 tam.
3494 4821 3536 4876 Il
3851 4830 3993 4892 part.
4022 4838 4038 4876 ι

2482 4917 2546 4953 ex
2576 4891 2709 4953 'ood.
2751 4913 2853 4951 ms.
2897 4895 2956 4950 S.
2990 4893 3330 4956 Emmerami,
3373 4907 3534 4960 quam
3573 4891 3892 4948 contulimus
3919 4906 4040 4948 cum

2483 4969 2635 5022 codd.
2667 4981 2798 5020 mss.
2833 4963 3242 5027 Salisburgensi,
3263 4969 3318 5016 et
3337 4961 3473 5016 binis
3499 4961 4036 5017 San—Emmeramen-

2483 4979 2635 5022 codd.
2667 4981 2798 5020 mss.
2833 4979 3072 5018 sansour
3107 4979 3242 5027 ensi,
3263 4979 3318 5016 et
3337 4979 3473 5016 nmis
3499 4979 4036 5017 aan—nmmeramen—

2483 5038 2649 5110 sibus.
2679 5054 2707 5110 i_
2732 4979 3202 5110 Hanc‘epistofam,
3228 5031 3607 5110 ac__duas_alias
3632 5030 3716 5100 (de
3735 5029 4040 5110 decerpser-

2484 5105 2560 5158 bis
2586 5104 2756 5175 Legis,
2785 5114 2832 5175 et
2861 5095 3116 5175 tte-tribus
3133 5095 3401 5175 generibus
3426 5095 3676 5175 visionum
3697 5095 4040 5175 adfridugi-

2483 5176 2620 5248 sunt)
2657 5167 3053 5248 ait'Acherius,
3091 5167 3298 5248 A_Icuini
3329 5169 3541 5248 nomine
3572 5167 3876 5248 insignitas,
3903 5167 4040 5248 inte!

2485 5237 2632 5298 varia
2663 5245 2900 5317 ejusdem
2925 5242 3160 5296 auctoris
3182 5240 3436 5317 opuscula
3462 5237 3872 5317 nactusspmhin
3901 5237 4035 5317 scri-

2484 5323 2575 5385 pto
2599 5304 2784 5368 codice
2811 5318 3136 5435 pervenisti),
3166 5304 3324 5378 quem
3363 5309 3502 5364 dono
3539 5304 3852 5386 mihidedit
3873 5305 4040 5386 solers

2483 5393 2538 5456 et
2557 5384 2796 5456 eruditus
2851 5378 3120 5456 ibliogrola
3149 5376 3468 5456 P_a_risi_cnsis
3485 5375 3780 5456 Ludovncus
3798 5373 4039 5456 inﬂatae;

2485 5453 2716 5506 Certone
2749 5451 2849 5504 has
2883 5441 3135 5506 euis'tolas
3172 5447 3397 5504 Alcuino
3439 5443 3707 5500 ascribere
3745 5441 4039 5499 debueras?

2483 5523 2627 5575 dicet
2659 5520 2870 5589 aliquis.
2909 5512 2986 5589 Ita
3020 5532 3170 5589 sane,
3199 5515 3491 5589 cum‘euim
3525 5529 3620 5589 eas
3650 5512 3847 5584 stylum
3871 5518 3927 5565 et
3951 5524 4039 5582 ge-

2486 5591 2632 5643 nium
2676 5583 2808 5643 tanti
2851 5588 2951 5643 viri
2999 5588 3206 5658 spirare
3238 5583 3762 5658 animadvertissem,
3803 5593 4037 5658 τετε-φη

2485 5660 2792 5721 tribuerem,
2823 5658 2952 5712 nihil
2978 5649 3328 5726 causae‘fuita
3358 5653 3608 5726 (Eruben.
3637 5649 3973 5726 epist._

2562 5727 2583 5766 τ
2625 5716 2984 5798 Gallicellufte.
3234 5716 3376 5798 mss;
3401 5716 4033 5798 ιιρῧῳιΔζίξαζιὲαιιὸιο.

2488 5796 2687 5852 Nomen
2717 5797 3000 5854 ascititiutu
3027 5793 3301 5866 ettjnsdam
3325 5790 3566 5863 discipuli
3592 5788 3813 5846 Alcuini.
