4428 6454
298 510 405 565 177

1720 494 2094 558 EPISTOLA‘S.

3436 506 3536 561 £78

297 626 413 699 xx).
467 626 655 679 Decem
706 637 858 676 mnas
903 621 1047 677 dedit
1085 619 1330 674 Christus
1360 616 1635 686 utriusque
1679 617 1856 686 populi
1884 619 1927 675 A
1957 614 2200 684 partibus
2238 612 2408 667 tribus
2440 613 2612 668 modis
2648 612 2842 667 colitur
2877 612 3075 685 [Codd.
3115 630 3239 673 ms..
3275 617 3532 677 Caldith

297 713 739 788 praedicatoribus
764 711 913 782 (Luc.
941 725 1050 773 xIx,
1083 707 1191 779 15).

370 804 565 859 Decem
592 803 761 873 plagis
796 815 1046 870 percussa
1092 807 1175 853 est
1218 796 1497 868 Egyptus,
1531 804 1588 849 ut
1633 792 1857 864 populus

296 890 399 950 Dei
437 893 758 948 liberaretur
794 890 989 961 (Exod.
1029 905 1125 953 xu,
1153 888 1228 960 5).
1257 888 1360 942 Per
1388 886 1570 941 decem
1612 898 1862 955 persecu-

297 983 474 1038 tiones
500 989 750 1036 coronata
775 990 856 1035 est
890 976 1127 1034 Ecclesia
1160 978 1378 1032 Christi.

372 1072 588 1126 Decima
644 1070 731 1125 die
781 1070 979 1123 mensis
1028 1064 1185 1138 primi
1238 1068 1495 1123 tenendus
1546 1067 1645 1121 fuit
1692 1080 1859 1136 agnus

298 1160 586 1234 paschalis,
615 1160 705 1229 qui
735 1158 1087 1213 immolandus
1132 1158 1231 1212 fuit
1259 1172 1350 1211 XIV
1380 1158 1465 1212 die
1500 1158 1697 1211 mensis
1720 1155 1859 1222 ejus—

298 1250 442 1305 dem.
488 1249 702 1305 Decima
730 1250 860 1304 hora
898 1247 1068 1321 [Nona
1094 1246 1298 1320 utique]
1326 1246 1422 1317 pro
1463 1248 1644 1302 mundi
1689 1247 1860 1302 salute

299 1353 470 1407 agnus
510 1338 797 1408 paschalis,
844 1339 897 1392 id
941 1347 1022 1393 est
1066 1337 1339 1403 Christus,
1391 1339 1443 1391 in
1489 1353 1647 1392 cruce
1685 1339 1861 1392 emisit

298 1422 561 1497 Spiritum
602 1424 812 1499 (Matth.
850 1444 1015 1492 xxvu,
1056 1427 1143 1493 46,
1190 1428 1290 1492 50;
1336 1438 1383 1481 et
1436 1429 1607 1482 Marc.
1656 1431 1858 1494 αλιι.

298 1516 369 1571 s7
392 1517 430 1587 ).
1002 1540 1011 1545 ~

372 1608 587 1663 Decima
625 1607 980 1678 generatione
1028 1608 1174 1662 venit
1216 1608 1491 1670 diluvium,
1536 1616 1588 1661 et
1632 1608 1862 1677 perdidit

297 1696 491 1767 impios
517 1692 666 1770 (Gen.
695 1697 812 1769 vn).
841 1692 969 1752 Post
998 1698 1179 1752 decem
1210 1712 1361 1766 reges
1407 1696 1682 1752 novissimi
1729 1705 1862 1752 tem-

296 1790 449 1859 poris
470 1790 708 1844 nascitur
730 1789 1146 1855 Anti-Christus,
1165 1805 1286 1845 cum
1308 1806 1412 1858 quo
1436 1798 1657 1858 pereunt
1676 1802 1862 1846 omnes

299 1880 450 1951 impii
477 1878 657 1952 (Apoc.
685 1897 818 1946 xvn,
849 1880 955 1953 12).
1046 1928 1052 1937 .

368 1947 568 2024 Novem
619 1970 884 2039 lapidibus
910 1947 1125 2039 opertus
1154 1979 1235 2024 est
1260 1970 1631 2039 archangelus,
1660 1969 1749 2040 qui
1774 1989 1862 2027 ce-
1893 1947 1934 2005 Β

297 2059 430 2114 cidit
455 2058 521 2113 de
544 2059 700 2114 coelo.
746 2058 947 2114 Novem
991 2059 1207 2115 ordines
1235 2059 1545 2130 angelorum
1591 2074 1860 2115 remanse-

297 2156 427 2203 runt
456 2149 508 2202 iu
534 2148 688 2203 ccelo.

370 2258 500 2313 Octo
536 2260 724 2313 anima:
750 2260 904 2315 salute
930 2261 1081 2330 facta!
1110 2270 1225 2314 sunt
1254 2261 1306 2314 in
1355 2276 1479 2317 arca
1505 2261 1555 2333 (I
1600 2261 1744 2315 Petr.
1777 2279 1858 2328 ιιι,

296 2348 410 2416 20).
457 2348 589 2404 Octo
624 2350 1058 2424 heatitudinibus~
1078 2351 1350 2405 salvantur
1380 2353 1572 2408 animae
1600 2353 1780 2409 ﬁdeles
1810 2355 1862 2409 iu

299 2439 537 2493 Ecclesia
566 2440 776 2510 (Matth.
806 2456 858 2503 v,
886 2440 919 2496 3
942 2440 1092 2511 seq.).

368 2548 570 2605 Octavo
616 2551 699 2605 die
746 2550 801 2604 in
836 2551 1028 2620 populo
1076 2551 1215 2624 [Dei]
1259 2552 1720 2609 circumcidendus
1762 2556 1857 2609 fuit

300 2639 520 2711 [cunnis]
567 2641 832 2696 masculus
875 2656 1008 2710 puer
1054 2642 1233 2713 (Leuit.
1286 2661 1381 2707 xu,
1429 2644 1503 2714 5).
1550 2645 1748 2700 Octavo
1777 2647 1859 2701 die

296 2726 647 2783 circumcisus
674 2737 755 2783 est
775 2728 1020 2784 Christus
1054 2728 1199 2799 (Luc.
1230 2747 1286 2795 ιι,
1312 2731 1421 2801 21),
1452 2746 1549 2799 per
1580 2731 1729 2799 cujus
1756 2733 1861 2786 cir-

294 2820 680 2875 cumcisionem
706 2827 830 2874 octo
861 2820 1175 2889 principalia
1206 2822 1333 2874 vitia
1370 2823 1733 2876 destruuntur.

370 2905 609 2975 Septima
639 2906 725 2961 die
766 2906 1029 2974 requievit
1070 2907 1209 2960 Deus
1232 2908 1298 2961 ab
1337 2908 1583 2962 omnibus
1609 2908 1860 2976 operibus

294 2997 412 3053 suis
439 2995 590 3068 (Gen.
618 3013 679 3061 ιι,
702 2996 777 3067 2).
816 2997 1054 3066 Septima
1078 3004 1234 3052 mtate
1261 2998 1600 3066 requiescunt
1629 2999 1797 3052 sancti
1827 3014 1857 3052 a

297 3087 574 3143 laboribus
598 3086 755 3155 hujus
784 3088 985 3142 saeculi.

371 3198 577 3269 Septem
620 3197 884 3251 columnas
918 3198 1108 3251 excidit
1149 3200 1411 3276 sapientiq
1440 3200 1505 3253 ad
1545 3209 1859 3254 construen-

299 3286 423 3341 dam
442 3266 556 3341 sibi
588 3286 803 3341 domum
830 3286 1007 3357 (Prov.
1045 3302 1117 3350 1x,
1153 3266 1223 3357 1).
1255 3266 1469 3355 Septem
1508 3289 1661 3343 donis
1689 3290 1857 3343 sancti
1883 3266 1930 3329 (ἶ

299 3374 533 3445 Spiritus
578 3375 822 3432 Christus
870 3377 1085 3432 domum
1123 3392 1295 3442 suam,
1328 3377 1381 3432 id
1430 3386 1512 3432 est
1540 3377 1857 3446 Eeclesiam,

298 3463 659 3520 conﬁrmavit.
1420 3460 1421 3463 “
1477 3448 1485 3459 ’

371 3555 478 3609 Sex
502 3553 840 3633 diebusi'ecit
867 3555 1007 3610 Deus
1034 3553 1223 3610 coelum
1254 3565 1307 3611 et
1334 3567 1560 3623 terram,
1589 3569 1642 3613 ct
1680 3562 1857 3615 omnia

298 3657 420 3711 qua:
448 3643 502 3696 in
527 3644 605 3697 eis
652 3652 794 3698 sunt.
833 3642 938 3699 Sex
962 3646 1208 3699 aetatibus
1248 3646 1427 3700 omnia
1453 3660 1676 3703 currunt
1702 3634 1859 3719 hujus

297 3733 481 3790 seculi
514 3744 772 3803 tempora.
1275 3747 1278 3751 ‘

370 3817 533 3877 Sexta
560 3822 643 3875 die
668 3830 879 3878 creatus
908 3832 991 3879 est
1027 3825 1185 3879 homo
1211 3825 1277 3879 de
1321 3818 1656 3879 immaculata
1692 3836 1851 3880 terra.

301 3909 466 3966 Sexta
488 3920 645 3967 :etate
670 3912 835 3969 Filius
862 3913 955 3970 Dei
988 3914 1053 3969 de
1081 3914 1417 3969 immaculata
1450 3916 1663 3984 Virgine
1686 3914 1857 3970 factus

300 4010 383 4058 est
406 4002 587 4057 homo.
1507 4035 1517 4045 κ
1667 4011 1670 4014 ’

280 4144 284 4148 .
368 4090 425 4143 In
454 4092 687 4160 quinque
722 4092 871 4146 libris
910 4092 1201 4149 Israelitico
1242 4094 1432 4164 p0pulo
1463 4094 1669 4164 Moyses
1716 4097 1858 4148 dedit

297 4188 562 4250 pnncepta
591 4182 819 4236 vivendi.
850 4182 1091 4251 Quinque
1116 4183 1313 4237 talenta
1339 4184 1582 4238 Christus
1606 4186 1671 4239 ad
1694 4185 1858 4239 cmlos

298 4270 513 4325 rediens
542 4270 679 4325 ﬁdeli
710 4272 924 4327 tradidit
949 4287 1100 4328 servo
1133 4272 1341 4345 (Metili.
1370 4291 1495 4339 xxv,
1525 4274 1633 4347 15).

370 4380 530 4451 215
566 4379 803 4457 Quatuor
829 4383 894 4440 de
932 4400 1035 4439 uno
1070 4386 1305 4456 paradisi
1348 4386 1489 4442 fonte
1527 4374 1595 4443 ad
1630 4391 1869 4460 irrigat);

299 4470 423 4525 dam
450 4471 718 4540 proﬂuunt
742 4473 957 4531 ﬁumina
986 4484 1182 4533 terram
1212 4477 1362 4549 (Cen.
1392 4494 1453 4542 ιι,
1482 4478 1589 4550 10).
1620 4478 1859 4544 Quatuor

1959 701 2062 773 est]
2096 702 2254 766 Deus,
2284 701 2407 766 ﬁde,
2436 717 2529 771 spe
2558 711 2612 756 et
2638 702 2920 755 charitate.

2030 791 2157 844 Tria
2186 790 2437 859 prmeepit
2466 790 2604 842 Deus
2631 789 2903 843 Abraham
2929 789 3110 843 dicens
3136 807 3148 842 :
3180 780 3439 858 Egredere
3463 794 3528 845 de

1959 892 2096 935 terra
2132 892 2242 943 tua,
2279 890 2326 935 et
2352 882 2414 934 de
2448 881 2751 949 cognatione
2780 890 2892 944 tua,
2919 890 2966 934 et
2991 882 3052 933 de
3076 880 3227 933 domo
3261 880 3424 949 patris
3452 890 3526 932 tu

1960 968 2111 1041 (Gen.
2151 987 2250 1035 xu,
2284 972 2356 1040 1).
2394 971 2518 1023 Tria
2547 971 2929 1039 promittuntur
2966 971 3144 1024 nobis
3184 969 3524 1031 resurrectio,

1960 1062 2069 1114 vita
2099 1056 2153 1114 et
2177 1062 2365 1130 gloria.
3554 1045 3559 1050 ’

2031 1150 2155 1203 Diue
2183 1149 2397 1202 fuerunt
2422 1150 2613 1203 tabulze
2639 1150 2977 1215 testamenti,
3018 1151 3069 1203 in
3097 1150 3289 1220 quibus
3316 1150 3535 1203 decalo-

1960 1253 2057 1310 gus
2082 1239 2247 1308 digito
2264 1238 2355 1291 Dei
2381 1239 2712 1292 scribebatur
2734 1240 2927 1307 (Exod.
2956 1256 3102 1302 xxxt,
3128 1238 3234 1309 18).
3264 1237 3381 1291 Duo
3406 1246 3528 1291 sunt

1960 1336 2223 1397 praecepta
2254 1328 2554 1391 charitatis,
2585 1343 2703 1397 qua:
2739 1328 2902 1397 digito
2936 1328 3063 1392 Dei,
3099 1328 3151 1381 id
3181 1337 3295 1393 est,
3326 1325 3528 1396 Spiritu

1960 1428 2144 1474 sancto
2174 1420 2226 1473 in
2254 1418 2503 1473 cordibus
2532 1419 2837 1474 scribuntur
2866 1420 3116 1475 ﬁdelium.

2032 1511 2145 1563 Duo
2174 1509 2387 1563 fuerunt
2411 1509 2696 1565 Cherubim
2728 1512 2778 1563 in
2809 1512 3002 1581 templo
3033 1530 3043 1563 :
3076 1512 3361 1567 Cherubim
3389 1510 3526 1564 ηιιιιο

1958 1598 2122 1653 titudo
2176 1598 2405 1651 scientiae
2460 1599 2846 1666 interpretatur
2893 1600 3095 1669 (Num.
3151 1618 3265 1666 vn,
3318 1601 3423 1666 89;
3475 1608 3529 1654 et

1960 1687 2057 1744 HI
2080 1688 2208 1761 Reg.
2242 1706 2318 1755 vr,
2347 1690 2416 1745 25
2442 1693 2591 1761 seq.).
2624 1691 2746 1745 ideo
2772 1691 2888 1743 duae
2909 1698 3089 1759 partes
3112 1698 3239 1743 sunt
3263 1690 3523 1753 scientiae;

1960 1793 2065 1835 una
2092 1789 2175 1836 est
2194 1781 2461 1835 diabolum
2490 1782 2810 1850 relinquere,
2834 1780 3000 1834 altera
3028 1779 3194 1834 Deum
3218 1778 3455 1849 diligere.

2036 1871 2149 1927 Una
2180 1870 2280 1924 fuit
2307 1886 2454 1935 ama,
2485 1871 2538 1924 in
2567 1886 2671 1949 qua
2707 1869 2905 1923 mundo
2929 1876 3184 1938 pereunte
3213 1867 3395 1921 ﬁdeles
3422 1866 3528 1920 sal-

1962 1962 2069 2014 vati
2094 1971 2235 2015 sunt.
2262 1960 2376 2015 Una
2404 1968 2488 2013 est
2514 1958 2719 2031 [sancta
2741 1958 2857 2029 Dei]
2887 1957 3144 2021 Ecclesia,
3167 1970 3271 2025 qua
3299 1971 3528 2025 pereun-

1960 2050 2101 2103 tibus
2130 2049 2497 2119 pcceatoribus
2526 2048 2799 2102 salvantur
2826 2047 3027 2102 ﬁdeles.
3102 2050 3105 2051 ⁷

2033 2136 2181 2199 Unus
2206 2133 2305 2191 fuit
2331 2136 2586 2191 transitus
2614 2134 2889 2189 Israelitici
2918 2134 3091 2203 p0puli
3122 2148 3217 2202 per
3245 2132 3389 2185 Mare
3418 2131 3526 2184 Ru-

1960 2229 2144 2293 brum,
2177 2236 2235 2281 ut
2261 2228 2581 2297 promissam
2608 2228 2905 2295 acciperent
2937 2233 3135 2277 terram
3164 2222 3357 2292 (Exod.
3389 2222 3520 2289 xw).

1961 2316 2134 2370 Unum
2174 2327 2245 2370 est
2281 2312 2560 2385 baptisma,
2599 2330 2696 2385 per
2734 2314 2876 2384 quod
2916 2312 3296 2368 transeundum
3337 2320 3419 2367 est
3457 2310 3521 2363 ad

1961 2410 2123 2461 vitam
2148 2416 2403 2463 aeternam
2434 2406 2645 2478 (Ephes.
2675 2419 2750 2471 tv,
2780 2404 2855 2475 5).

2413 2531 2437 2559 ι
2478 2515 2807 2571 EPISTOLA
2844 2516 2872 2555 ιι
2909 2514 3081 2570 CCIV.

2520 2623 2587 2660 AD
2628 2620 2966 2661 FRIDUCISUI.

2316 2696 2393 2750 De
2418 2697 2580 2749 tribus
2605 2696 2877 2766 generibus.
2900 2695 3171 2747 visionum.

2029 2788 2153 2845 Tria
2172 2797 2304 2844 sunt
2324 2803 2517 2859 genera
2541 2787 2803 2841 visionum
2829 2803 2842 2838 :
2866 2800 3032 2838 unum
3058 2782 3353 2853 corporale,
3382 2780 3524 2835 aliud

1957 2879 2264 2949 spirituale,
2298 2878 2515 2932 tertium
2544 2874 2916 2930 intellectuale.
2947 2871 3231 2941 Corporale
3266 2880 3348 2926 est
3384 2870 3524 2941 quod

1956 2966 2228 3035 corporeis
2256 2965 2427 3019 oculis
2454 2965 2663 3018 videtur
2694 2962 2844 3034 [Cod.
2872 2962 3010 3026 Sal.,
3039 2963 3221 3024 videre
3248 2959 3521 3030 solemus].

1958 3053 2244 3124 Spirituale
2268 3060 2350 3107 est
2375 3052 2536 3121 quod,
2566 3061 2773 3105 remota
2795 3051 3057 3121 corporali
3084 3051 3307 3114 visione,
3339 3050 3393 3103 in
3418 3050 3525 3118 spi-

1958 3148 2058 3198 ritu
2108 3144 2221 3198 solo
2263 3158 2360 3213 per
2404 3142 2838 3213 imaginationem
2884 3141 3171 3210 quamdam
3215 3141 3519 3204 cernimus,

1960 3235 2096 3287 sicut
2110 3248 2230 3287 cum
2252 3231 2389 3286 forte
2413 3230 2671 3301 quidlibet
2696 3231 2932 3300 ignotum
2956 3227 3125 3282 oculis
3148 3227 3519 3297 perspicimus,

1959 3322 2139 3380 statim
2164 3322 2280 3393 ejus
2310 3323 2384 3377 rei
2414 3323 2590 3393 imago
2617 3322 2877 3376 formatur
2914 3321 2968 3374 in
3006 3319 3225 3389 spiritu,
3256 3318 3359 3373 sed
3376 3318 3526 3388 prius

1958 3434 2062 3475 non
2099 3424 2321 3488 apparet
2356 3416 2444 3470 illa
2474 3401 2767 3486 spiritualis
2797 3413 3102 3484 imaginatio
3140 3425 3300 3481 quam
3338 3424 3525 3479 corpo-

1958 3507 2086 3561 ralis
2131 3505 2291 3560 allata
2335 3506 2406 3558 sit
2450 3503 2678 3569 iutuitio.
2717 3500 3076 3556 lntellectuale
3113 3508 3197 3554 est
3233 3498 3373 3568 quod
3411 3497 3523 3551 sola

1958 3597 2149 3649 mentis
2175 3593 2456 3649 vivacitate
2481 3591 2903 3655 consideramus,
2931 3589 3091 3660 veluti
3122 3603 3241 3642 cum
3268 3588 3521 3656 scriptum

1956 3684 2179 3753 legimus
2232 3701 2245 3737 :
2303 3682 2498 3752 Diliges
2544 3682 2836 3752 proximum
2890 3690 3035 3732 tuum
3080 3679 3211 3731 sicut
3260 3686 3307 3729 te
3356 3676 3520 3745 ipsum
3606 3740 3611 3748 _

1956 3773 2168 3842 (.ilattlt.
2218 3786 2332 3835 xxx,
2379 3770 2487 3838 19).
2539 3769 2753 3822 Littera:
2794 3776 2971 3820 autem
3015 3764 3276 3835 corporali
3321 3765 3522 3817 visione

1953 3861 2221 3932 leguntur,
2252 3869 2306 3915 et
2332 3860 2607 3932 proximus
2636 3856 2895 3927 spirituali
2924 3855 3299 3925 imaginatione
3345 3869 3519 3907 reme-
3594 3892 3595 3895 η

1955 3930 2215 4014 moratur,
2246 3956 2301 4003 et
2328 3930 2553 4003 dilectio‘
2568 3946 2679 4002 sola
2709 3944 2903 4000 mentis
2929 3944 3290 4014 intelligentia.

2023 4042 2262 4096 Primum
2309 4048 2486 4095 autem
2534 4054 2700 4109 genus
2730 4026 2967 4091 visionis
3012 4035 3259 4090 omnibus
3304 4034 3519 4091 notissi-

1958 4150 2102 4186 mum
2144 4142 2257 4190 est.
2322 4132 2626 4186 Secundum
2685 4146 2833 4200 teque
2887 4128 3130 4184 omnibus
3187 4136 3517 4182 consuetum.

1958 4220 2196 4273 Tertium
2235 4234 2265 4272 a
2293 4219 2558 4289 plerisque
2586 4220 2904 4288 ignoratum,
2937 4206 3063 4288 quia
3090 4218 3521 4273 discernere-nc-

1956 4318 2176 4381 queunt,
2203 4310 2332 4380 quid
2372 4310 2442 4363 sit
2482 4308 2777 4378 spirituale,
2818 4310 2942 4378 quid
2981 4308 3331 4363 intellectuale
3361 4326 3373 4361 :
3404 4323 3520 4377 qua:

1958 4402 2062 4457 duo
2114 4400 2399 4472 Apostolus
2453 4414 2560 4453 una
2618 4400 2881 4455 sententia
2932 4405 2983 4453 et
3046 4399 3148 4452 hac
3208 4391 3518 4451 brevissima

1959 4492 2157 4561 optime
2195 4490 2450 4545 discrevit
2494 4506 2506 4541 :
2558 4487 2731 4542 Orubo
2768 4489 2971 4558 spiritu,
3023 4487 3179 4540 orabo
3221 4497 3269 4540 et
3305 4496 3469 4539 mente
3498 4503 3517 4539 :

299 4558 585 4657 Evangelia
614 4559 679 4657 de
715 4576 826 4657 uno
851 4562 1015 4657 fonte,
1044 4567 1133 4634 qui
1161 4575 1245 4657 est
1272 4565 1533 4657 Christus,
1564 4569 1860 4657 procedum
1888 4597 1933 4657 ο
1956 4558 2047 4651 pg.

1764 4577 1860 4622 υιη
1888 4597 1933 4657 ο
1956 4558 2176 4651 psallam
2221 4579 2425 4647 spiritu,
2474 4575 2694 4645 psallam
2737 4586 2783 4629 et
2826 4586 2990 4629 mente
3019 4575 3084 4646 (I
3114 4574 3231 4629 Cor.
3261 4591 3372 4639 xlv,
3404 4562 3513 4643 iii).

300 4646 371 4701 ad
404 4646 672 4717 irriganda
702 4650 863 4707 corda
898 4651 1072 4719 arida,
1106 4660 1164 4706 ut
1195 4655 1451 4709 virtutum
1483 4654 1699 4709 ﬁoribus
1733 4671 1854 4711 ver—

300 4746 449 4793 neut.

320 4896 323 4899 ,
370 4849 609 4919 Quatuor
657 4861 795 4909 suut'
825 4852 1119 4933 elementa,
1168 4854 1361 4925 quibus
1390 4852 1593 4909 mundi
1640 4864 1859 4910 ornatus

299 4942 534 4996 maxime
568 4951 794 4997 constat.
831 4943 1069 5010 Quatuor
1103 4954 1226 4999 sunt
1251 4946 1495 5011 virtutes,
1531 4948 1723 5018 quibus
1760 4949 1858 5002 mi-

300 5044 403 5089 nor
429 5030 678 5095 mundus,
708 5031 761 5085 id
787 5041 893 5107 est,
921 5034 1078 5088 homo
1103 5036 1283 5089 ornari
1312 5036 1487 5105 debet.

372 5117 564 5175 Tribus
599 5120 766 5176 modis
792 5120 962 5176 Adam
999 5129 1231 5177 tentatas
1258 5136 1361 5189 est,
1392 5134 1446 5179 et
1472 5137 1783 5196 superatus,
1805 5130 1856 5183 id

300 5214 416 5272 est,
463 5206 605 5278 gula,
642 5208 898 5278 iactantia
937 5214 993 5264 et
1035 5211 1276 5264 avaritia.
1325 5212 1516 5267 Tribus
1562 5215 1645 5269 his
1687 5218 1858 5272 modis

302 5296 568 5368 (iterum)
611 5298 854 5355 Christus
894 5307 1131 5355 tentatus
1176 5308 1289 5366 est,
1337 5310 1393 5356 et
1434 5304 1561 5357 vicit
1604 5305 1856 5360 victorem

300 5384 429 5439 Adae
452 5384 658 5455 (Matth.
688 5389 784 5462 tv).
1700 5398 1703 5399 ⁷

372 5474 538 5531 Totus
582 5477 728 5534 orbis
773 5480 825 5535 in
874 5488 983 5535 tres
1027 5480 1280 5537 dividitur
1320 5493 1521 5555 partes,
1566 5484 1852 5559 Europam,

300 5562 568 5631 Africam,
606 5564 787 5622 Asiam
828 5562 1013 5643 [Codd.
1049 5586 1170 5636 πει,
1208 5579 1263 5626 et
1292 5571 1537 5646 [adiam].
1572 5576 1630 5630 In
1668 5576 1857 5647 quibus

341 5784 354 5800 ο
374 5727 399 5756 ι
440 5714 590 5798 Hanc
616 5728 670 5799 et
693 5719 925 5789 prierem
954 5723 1231 5793 epistolam
1267 5724 1475 5780 edimus
1507 5737 1630 5831 post
1659 5729 1855 5784 Lucam

304 5784 339 5840 ἀ
357 5785 550 5841 Achert
575 5785 716 5841 Smc.
745 5797 873 5841 10m.
898 5790 989 5841 111.
1025 5808 1143 5841 nov.
1174 5794 1309 5841 Edil.
1337 5809 1453 5841 ma-
1480 5797 1603 5841 3.3.-
1634 5814 1693 5841 mr
1726 5801 1855 5841 Ληο-

404 5786 550 5843 cheri
575 5785 716 5859 Spic'.
745 5797 873 5845 tom.
898 5785 1003 5859 ιιι,’
1025 5808 1143 5848 nov.
1174 5794 1309 5850 Edit.
1336 5809 1453 5865 pag.
1480 5785 1604 5864 522,
1634 5814 1697 5854 ex
1726 5801 1855 5857 (illO'.

1961 4669 2216 4738 Spiritum
2243 4666 2479 4721 occultas
2513 4664 2942 4735 signiﬁcationes,
2972 4678 3089 4732 qua:
3115 4671 3237 4717 sunt
3272 4664 3325 4717 in
3366 4663 3514 4719 Scri-

1956 4758 2127 4829 pturis
2154 4756 2371 4820 sanctis,
2402 4754 2721 4819 nominavit;
2751 4762 2804 4807 et
2828 4762 3056 4807 mentem
3086 4751 3516 4808 manifestas‘ha-

1956 4862 2075 4902 rum
2106 4845 2483 4918 intelligendas
2515 4844 2814 4915 appellavit.
2854 4845 3015 4915 216
3049 4843 3225 4899 Voluit
3249 4845 3389 4900 enim
3416 4859 3515 4901 nos

1956 4955 2078 5001 cum
2113 4938 2454 5009 intelligentia
2481 4952 2665 4991 eorum
2702 4949 2818 5005 quae
2852 4935 3098 5000 dicimus,
3134 4934 3218 4989 vel
3249 4950 3405 4989 orare
3431 4939 3514 4991 vel

1948 5030 2201 5100 psallere.
2228 5030 2377 5085 Unde
2398 5030 2524 5093 etin
2553 5028 2655 5082 alio
2674 5028 2791 5082 loco
2811 5026 2975 5081 dicit:
3000 5026 3058 5082 Si
3081 5018 3289 5080 orare'ro
3312 5027 3508 5095 lingua,

1954 5122 2166 5191 spiritus
2186 5136 2327 5173 meus
2349 5105 2483 5183 orat,
2502 5136 2643 5173 mens
2668 5135 2780 5171 mea
2800 5119 2909 5171 sine
2930 5102 3099 5186 {ructu
3120 5126 3194 5169 est
3216 5115 3373 5186 (Ibid.
3401 5117 3507 5187 14).

1956 5212 2052 5266 iiic
2072 5219 2247 5266 autem
2272 5210 2447 5279 lingua
2468 5209 2720 5263 obscuras
2748 5216 2805 5261 et
2823 5208 3075 5276 mysticas
3101 5206 3511 5275 signiﬁcationes

1954 5316 2093 5373 quae.
2119 5302 2292 5357 solent
2337 5301 2699 5355 tantummodo
2746 5300 2931 5368 spiritu
2981 5297 3125 5350 cerui
3174 5296 3506 5369 designavit,

1956 5409 2183 5465 quarum
2226 5394 2271 5447 si
2317 5391 2715 5462 intelligentiam
2760 5392 3085 5466 ignoramus,
3132 5405 3282 5446 meus
3326 5403 3508 5449 nostra

1954 5484 2277 5537 infructuosa
2304 5491 2562 5536 remanet.

2022 5574 2146 5629 H.ec
2169 5587 2379 5641 quoque
2405 5573 2509 5629 duo
2545 5588 2740 5645 genera
2774 5572 3034 5628 visionum
3074 5572 3125 5626 in
3150 5571 3428 5630 Pharaone
3456 5584 3510 5630 et

1951 5721 2051 5779 bus
2091 5738 2219 5794 mss.
2261 5724 2416 5779 codd.
2460 5725 2764 5780 monasterii
2806 5723 2863 5780 S.
2908 5725 3261 5794 Emmerami,
3303 5736 3358 5784 ct
3402 5740 3509 5783 uno

1955 5793 2364 5863 Salisburgensi.

2024 5864 2051 5905 δ
2088 5861 2239 5932 Apud
2268 5862 2491 5919 Froben.
2524 5866 2674 5934 epist.
2710 5863 2823 5920 153.
