4428 6440
692 477 824 532 179

1572 478 1626 529 Β.
1673 477 1730 530 l".
1771 478 1997 532 ALBINI
2047 479 2177 534 εει]
2219 474 2493 532 ΑιευιΝι
2544 473 2827 534 οιιΕιιυιι
2864 475 3042 532 PARS
3077 478 3116 532 Ι.

3865 481 3974 541 £80

716 587 914 657 Joscph
955 587 1274 644 mirabiliter
1299 588 1700 659 distinguuntur
1722 587 1874 659 (Gen.
1900 589 2036 660 xu).
2058 589 2134 644 llli
2158 589 2306 645 enim
2333 593 2379 649 Α
2406 586 2666 642 ambabus
2691 587 3118 644 accusationibus
3141 588 3195 642 iu
3223 588 3364 646 illius
3387 589 3724 655 Sanctissima
3744 601 3991 664 praes.”

720 679 772 732 in
799 678 987 748 spiritu
1031 677 1210 747 futura
1235 679 1680 743 ostendebaatur,
1712 679 1800 734 isti
1826 679 1876 733 in
1908 689 2087 734 mente
2111 667 2306 734 horum

721 770 976 824 revelatio
1006 771 1166 824 facta.
1198 769 1344 825 Illius
1371 771 1595 840 spiritus
1618 770 1942 825 informatus
1964 779 2048 826 est
2074 779 2133 825 ιιι
2159 771 2308 825 vide-

719 868 824 923 ret,
853 860 1008 915 istius
1034 875 1187 914 mcns
1214 859 1514 915 illuminata
1542 869 1626 916 est
1651 870 1712 915 ut
1733 860 2073 932 intelligeret.
2105 861 2308 917 Simili-

720 961 803 1006 ter
826 961 880 1006 et
909 951 1143 1006 Danielis
1170 951 1486 1021 excellentia
1517 960 1718 1007 tentata
1746 963 1830 1006 est
1851 961 1906 1005 et
1933 953 2183 1021 probata,
2211 953 2307 1022 qui

666 1052 673 1058 ‘
717 1051 772 1095 et
819 1040 1086 1103 somnium
1131 1040 1456 1104 futurorum,
1499 1041 1644 1109 quod
1686 1055 1782 1094 rex
1829 1040 2046 1095 videbat
2089 1040 2303 1110 spiritu,

719 1129 1018 1196 intellexit,
1073 1129 1297 1199 ejusque
1351 1130 1852 1199 interpretationem
1907 1119 2018 1202 regi
2071 1130 2308 1186 ostendit

717 1220 882 1286 (Dan.
924 1235 962 1274 ιι
1003 1229 1050 1273 et
1092 1217 1188 1292 tv).
1217 1218 1362 1274 ideo
1407 1220 1579 1290 magis
1622 1219 1708 1274 ille
1758 1218 1861 1273 fuit
1900 1221 2164 1291 propheta
2210 1221 2305 1290 qui

716 1317 896 1364 incute
925 1309 1205 1375 intellexit,
1231 1325 1396 1381 quam
1425 1325 1520 1365 rex
1551 1312 1644 1380 qui
1668 1312 1861 1382 Spiritu
1885 1312 2163 1367 cernebat.
2195 1312 2304 1367 Sed

717 1401 832 1454 hrt-c
873 1401 976 1454 tria
1015 1415 1225 1470 quoque
1261 1414 1459 1471 genera
1487 1402 1754 1455 visionum
1785 1401 1839 1455 in
1878 1401 1969 1455 illa
1999 1400 2302 1472 Scriptura,

716 1505 837 1559 qua:
879 1504 1065 1545 coram
1106 1504 1231 1560 rege
1268 1490 1558 1544 Balthazar
1598 1490 1654 1544 in
1700 1491 1908 1560 pariete
1944 1498 2032 1545 est
2067 1490 2300 1560 depicta,

629 1615 635 1620 η
714 1579 1072 1634 ostenduntur
1095 1579 1257 1649 (Dan.
1279 1576 1357 1651 ν).
1389 1577 1526 1633 Nam
1546 1579 1812 1650 corporali
1837 1580 2041 1635 visione
2071 1596 2164 1635 rex
2188 1596 2304 1635 eer-

716 1668 882 1723 ncbat
908 1669 962 1723 in
991 1669 1198 1740 pariete
1220 1668 1430 1723 litteras
1456 1668 1806 1740 perscriptas,
1833 1669 1988 1739 cujus
2018 1685 2119 1724 nec
2148 1671 2306 1738 spiri-

690 1767 806 1813 ,ιιιε
834 1759 1155 1814 informatus
1182 1759 1302 1826 fuit,
1329 1767 1390 1813 ut
1415 1774 1533 1824 eas,
1572 1759 1700 1816 licet
1732 1761 1963 1826 videret,
1993 1759 2171 1832 legere
2209 1777 2305 1832 po-

717 1853 941 1914 tuisset;
974 1865 1074 1906 nec
1099 1865 1252 1906 mens
1278 1850 1572 1906 illuminata
1595 1851 1892 1922 intelligere
1918 1866 2034 1906 eas.
2062 1852 2306 1908 Accessit

2408 675 2480 728 tia
2509 675 2812 746 diiudicari,
2839 676 2884 730 si
2909 673 3016 730 non
3054 675 3502 736 confunderemur
3529 680 3596 737 de
3634 681 3978 740 dissensionis

2405 773 2552 819 nota.
2575 763 2727 831 Quod
2747 780 2880 820 vero
2906 773 2959 821 te
2983 767 3256 822 nesciente
3280 770 3529 839 perrexi,
3559 772 3850 829 necessitas
3873 767 3978 829 hoc

2405 850 2553 917 fecit,
2582 869 2687 909 non
2717 853 2983 908 voluntas.
3413 840 3417 843 ’

2473 944 2634 1013 217
2673 942 2851 1010 Quare
2891 944 3088 1000 oblitus
3113 944 3281 1013 fuisti,
3324 946 3395 1003 fili
3434 949 3530 1014 mi,
3564 951 3829 1020 quomodo
3855 965 3976 1008 uim

2402 1033 2657 1105 lacrymis
2696 1044 2752 1090 et
2794 1035 3048 1090 inclinata
3076 1037 3292 1106 cervice
3314 1047 3366 1094 te
3401 1054 3498 1110 pro
3520 1055 3652 1111 pace
3679 1049 3736 1096 ει
3759 1056 3978 1096 concor-

2403 1126 2512 1190 dia,
2540 1141 2639 1196 pro
2663 1125 2864 1206 Christi
2893 1141 3078 1182 amore
3113 1135 3362 1199 prmatus
3399 1120 3542 1195 sum,
3578 1130 3732 1201 cujus
3767 1129 3978 1186 debitor

2402 1231 2462 1269 cs
2502 1215 2650 1270 omni
2687 1215 2912 1282 homini,
2942 1216 3113 1271 etiam
3156 1231 3261 1272 non
3299 1214 3537 1288 rogatus.
3568 1217 3637 1279 Et
3670 1218 3715 1274 si
3754 1218 3975 1273 fratrem

2406 1316 2554 1362 tuum
2578 1307 2915 1374 occidissem,
2945 1309 3130 1380 utique
3152 1307 3223 1364 ob
3247 1308 3448 1366 Christi
3475 1317 3797 1380 prmceptum
3823 1297 3974 1380 igno-

2403 1409 2556 1450 scere
2585 1395 2863 1452 debuisses
2901 1415 2915 1450 :
2956 1391 3160 1467 quanto
3187 1397 3379 1468 magis,
3407 1398 3534 1454 dum
3563 1397 3691 1453 nihil
3716 1398 3764 1453 ei
3795 1397 3972 1464 nocui,

2403 1483 2499 1537 sed
2523 1479 2742 1538 omnino
2760 1474 3022 1540 benefecl.
3047 1485 3115 1539 Et
3136 1485 3206 1540 ob
3233 1487 3336 1541 hoc
3361 1485 3698 1541 benefactum
3723 1487 3777 1540 in
3803 1486 3972 1552 ﬁlum,

2404 1573 2653 1628 inimicus
2693 1572 2866 1628 factus
2893 1588 2954 1630 es
2991 1575 3166 1629 amico
3197 1582 3307 1629 tuo.
3347 1572 3458 1630 Nec
3485 1574 3587 1630 “tibi
3624 1574 3742 1645 plus
3773 1583 3879 1640 est,

2403 1662 2808 1734 regeneratione
2831 1663 3003 1719 sancti
3041 1663 3293 1735 Spiritus,
3335 1665 3520 1720 fratris
3557 1662 3760 1736 [Forte,
3784 1663 3973 1736 frater]

2404 1765 2567 1822 quam
2594 1751 2745 1806 mihi.
2771 1747 2839 1806 Et
2864 1751 2911 1807 si
2941 1752 2993 1806 in
3013 1749 3186 1823 prima
3215 1748 3502 1808 mansisset
3524 1751 3884 1824 generatione,
3905 1768 3972 1817 ex

2403 1855 2511 1909 qua
2532 1848 2652 1895 orta
2673 1849 2758 1895 est
2781 1840 3048 1896 discordia
3077 1842 3217 1897 inter
3245 1842 3590 1898 charissimas
3614 1855 3899 1912 personas;
3919 1846 3974 1898 et

717 1954 911 2004 autem
924 1952 978 1999 et
996 1944 1280 2014 propheta,
1305 1943 1394 2013 qui
1419 1951 1706 2012 utrumque
1731 1945 1862 1998 etin
1893 1944 2082 2012 spiritu
2107 1944 2299 1998 obscu-
2331 1929 2376 1988 Β
2399 1932 2454 1986 in
2477 1931 2722 2021 qua?!”
2750 1930 2897 1986 illum
2923 1946 3076 1987 ³³³³³
3109 1947 3271 2003 quam
3297 1947 3404 2021 mea
3435 1948 3534 1990 ηεο
3569 1931 3664 1988 ubi
3702 1947 3805 1988 nec
3842 1931 3974 1991 mihi

717 2027 1246 2103 ritatem‘scriptur.e
1283 2022 1612 2103 perlegcbat,
1656 2040 1712 2086 et
1744 2033 2158 2088 obscurissimas
2187 2034 2302 2104 ejus

715 2127 1133 2198 significationes
1161 2127 1356 2180 mentis
1385 2126 1672 2181 vivacitate
1699 2125 1979 2180 intellexit.
2017 2125 2142 2180 Hzec
2181 2126 2299 2189 tibi,

671 2239 673 2241 ί
716 2219 1034 2274 charissime
1064 2217 1136 2271 fili
1168 2229 1192 2257 ι
1225 2216 1546 2288 Fridugilse,
1588 2217 1753 2270 citato
1791 2230 2041 2270 sermone
2081 2217 2298 2282 dictavi,

716 2327 782 2365 ne
825 2312 1043 2380 ignarus
1080 2310 1238 2379 hujus
1266 2309 1550 2379 tripartite
1587 2309 1816 2364 rationis
1845 2326 2014 2375 esses,
2041 2326 2160 2380 qua:
2186 2326 2302 2366 om-

714 2402 872 2462 nibus
902 2403 1097 2456 usitata
1126 2410 1229 2466 est,
1257 2402 1352 2456 sed
1380 2416 1410 2456 a
1439 2403 1626 2471 paucis
1654 2402 1922 2456 intellecta
1947 2403 1998 2455 ἲν.

1177 2526 1200 2554 ο
1239 2513 1572 2570 EPISTOLA
1609 2514 1635 2554 δ
1677 2514 1828 2571 CCV.

1141 2622 1167 2658 Α
1177 2620 1206 2657 D
1243 2620 1494 2667 ουειιιιλιι
1537 2621 1870 2661 υιεειιιυιυιι.

715 2694 943 2750 Causam
983 2694 1316 2749 dissensionis
1357 2713 1388 2746 a
1427 2711 1481 2748 sc
1522 2695 1788 2760 amolitur,
1829 2705 1877 2750 et
1916 2698 1970 2750 in
2015 2699 2299 2753 amicitiam

1296 2765 1464 2829 redire
1491 2766 1738 2835 postulat.

783 2851 1117 2908 Chariss‘imo
1147 2853 1200 2906 in
1227 2853 1429 2907 Christi
1460 2853 1722 2908 charitate
1752 2853 1859 2909 ﬁlio
1887 2856 2133 2911 salutem.

787 2943 1024 3000 Obsecro
1046 2952 1118 2996 ut
1159 2941 1329 2997 soliue
1363 2943 1581 3013 pietatis
1615 2943 1897 2999 dilectione
1938 2945 2036 3000 has
2065 2956 2302 3017 paternre

715 3033 1015 3088 devotionis
1051 3032 1312 3089 litterulas
1340 3033 1516 3104 legere
1541 3034 1796 3102 digneris.
1840 3034 1969 3100 Cur,
1995 3035 2302 3091 dulcissime

719 3127 824 3192 tili,
855 3120 1233 3179 contumeliam
1272 3123 1624 3178 dissensionis
1651 3131 1851 3178 nostrae
1881 3125 1934 3178 in
1963 3139 2123 3180 aures
2149 3126 2301 3195 pala-

718 3221 858 3291 tinas
887 3218 1099 3274 mittere
1115 3215 1520 3272 voluisti?'Ecce
1549 3216 1618 3271 ibi
1637 3205 1795 3272 sonat
1818 3235 1832 3271 :
1859 3235 1877 3268 ι
1901 3217 2038 3284 Quid
2063 3233 2160 3273 nos
2177 3235 2300 3289 spe-

721 3327 844 3365 rare
889 3309 1148 3365 debemus
1191 3309 1257 3364 de
1307 3308 1519 3363 illorum
1563 3309 1823 3373 amicitia,
1869 3309 1960 3378 qui
2015 3317 2114 3363 nec
2165 3310 2304 3364 inter

718 3401 925 3468 seipsos
955 3399 1116 3454 fidem
1147 3399 1227 3452 vel
1274 3398 1620 3453 concordiam
1670 3413 1888 3456 servare
1920 3401 2248 3468 potuerunt?
2280 3419 2298 3452 ι

719 3490 890 3560 Magis
927 3490 1043 3545 bmc
1069 3497 1246 3560 potest
1270 3503 1390 3543 esse
1421 3485 1664 3542 confusio
1703 3503 1866 3558 quam
1911 3489 2169 3554 laudatio,
2214 3490 2308 3545 de-

718 3585 955 3653 speratio
996 3582 1116 3637 fidei
1158 3590 1354 3637 nostra:
1394 3597 1557 3651 quam
1597 3578 2146 3642 conﬁrmatio,caus:e
2180 3590 2302 3636 tuae.

722 3675 788 3729 lit
814 3688 919 3742 qua
952 3672 1126 3726 fronte
1155 3671 1550 3741 reprehendere
1579 3673 1782 3741 poteris
1806 3687 1930 3726 eum
1955 3687 2115 3741 quem
2150 3674 2308 3727 toties

720 3763 942 3817 laudare
969 3759 1214 3817 solebas?
1236 3759 1359 3814 Scio
1380 3760 1522 3830 quod
1554 3753 1646 3814 tibi
1672 3760 1752 3814 ira
1778 3769 1870 3816 tua
1888 3759 2034 3830 justa
2062 3761 2302 3825 videtur;

719 3855 845 3924 quia
870 3853 984 3908 tunc
1022 3861 1109 3908 est
1147 3860 1340 3906 natura
1384 3852 1605 3906 humani
1648 3851 1865 3918 furoris,
1895 3862 1956 3908 ut
1981 3853 2117 3918 haec,
2147 3856 2301 3923 quid-

719 3945 847 4015 q-iiJ
877 3945 988 4015 agit
1013 3943 1096 3998 vel
1125 3943 1274 4006 dicit,
1303 3941 1506 4011 justum
1535 3942 1637 3997 sibi
1665 3928 1784 3998 esse
1812 3943 2077 3999 videatur.
2110 3945 2308 4002 Irasci-

721 4036 851 4089 mini
872 4045 920 4089 ct
945 4032 1102 4088 nolite
1127 4049 1340 4105 peccare
1366 4033 1537 4103 (Psal.
1571 4049 1646 4099 tv,
1675 4033 1756 4099 5),
1785 4035 1834 4090 id
1861 4044 1965 4100 est,
1992 4036 2157 4092 nolite
2184 4054 2309 4107 per-

721 4141 942 4182 manere
972 4126 1024 4180 in
1053 4125 1156 4179 ira.
1180 4124 1460 4179 Concessit
1481 4125 1625 4194 quod
1650 4134 1857 4178 naturze
1883 4134 1996 4191 est;
2025 4127 2145 4182 tulit
2161 4128 2306 4198 quod

720 4217 890 4289 ειιιρεε
917 4225 1016 4272 εει.
1061 4215 1265 4272 1.!circo
1296 4224 1352 4271 et
1382 4214 1669 4286 Apostolus
1696 4215 1773 4270 ait
1800 4233 1814 4269 :
1847 4215 1942 4272 Sol
1970 4234 2074 4272 non
2103 4219 2306 4274 occidat

719 4323 878 4378 super
915 4307 1245 4360 iracundiam
1280 4305 1743 4377 vestramlEphcs.
1769 4322 1846 4370 Iv,
1867 4305 1980 4376 26).
2014 4307 2166 4378 Smpe
2191 4323 2304 4364 me-

721 4399 824 4453 lior
849 4406 932 4453 est
956 4385 1205 4452 defensor
1228 4413 1390 4467 quam
1414 4405 1723 4455 accusator:
1749 4398 1876 4467 quia
1907 4398 1994 4454 ille
2021 4399 2087 4454 ad
2115 4415 2305 4470 pacem

721 4487 980 4552 defendit,
1027 4487 1128 4542 iste
1173 4487 1243 4541 ad
1287 4488 1609 4544 discordiam
1650 4497 1888 4545 accusat.
1932 4489 2044 4546 Nec
2085 4492 2138 4546 in
2185 4508 2305 4547 mea

722 4577 908 4634 diflido
949 4593 1142 4643 causa,
1201 4579 1325 4653 licet
1377 4579 1428 4634 in
1480 4581 1765 4650 pnnsentia
1813 4581 1956 4652 regis
1999 4583 2301 4638 ventiletur.

723 4668 902 4723 Testis
939 4675 1024 4722 est
1063 4668 1194 4721 mihi
1242 4668 1440 4721 renium
1482 4679 1744 4723 scrutator
1785 4669 1978 4739 (Psal.
2030 4688 2128 4738 vn,
2172 4673 2305 4745 10),

723 4771 886 4828 quam
913 4754 1140 4811 fideliter
1163 4765 1212 4810 te
1241 4770 1457 4826 semper
1476 4757 1676 4822 amavi,
1705 4765 1760 4811 et
1778 4773 1940 4827 quam
1965 4759 2102 4815 bene
2129 4764 2304 4833 cupivi

722 4848 788 4902 de
815 4845 982 4901 fratre
1007 4855 1121 4911 tuo,
1146 4860 1306 4916 quem
1335 4846 1489 4902 video
1529 4855 1580 4901 te
1618 4847 1738 4918 plus
1763 4849 2054 4905 carnaliter
2092 4859 2306 4909 amasse

691 4952 885 5010 .quam
923 4944 1130 5006 patrem
1172 4935 1503 5006 spiritaliter,
1545 4937 1670 4992 licet
1709 4938 1798 4993 ille
1839 4939 1907 4994 de
1947 4955 2034 4995 me
2073 4943 2307 5013 superbe

722 5029 920 5099 egisset
965 5017 1156 5098 [Locus
1195 5025 1512 5098 corruptus].
1559 5028 1735 5084 Testis
1779 5036 1865 5084 est
1903 5030 2035 5085 mihi
2078 5031 2307 5088 domnus

726 5135 840 5183 rex,
874 5118 968 5172 Dei
1005 5132 1124 5172 esse
1163 5131 1348 5180 causa,
1391 5131 1460 5170 an
1502 5118 1640 5173 illius
1678 5117 2042 5192 pietas'pt‘tus
2078 5121 2305 5176 alterum

726 5210 1049 5274 nominaret,
1080 5224 1147 5262 an
1185 5223 1282 5280 ego
1304 5223 1578 5279 precarer.
1611 5209 1678 5263 Et
1699 5226 1804 5264 non
1833 5211 2211 5279 erubescercm
2242 5213 2308 5267 de

799 5356 823 5383 θ
859 5341 1180 5411 1⁴ἰ’ἱι1ιι9ε.ἐε.
1205 5343 1281 5396 Ita
1306 5343 1507 5398 habent
1530 5343 1684 5397 codd.
1712 5359 1866 5409 mss.;
1891 5344 1984 5398 sed
2008 5345 2185 5399 nullus
2212 5346 2310 5399 du-

726 5414 860 5484 bito,
904 5414 1033 5483 quin
1079 5413 1491 5484 lcgeudum_sit,
1535 5411 1818 5484 Fridugise
1862 5429 1956 5467 seu
2006 5413 2303 5484 Fredegis’e,

729 5483 881 5555 cujus
925 5482 1100 5554 gratia
1143 5482 1524 5553 responsiones
1569 5482 1723 5537 dedit
1759 5484 1828 5538 ad
1875 5482 2200 5555 qumstioncs
2242 5486 2308 5540 de

733 5554 1016 5616 Triuitate,
1045 5563 1152 5607 etc.

805 5624 829 5660 δ
868 5621 922 5675 ln
958 5623 1143 5676 codice
1182 5640 1281 5678 ms.
1321 5622 1884 5678 San-Emmeramensi
1926 5625 1976 5679 in
2015 5623 2117 5677 fine
2153 5623 2309 5691 hujus

731 5693 998 5761 epistol-.12,
1031 5691 1144 5745 hzrc
1172 5694 1330 5746 verba
1359 5694 1630 5747 adduntur
1659 5713 1671 5744 :
1704 5691 1928 5761 Explicit
1961 5694 2110 5747 Liber
2135 5695 2307 5749 Albini

733 5760 996 5833 Magistri,
1030 5762 1188 5831 jussit
1221 5780 1369 5833 quem
1413 5763 1605 5832 prcrsul
1650 5760 1928 5817 Baturicus
1969 5765 2190 5818 scribere
2227 5768 2308 5818 (li-

731 5847 921 5902 gnum.
964 5832 1240 5887 Baturieus
1294 5847 1484 5900 nempe.
1533 5835 1816 5902 cpiscopus
1873 5834 2303 5898 “illinitﬂltt‘tlsl‘,

733 5901 820 5967 qui
849 5901 1126 5954 Aolulwiuo
1155 5904 1407 5958 successit
1438 5919 1578 5958 an"u
1607 5901 1727 5959 ὃιῗ.

2400 2029 2544 2076 esset
2570 2019 2758 2076 frater.

2473 2110 2786 2178 Revertere,
2825 2121 3117 2179 revertere,
3158 2113 3281 2170 licet
3318 2130 3424 2180 non
3461 2131 3560 2187 pro
3588 2127 3728 2181 meo,
3756 2114 3851 2172 sed
3872 2129 3973 2187 pro

2402 2200 2541 2256 illius
2567 2216 2772 2266 amore,
2803 2203 2893 2272 qui
2922 2219 3043 2257 cum
3083 2204 3282 2259 inimici
3322 2219 3584 2269 essemus,
3628 2204 3972 2263 reconciliavit

2400 2307 2494 2344 nos
2521 2289 2629 2344 Deo
2651 2292 2706 2343 in
2732 2292 2984 2360 sanguine
3011 2308 3107 2345 suo
3135 2291 3355 2364 (Coloss.
3384 2309 3424 2357 ι,
3451 2293 3564 2364 20).
3599 2293 3678 2348 Sit
3708 2293 3795 2348 ille
3824 2293 3975 2348 nobis

2400 2398 2543 2437 nunc
2580 2382 2846 2438 mediator
2871 2384 2937 2438 ad
2973 2399 3178 2454 pacem,
3203 2384 3295 2456 qui
3337 2387 3438 2441 fuit
3463 2394 3585 2442 ante
3608 2384 3868 2441 mediator
3905 2386 3972 2441 ad

2400 2473 2584 2527 vitam.
2631 2473 2687 2528 Si
2728 2475 2831 2529 has
2868 2475 3184 2530 humilitatis
3222 2491 3352 2530 mete
3391 2491 3580 2546 preces
3620 2476 3753 2530 dura
3798 2484 3974 2531 mente
4062 2481 4066 2484 ’

2400 2567 2721 2631 contemnis,
2748 2575 2804 2621 et
2827 2581 3020 2621 nocere
3041 2566 3190 2637 cupis
3215 2568 3323 2640 (cui
3351 2568 3604 2638 prolesse
3628 2566 3712 2622 fas
3734 2581 3855 2622 esse
3881 2582 3975 2621 ne-

2400 2670 2530 2725 gare
2552 2671 2657 2709 non
2685 2656 2908 2724 poteris,
2935 2656 3034 2710 nisi
3060 2665 3338 2726 paternum
3370 2670 3562 2710 romen
3588 2665 3645 2711 ct
3671 2655 3980 2726 magistrale

2401 2743 2468 2798 de
2495 2743 2730 2812 pectoris
2759 2744 2833 2796 tui
2862 2758 3083 2808 arcano,
3112 2742 3196 2796 vel
3230 2743 3340 2796 oris
3367 2742 3576 2812 eloquio
3603 2742 3780 2798 delere
3809 2743 3972 2807 velis;

2401 2832 2542 2900 quoi
2574 2832 2796 2902 impium
2825 2847 2945 2886 esse
2975 2847 3130 2887 nemo
3167 2840 3251 2886 est
3275 2833 3366 2901 qui
3406 2833 3638 2898 nesciat,
3682 2833 3774 2904 qui
3811 2831 3974 2888 bene-

2403 2922 2526 2976 ficia
2555 2921 2837 2977 eharitatis
2874 2922 3015 2976 inter
3048 2937 3145 2976 nos
3180 2938 3416 2994 unquam
3446 2908 3683 2994 agnovit)
3708 2930 3886 2977 tamen
3905 2935 3976 2978 'co

2402 3019 2734 3081 protegente,
2763 3026 2861 3080 pro
2887 3011 3040 3082 cujus
3064 3027 3247 3068 amore
3273 3014 3388 3068 haec
3411 3020 3521 3066 tam
3549 3011 3854 3081 suppliciter
3879 3012 3976 3067 de-

2403 3116 2586 3170 posco,
2627 3101 2788 3155 credo
2835 3115 3030 3155 nocere
3071 3114 3175 3155 non
3226 3102 3445 3172 poteris.
3489 3101 3720 3156 Absalon
3767 3109 3973 3172 patrem

2396 3202 2559 3240 suum
2585 3201 2747 3258 regno
2763 3186 2984 3256 expulit,
3003 3187 3098 3243 sed
3115 3189 3351 3259 seipsum
3372 3188 3482 3244 vita
3497 3187 3824 3260 privavit“!
3841 3187 3971 3262 :ch.

2327 3269 2374 3332 (Σ
2404 3293 2475 3332 sv
2494 3286 2542 3332 et
2563 3274 2752 3348 xvm);
2778 3286 2833 3331 et
2853 3278 2994 3347 quoi
3022 3277 3110 3333 illa
3132 3279 3392 3334 dissensio
3415 3279 3706 3335 carnaliter
3725 3295 3972 3350 perpessa

2407 3367 2510 3432 est,
2539 3369 2825 3424 timeamus
2846 3384 2912 3423 ne
2936 3385 3034 3431 nos
3056 3361 3369 3441 spiritaliter
3386 3363 3674 3441 patiamur,
3691 3373 3736 3426 si
3753 3373 3828 3426 ad.
3849 3374 3976 3428 cha-

2406 3446 2619 3510 ritatem
2642 3455 2841 3511 Christi
2873 3470 2978 3510 non
3007 3457 3362 3512 revertamur.
3397 3457 3648 3515 Charitas,
3671 3460 3872 3529 patiens
3899 3468 3978 3514 est

2406 3549 2474 3603 ad
2513 3546 2898 3613 sutTerendum,
2939 3547 3157 3619 benigna
3197 3549 3266 3604 ad
3303 3549 3694 3621 praestandum;
3736 3566 3838 3604 non
3874 3551 3976 3620 agit

2403 3655 2694 3709 perperam,
2739 3639 2790 3693 id
2829 3647 2933 3704 est,
2961 3654 3068 3694 non
3106 3641 3460 3711 superquzerit
3495 3641 3717 3696 fratrem
3741 3656 3895 3697 suum
3927 3641 3976 3696 in

2405 3731 2646 3801 negotio;
2686 3731 2862 3784 omnia
2902 3741 3093 3801 sperat,
3139 3734 3314 3787 omnia
3353 3735 3513 3788 credit
3555 3734 3608 3805 (Ι
3646 3734 3768 3790 Cor.
3800 3737 3977 3800 xm,‘

2405 3819 2556 3890 δρψ).
2584 3820 2712 3886 Quze
2739 3819 2958 3875 meliora
2992 3829 3136 3888 sunt,
3173 3837 3393 3894 sperare
3425 3823 3681 3880 debemus
3706 3833 3758 3880 et
3779 3827 3975 3898 optima

2405 3910 2647 3965 credere.

2478 4003 2693 4058 Utinam
2719 4004 2834 4059 haec
2853 4004 3096 4059 chartula
3121 4003 3174 4060 in
3197 4006 3372 4061 locum
3391 4021 3476 4062 me
3500 4006 3639 4078 apud
3668 4014 3720 4062 te
3742 4006 3979 4062 remittat

2403 4095 2720 4164 pristinum;
2747 4099 2802 4150 et
2827 4096 2870 4150 si
2895 4096 2997 4151 hoc
3020 4097 3280 4166 perlicere
3303 4113 3408 4154 non
3426 4098 3623 4158 valeat.
3647 4098 3730 4154 vel
3752 4113 3979 4154 excusa-

2407 4196 2520 4241 tum
2547 4187 2747 4243 habeat
2765 4190 2906 4258 apud
2937 4187 3171 4258 iudicem
3200 4205 3406 4258 meum;
3436 4193 3561 4263 quia
3589 4190 3690 4246 feci
3719 4190 3861 4262 quod
3885 4205 3980 4263 po-

2405 4277 2516 4341 tui,
2545 4277 2588 4330 si
2615 4275 2857 4332 obtinere
2891 4292 2997 4333 non
3029 4277 3316 4335 valuissem
3344 4281 3485 4350 quod
3514 4280 3819 4334 voluissem.
3851 4278 3982 4334 Pos-

2406 4383 2548 4433 sum,
2578 4381 2820 4438 possnm,
2844 4369 3026 4433 credo,
3057 4384 3153 4439 per
3177 4384 3321 4435 eum,
3347 4370 3438 4440 qui
3469 4369 3748 4440 inspiravit
3768 4377 3982 4440 pectus-

2407 4459 2586 4513 culum
2623 4474 2822 4525 meum,
2860 4468 2918 4514 ut
2945 4469 3183 4530 peterem
3201 4461 3343 4532 quod
3363 4462 3508 4531 pium
3533 4459 3731 4531 putavi.
3756 4459 3986 4531 lnspiret

2407 4550 2571 4622 etiam
2621 4558 2808 4620 pectas
2850 4558 3020 4616 tuum,
3062 4549 3427 4618 utpconeedas
3468 4548 3610 4621 quod
3655 4548 3979 4620 deposceris.

2337 4631 2382 4693 ο
2408 4638 2655 4694 Conditio
2681 4653 2809 4694 vero
2848 4639 2997 4710 pacis
3034 4655 3140 4695 non
3169 4654 3302 4711 puer
3336 4641 3406 4696 sit
3431 4648 3586 4710 pater
3610 4637 3982 4706 dissensionis,

2407 4727 2500 4781 se]
2543 4742 2676 4798 puer
2715 4727 2874 4782 Pater
2913 4729 3079 4798 futuri
3117 4729 3295 4784 sa'culi
3337 4728 3492 4801 (Isai.
3533 4744 3610 4794 Ix,
3650 4726 3728 4798 6),
3769 4726 3836 4782 de
3873 4725 3984 4798 quo

2407 4819 2608 4874 dictum
2634 4828 2718 4876 est
2745 4838 2759 4875 :
2791 4819 2927 4874 Ecce
2948 4837 3077 4890 pater
3094 4837 3236 4875 meus
3253 4836 3414 4890 quem
3435 4818 3584 4888 elegi,
3607 4817 3796 4873 electus
3813 4831 3979 4883 meus,

2407 4908 2462 4962 in
2489 4923 2590 4978 quo
2613 4909 2738 4962 bene
2763 4908 3073 4978 complacuit
3102 4909 3292 4962 anima:
3313 4924 3442 4962 mea:
3464 4905 3678 4980 (Matth.
3715 4920 3818 4970 xu,
3847 4905 3934 4978 i8)
3961 4922 3977 4960 :

2405 5007 2468 5052 ut
2485 4999 2628 5069 digni
2649 4999 2948 5053 habeamur
2972 4997 3113 5052 inter
3131 5012 3224 5052 eos
3247 4997 3535 5062 nominari,
3555 5005 3609 5051 et
3626 5010 3745 5053 esse
3763 5009 3980 5066 pueros,

2408 5091 2474 5144 de
2505 5089 2699 5160 quibus
2741 5097 2899 5142 antea
2939 5086 3025 5144 ille
3054 5103 3150 5159 per
3175 5089 3493 5159 prephetam
3526 5086 3773 5159 przedixit
3802 5105 3815 5140 :
3849 5085 3981 5139 Ecce

2407 5196 2499 5250 ego
2520 5188 2566 5232 et
2589 5178 2737 5249 pueri
2762 5178 2883 5242 mei,
2914 5194 3040 5248 quos
3063 5177 3204 5232 dedit
3228 5177 3354 5230 mihi
3379 5175 3518 5230 Deus
3545 5173 3699 5247 (Isai.
3722 5189 3842 5237 vm,
3868 5171 3976 5241 18).

2481 5368 2503 5397 ε
2547 5355 2696 5409 [lane
2739 5354 3020 5423 epistolam
3067 5353 3448 5424 descripsimus
3495 5368 3560 5408 ex
3607 5349 3727 5406 cod.
3783 5350 3976 5424 Salisb.

2408 5426 2689 5479 Alcuinum
2729 5434 3003 5477 auctorem
3031 5437 3094 5477 cx
3125 5423 3262 5494 ston
3293 5424 3559 5488 novimus,
3584 5428 3640 5476 et
3673 5437 3736 5494 ex
3769 5423 3977 5494 ordine,

2407 5511 2568 5564 quem
2601 5494 2690 5555 illa
2733 5495 2786 5548 in
2832 5495 3088 5564 pimlicto
3127 5491 3310 5550 codice
3357 5500 3520 5564 tenet,
3551 5491 3804 5564 medium
3841 5492 3980 5546 inter

2407 5561 2585 5620 certas
2613 5573 2668 5617 et
2701 5561 3029 5619 indubitatus
3055 5564 3173 5634 ejus
3201 5561 3471 5634 epistolas.
3498 5561 3824 5634 Discipulum
3852 5576 3979 5634 vero

2410 5579 2585 5620 certas
2613 5579 2668 5617 et
2701 5579 3029 5619 inullnuatas
3055 5579 3173 5634 eius
3201 5579 3230 5618 e
3270 5579 3471 5618 ιειοιιιε.
3499 5579 3824 5634 mscipumm
3852 5579 3979 5615 vero

2410 5637 2559 5689 illum
2599 5634 2688 5703 qui
2714 5635 2963 5702 querelas
2984 5645 3171 5691 contra
3196 5579 3476 5688 Aleuinum
3505 5632 3572 5688 ad
3608 5630 3864 5703 palatium
3887 5632 3981 5703 cle-

2410 5705 2550 5766 tulit,
2576 5701 2632 5776 ct
2653 5701 2885 5776 quacum
2914 5707 2964 5760 in
2995 5719 3181 5776 pacem
3213 5704 3388 5758 redire
3407 5703 3568 5775 cupit,
3595 5701 3737 5758 nullo
3757 5702 3978 5774 vestigio

2408 5774 2806 5841 deprehendere
2833 5774 3119 5843 potuimus.

2479 5846 2501 5882 εί
2542 5845 2694 5913 Apud
2724 5845 2950 5901 Froben.
2985 5844 3138 5914 epist.
3179 5843 3292 5898 156.
