4428 6468
214 506 307 561 681

270 635 275 639 ‘
691 626 717 655 ι
753 612 1083 669 EPISTOLA
1118 610 1291 666 CC“.

777 718 844 756 AD
881 714 1209 756 DISCIPL‘LUI.

220 790 560 865 Reprehendit
586 789 829 865 illum_ob_
851 788 1368 865 ritw‘perversitatem
1388 825 1402 849 ,
1418 794 1477 838 ἐι
1504 784 1574 837 ad
1604 799 1779 837 cmm-

717 859 979 912 dationcm
1003 858 1261 910 hortatur.

285 971 311 1011 δ
351 969 709 1025 Dilectissimo
737 965 862 1020 lilio.

286 1061 598 1116 Dulcissime
623 1058 696 1113 fili
715 1098 730 1123 ,
762 1056 929 1111 frater
954 1064 1009 1111 et
1036 1055 1228 1119 amice,
1257 1053 1409 1121 cujus
1437 1067 1627 1106 nomen
1655 1061 1780 1120 opto

214 1163 276 1209 ut
298 1152 530 1208 caelestis
568 1148 889 1204 bibliotheca
917 1154 1097 1200 teneat
1138 1146 1192 1199 in
1228 1152 1510 1198 :eternum.
1553 1142 1690 1196 Olim
1727 1150 1781 1195 te

215 1242 396 1313 genui,
441 1239 663 1303 nutrivi,
704 1237 831 1301 alni,
867 1245 923 1291 et
949 1236 1015 1291 ad
1052 1234 1346 1306 perfectum
1384 1234 1558 1287 virum
1587 1246 1780 1301 usque,

216 1330 601 1393 Deodonante,
624 1327 867 1396 perduxi,
895 1325 1097 1379 artibus
1122 1323 1357 1378 studiose
1381 1322 1674 1383 eruditum,
1696 1335 1784 1373 sa-

214 1420 427 1490 pientia
450 1418 561 1473 sole
587 1416 955 1479 iLlumiuatnm,
982 1414 1217 1467 moribus
1236 1411 1475 1481 apprime
1497 1416 1778 1469 ornatum;

216 1511 292 1564 ita
333 1518 394 1563 ut
432 1517 577 1562 tuam
602 1506 812 1561 laudem
842 1514 954 1559 tota
983 1518 1117 1575 pene
1142 1504 1389 1557 decantet
1416 1500 1561 1569 regio
1590 1497 1779 1569 [Codd.

216 1618 315 1654 ms.
348 1600 563 1665 Salisb.,
602 1595 924 1667 Britannia],
967 1604 1024 1649 et
1057 1594 1216 1647 latior
1248 1601 1334 1647 est
1368 1590 1511 1644 fama
1554 1589 1784 1643 nominis

217 1690 293 1743 tui
321 1703 482 1759 quam
524 1687 711 1741 notitia
755 1684 912 1739 faciei
956 1692 1077 1737 tuae.
1123 1681 1288 1750 [initis
1312 1695 1412 1749 ego
1452 1678 1547 1733 tibi
1573 1679 1785 1732 decoris

216 1778 462 1841 devotus,
498 1775 767 1832 Christum
804 1774 1062 1837 obtestor,
1103 1773 1314 1842 adiutor
1350 1770 1553 1833 exstiti,
1592 1777 1647 1822 et
1686 1783 1784 1838 pro

216 1866 411 1921 virium
438 1879 677 1919 mearum
718 1864 959 1934 portione
988 1871 1060 1925 te,
1089 1862 1135 1916 si
1177 1876 1282 1915 non
1322 1861 1564 1922 idoneus,
1598 1866 1776 1912 tamen

1650 484 2021 557 misre”;

1800 614 1847 670 Α
1878 608 1995 671 tibi,
2025 606 2091 661 de
2132 606 2418 675 longinqua
2461 607 2675 676 regione
2714 606 3025 669 revertenti,
3067 620 3371 670 occurrere,
3406 609 3450 661 si

3345 500 3449 555 ηε

1879 705 1936 751 tu
1966 714 2072 752 nou
2102 699 2399 751 tartlaveris
2433 712 2651 767 surgere
2692 706 2747 750 ct
2787 697 2965 751 dicere
2996 715 3007 748 :
3046 696 3220 759 Pater,
3249 700 3452 767 peccari

1878 788 1932 837 in
1975 785 2153 837 (mlum
2196 796 2243 838 et
2274 802 2450 839 coram
2489 797 2557 845 te,
2600 786 2714 837 idco
2757 802 2856 837 non
2898 802 3013 837 sum
3056 782 3242 855 dignus
3281 790 3453 839 vocari

1876 872 2020 940 [ilius
2049 883 2167 925 tuus
2195 872 2342 942 (Luc.
2378 888 2467 931 xv,
2497 873 2607 928 (ΞΗ.
2642 873 2709 925 Et
2735 888 2838 925 non
2867 872 3036 925 solum
3065 873 3283 927 obviare
3302 913 3318 938 ,
3357 874 3452 931 sed

1877 971 2042 1015 etiam
2082 962 2418 1030 amplectari,
2456 962 2710 1025 osculari,
2736 963 3041 1030 optimaque
3072 962 3292 1017 induere
3317 963 3451 1016 stola

1879 1061 1935 1102 et
1961 1050 2157 1103 annulo
2182 1064 2377 1103 ornare
2416 1058 2470 1102 et
2496 1049 2871 1102 calceamentis
2898 1049 3129 1111 munire,
3157 1048 3373 1117 insuper
3400 1059 3456 1103 ct

1880 1139 2146 1193 deducere
2174 1140 2479 1208 dignabitur
2516 1140 2567 1192 in
2597 1140 2813 1192 domum
2855 1139 3169 1193 deliciarum
3209 1154 3449 1199 suarum.

1879 1242 1987 1296 qua
2026 1228 2277 1297 angelicis
2316 1229 2628 1297 contjunctus
2667 1229 2914 1292 etetibus,
2956 1228 3110 1282 beata
3157 1231 3455 1284 :eteruitate

1882 1328 1937 1371 et
1958 1329 2156 1372 mterna
2182 1320 2507 1373 beatitudine
2532 1320 2840 1374 decmtabis
2869 1339 2881 1372 :
2913 1320 3078 1384 Beati,
3106 1323 3194 1390 qui
3217 1323 3454 1376 habitant

1881 1406 1936 1458 in
1961 1406 2115 1459 domo
2144 1406 2503 1471 tua.Domine,
2530 1410 2585 1461 in
2611 1408 2858 1462 sa'culum
2891 1410 3069 1463 s:rcu.'i
3094 1410 3381 1466 laudabunt
3406 1425 3454 1467 te

1885 1493 2056 1563 (ἔδεαι.
2086 1510 2314 1559 cxxxiii,
2341 1495 2416 1563 5).

2304 1614 2308 1616 τ
2354 1614 2377 1642 ο
2420 1566 2752 1661 sensium
2790 1604 2982 1660 ccvn.

2281 1709 2361 1747 AD
2411 1710 2645 1749 ιἰιιωι
2698 1710 3057 1751 ιιιιουιουιι.

1886 1780 2228 1850 Reme/tendit
2254 1783 2495 1852 discipuli
2528 1801 2790 1853 perversos
2827 1802 3015 1850 mores,
3041 1795 3089 1838 et
3120 1788 3187 1840 ad
3212 1789 3455 1842 emcnda-
3546 1846 3549 1849 λ

1958 1853 2149 1929 tionem
2179 1855 2294 1933 citae
2334 1863 2574 1933 provocat
2612 1854 2840 1933 extmplo
2868 1857 3142 1924 cujusdam
3180 1874 3316 1911 nunc
3350 1859 3460 1929 cpi-

218 1955 576 2019 voluntarius,
616 1920 753 2009 sicut
792 1954 961 2023 potui,
986 1920 1253 2007 et'adhuc
1279 1920 1559 2005 absentem
1596 1946 1789 2001 obnixe
1823 1942 1865 2001 Β
1957 1938 1967 1972 ⁴

1009 1920 1058 2006 :t'
1078 1951 1253 2007 adhuc
1279 1920 1559 2005 absentem
1596 1946 1789 2001 obnixe
1823 1942 1865 2001 Β
1957 1922 2115 1989 “apii
2144 1920 2266 1972 ⁰¹ί¹¹³
2291 1920 2374 1975 ³⁸η
2401 1920 2758 1992 δοθιάίδτίρκέίέ

215 2042 548 2097 orationibus
588 2054 905 2110 prosequar,
953 2054 1110 2108 quem
1152 2039 1423 2107 quondam
1468 2042 1785 2106 prmseutem

216 2132 391 2189 sacris
409 2130 700 2201 disciplinis
724 2123 961 2201 provexi.
992 2127 1097 2184 Sed
1131 2144 1230 2200 per
1254 2127 1369 2196 ejus
1397 2137 1447 2181 te
1485 2127 1789 2182 misericor-

217 2224 365 2280 diam
388 2224 644 2278 intentius
666 2222 927 2292 deprecor
946 2222 1036 2291 qui
1063 2235 1159 2274 nos
1180 2219 1407 2273 redemit
1424 2257 1438 2282 ,
1470 2214 1790 2270 illuminavit

216 2323 277 2371 et
310 2314 586 2378 exaltavit,
621 2320 678 2367 et
715 2327 824 2367 suae
866 2311 1149 2381 agnitionis
1184 2309 1473 2380 participes
1507 2305 1683 2360 effecit
1720 2319 1787 2358 ne

218 2406 468 2463 charitati
511 2419 675 2469 meae,
713 2417 832 2473 quae
874 2415 959 2455 me
986 2414 1091 2454 non
1127 2400 1255 2454 sinit
1278 2406 1479 2460 tacere,
1509 2394 1785 2457 irascaris,

218 2497 266 2552 si
292 2494 494 2572 aliquid
514 2493 699 2548 durius
717 2499 891 2546 tecum
914 2490 1120 2559 loquar.
1153 2488 1316 2559 Urget
1333 2488 1474 2541 enim
1498 2501 1584 2540 me
1610 2492 1789 2555 pater-

219 2589 405 2645 nitatis
424 2585 647 2641 aﬂ‘ectus
671 2583 794 2648 fari,
820 2582 960 2654 quod
984 2582 1270 2653 penuigero
1291 2593 1507 2649 rumore
1531 2584 1788 2631 narrante

220 2679 407 2743 didici,
446 2676 571 2748 quia
613 2674 855 2745 quaedam
895 2672 1011 2743 agis
1037 2685 1157 2741 quae
1192 2683 1293 2724 nec
1328 2677 1432 2723 tua:
1466 2668 1790 2722 conveniunt

220 2769 388 2839 218
409 2766 675 2838 dignitati,
702 2778 801 2819 nec
822 2777 955 2819 mea:
978 2762 1188 2833 placent
1209 2759 1476 2815 dilectioni
1502 2776 1515 2811 :
1542 2758 1667 2827 quia
1694 2772 1791 2810 no-

220 2856 315 2912 lint
355 2855 555 2911 famam
593 2853 855 2910 claritatis
884 2859 990 2907 tuae
1015 2849 1237 2905 maculis
1267 2848 1465 2903 fuscari
1504 2848 1690 2916 nigris,
1719 2860 1787 2899 ne

222 2945 363 2999 alius
384 2944 479 3001 tibi
504 2943 740 2999 debitum
764 2940 1025 3011 subripiat
1063 2938 1259 3001 locum,
1285 2944 1345 2990 ut
1386 2936 1456 2990 sit
1482 2934 1787 2989 notissimus

220 3033 421 3103 primus
445 3040 494 3087 et
532 3032 729 3103 primus
772 3030 1076 3087 “risimus
1116 3026 1325 3099 (lculi.
1353 3041 1467 3088 xix,
1494 3024 1605 3095 30).
1650 3024 1787 3089 Quid

222 3129 329 3187 est,
367 3120 465 3186 ﬁli,
500 3120 643 3191 quod
679 3120 747 3176 de
784 3127 837 3173 te
876 3118 1060 3183 audio,
1087 3132 1191 3173 non
1222 3131 1328 3174 uno
1352 3115 1588 3185 quolibet
1615 3115 1667 3168 in
1694 3129 1789 3167 an—

222 3212 348 3284 gulo
371 3200 721 3275 susurrante,
743 3208 835 3263 sed
858 3206 1101 3281 plurimis
1133 3206 1341 3276 publice
1366 3220 1488 3259 cum
1516 3204 1626 3258 risu
1664 3219 1789 3258 nar-

224 3299 471 3354 rantibus
499 3315 513 3351 :
544 3297 684 3367 quod
724 3294 1016 3367 puerilibus
1053 3294 1225 3349 adhuc
1250 3292 1525 3347 deservias
1560 3292 1789 3345 immun—

224 3390 393 3454 ditiis,
418 3398 474 3445 et
510 3403 627 3459 qua:
653 3400 923 3457 nunquam
962 3383 1141 3451 facere
1177 3382 1471 3446 debuisses,
1512 3396 1787 3452 nunquam

225 3481 497 3536 dimittere
520 3478 780 3533 voluisses
808 3473 1005 3550 [velis].
1032 3462 1151 3547 {ilbi
1190 3482 1273 3529 est
1308 3472 1636 3529 nobilissima
1665 3487 1790 3527 eru-

225 3571 360 3629 ditio
388 3570 517 3625 tua?
546 3568 645 3625 Ubi
670 3575 753 3623 est
786 3560 1082 3624 clarissim
1109 3564 1161 3620 in
1203 3564 1494 3635 Scripturis
1518 3565 1686 3621 sacris
1712 3565 1792 3618 in—

226 3659 434 3714 dustria
460 3657 587 3712 tua?
624 3655 726 3712 Ubi
753 3670 962 3711 morum
976 3648 1333 3709 excellentia?
1362 3654 1460 3710 Ubi
1493 3656 1652 3709 animi
1682 3653 1791 3709 for-

226 3747 435 3803 titudo?
468 3746 565 3802 Ubi
592 3746 749 3799 timor
773 3743 1063 3816 gehennae?
1105 3742 1205 3799 Ubi
1242 3758 1366 3813 spes
1400 3744 1618 3814 glmiae?
1645 3743 1789 3809 Quo-

229 3835 389 3893 modo
412 3834 501 3892 illa
540 3818 851 3905 perpetrare
874 3845 981 3917 non
1008 3831 1298 3894 horrescis,
1326 3845 1444 3900 qua:
1468 3829 1587 3884 aliis
1614 3830 1793 3900 prohi—

226 3923 359 3981 bere
393 3922 701 3979 debuisses?
738 3921 1081 3983 Convertere,
1110 3919 1349 3983 obsecro,
1379 3919 1518 3975 intra
1557 3920 1791 3976 animum

230 4021 381 4070 tuum
407 4011 563 4089 [Cod.
593 4008 735 4076 Sal...
759 4010 817 4069 in
840 4008 938 4083 te],
982 4017 1038 4065 et
1062 4009 1148 4068 die
1174 4024 1296 4064 cum
1322 4010 1580 4079 propheta
1614 4026 1627 4062 :
1663 4008 1793 4075 Quis

228 4102 376 4157 dabit
405 4101 565 4171 capiti
604 4115 719 4154 meo
757 4103 946 4168 aquam
970 4107 1018 4153 et
1041 4098 1232 4164 [autem
1257 4097 1605 4168 lacrymarum
1633 4100 1793 4152 oculis

230 4193 383 4257 meis,
429 4199 487 4243 at
529 4186 775 4261 plangam
811 4190 897 4244 die
939 4206 1002 4245 ac
1041 4200 1190 4247 nocte
1235 4189 1414 4262 (loca.
1457 4206 1533 4255 ix,
1566 4190 1641 4261 1),
1687 4206 1792 4248 non

230 4278 531 4337 Jerusalem
578 4276 866 4348 Babylonio
915 4277 1037 4349 igne
1087 4287 1327 4333 usturam
1354 4318 1368 4342 ,
1418 4278 1512 4333 sed
1556 4280 1795 4333 animam

234 4369 599 4426 Sodomitanis
622 4366 852 4423 flammis
876 4382 1140 4424 arsuram.
1168 4368 1271 4423 Per
1299 4369 1502 4440 singula
1530 4377 1795 4445 momenta

232 4468 491 4532 properat
529 4459 680 4516 dirus
714 4467 954 4526 exactor,
990 4475 1149 4530 quem
1190 4460 1364 4515 ntdlus
1393 4462 1565 4515 vitare
1602 4470 1793 4532 potest.

233 4551 373 4620 Quid
388 4550 743 4621 respondebis
770 4558 898 4621 tunc
933 4550 1416 4622 aquissimojudiei
1444 4561 1555 4616 tuo,
1584 4554 1631 4607 si
1656 4567 1797 4607 nunc

142 4670 146 4672 ~
236 4638 596 4711 nontcorrigis
617 4635 910 4696 fmdissima
942 4637 1083 4695 facta
1116 4640 1239 4695 tua!
1277 4637 1513 4696 Obsecro
1537 4629 1626 4704 te,
1664 4640 1796 4694 dile-

236 4731 477 4787 ctissime
506 4725 597 4793 lili,
622 4741 720 4796 per
749 4734 1008 4783 terrorem
1034 4725 1174 4784 illius
1192 4725 1377 4796 iudicii
1398 4767 1412 4791 ,
1437 4729 1582 4795 quod
1608 4743 1794 4785 omnes

237 4820 422 4881 subire
460 4820 717 4892 cogimur,
759 4827 819 4876 ut
853 4819 923 4878 ab
958 4819 1061 4875 hac
1096 4820 1205 4884 die,
1242 4835 1347 4892 qua
1388 4820 1527 4874 hanc
1554 4820 1797 4891 perlegas

237 4910 579 4985 paginulam.
610 4910 796 4967 intimo
822 4911 1003 4967 dolore
1042 4911 1317 4976 dictatam,
1360 4927 1491 4981 pura
1536 4912 1799 4967 eharitate

239 4999 619 5070 conscriptam,
647 5004 830 5053 sancta
858 4998 962 5054 fide
987 4999 1289 5069 sigillatam,
1316 5002 1580 5055 constanti
1620 5000 1798 5054 animo

241 5087 470 5159 incipias
493 5093 738 5143 catenam
764 5084 918 5154 hujus
942 5087 1214 5147 diabolica:
1240 5090 1588 5159 suggestionis
1613 5092 1669 5144 et
1700 5090 1800 5145 im-

364 5175 730 5233 conseusionis
752 5174 1099 5247 disrumpere,
1123 5183 1178 5229 et
1204 5177 1386 5246 procul
1410 5194 1439 5230 a
1467 5187 1519 5232 te
1548 5179 1798 5247 ahjicere,

242 5275 510 5336 quatenus
534 5279 699 5336 puras
725 5274 777 5320 et
800 5264 997 5323 liberas
1024 5280 1211 5321 manus
1237 5266 1303 5320 ad
1328 5267 1608 5325 Dominum
1634 5267 1799 5322 Deum

245 5363 399 5409 tuum
656 5354 839 5411 valeas
875 5356 932 5440 (ζ
960 5356 1092 5440 Tim.
1136 5373 1198 5423 tl,
1238 5359 1316 5428 8),
1358 5358 1446 5428 qui
1487 5367 1683 5428 pm:le
1724 5368 1807 5414 est

319 5452 535 5556 λέξει
567 5435 1286 5556 Eligit-sele:
1309 5484 1452 5556 99m

561 5532 686 5601 eis.
705 5532 1233 5658 Emujerami.’$.lpud
1246 5539 1471 5621 Froben.
1487 5542 1644 5610 epist.
1660 5542 1755 5596 l57
1767 5544 1803 5624 Ζ)

388 5601 737 5677 Dilectissimo
770 5604 900 5677 ﬁlio.
930 5602 1037 5660 Osu
1081 5620 1113 5658 ο
1152 5605 1414 5677 fortassis,
1446 5624 1603 5677 quem
1631 5612 1810 5665 Alcm-

250 5689 355 5731 ω
373 5672 443 5727 ob
464 5687 675 5727 mrum
710 5674 1025 5742 pravitatem
1065 5676 1255 5746 sapius
1278 5678 1419 5745 curri
1456 5672 1554 5743 fuit,
1585 5688 1641 5733 et
1670 5690 1734 5734 ut
1751 5696 1809 5743 se

250 5744 564 5808 corrigeret,
592 5741 1037 5808 muttittprout'
1056 5750 1309 5801 ωτι-,ωι-
1328 5742 1387 5803 iu
1420 5694 1537 5808 vita
1579 5746 1804 5808 Alduini.

250 5744 564 5869 fﬁrrlgcret,
592 5744 840 5808 munit;
1056 5744 1309 5811 mmi-
1328 5744 1387 5837 iu
1420 5744 1537 5800 Vita
1579 5746 1804 5808 Alduini.

315 5829 405 5895 “in
423 5813 742 5895 Βτιεθωξιιεε
756 5809 921 5895 “is?”
939 5822 1152 5895 φοωιὲι
1167 5830 1233 5895 βξ
1253 5814 1371 5873 θοά-
1392 5804 1583 5895 Sidi?”-
1595 5818 1686 5895 tle
1705 5836 1810 5895 ςιυο

253 5858 1807 5956 EEYGEGEEuB'iquWcﬁeth’eEﬁ'E55353:

1826 4607 1873 4668 D

1954 2030 1979 2069 ἀ
2018 2029 2153 2085 Filio
2172 2032 2393 2102 prodigo
2423 2032 2582 2087 Pater
2609 2032 2793 2102 lugens
2822 2035 3069 2089 salutem.

1958 2122 2086 2187 Quis
2109 2122 2253 2174 dabit
2274 2123 2430 2192 capiti
2456 2139 2569 2176 meo
2593 2140 2782 2192 aquam
2808 2136 2856 2177 ct
2882 2126 3073 2193 [autem
3105 2124 3458 2195 Iacrymarum

1885 2214 2050 2267 oculis
2078 2214 2203 2267 meis
2226 2213 2359 2284 (Jer.
2384 2229 2461 2278 ix,
2491 2215 2563 2284 l),
2588 2223 2645 2268 ut
2669 2214 2938 2285 plangam,
2963 2233 3066 2271 non
3090 2218 3457 2288 imaginatiam

1885 2304 2155 2357 civitatem
2182 2302 2433 2357 Chaldma
2473 2306 2769 2372 perituram
2811 2304 3048 2369 ﬂamma,
3080 2309 3172 2361 sed
3202 2310 3457 2372 animum,

1886 2394 2174 2463 imaginem
2200 2392 2397 2448 Christi
2426 2394 2677 2464 inclytam
2695 2434 2710 2459 ,
2739 2404 2794 2448 et
2816 2394 3021 2450 inﬁnita
3051 2413 3458 2467 permansurum

1885 2486 2219 2541 aeternitate?
2245 2488 2385 2541 lleu!
2419 2488 2553 2542 heu!
2574 2487 2763 2542 infelix
2792 2490 3005 2543 anima!
3038 2505 3101 2545 ex
3134 2494 3306 2562 pretio
3332 2509 3459 2548 san-

1884 2578 2060 2647 guinis
2105 2577 2306 2632 Christi
2352 2578 2545 2632 nobilis
2570 2618 2587 2642 ,
2635 2579 2729 2633 sed
2781 2594 2847 2633 ex
2893 2582 3098 2659 peccati
3146 2583 3461 2652 contagione

1886 2667 2134 2737 ignobilis
2172 2685 2184 2720 :
2228 2682 2409 2737 quare,
2445 2668 2765 2737 dereliquisti
2811 2668 3000 2737 [onem
3042 2671 3159 2723 vita:
3196 2681 3243 2723 et
3281 2672 3461 2739 fuisti

1885 2756 1977 2808 tibi
2004 2756 2252 2809 cisternas
2277 2757 2555 2827 dissipatas
2579 2758 2792 2822 (lerem.
2826 2774 2896 2823 ll,
2930 2758 3054 2827 13)?
3080 2759 3373 2824 Cisternas,
3406 2761 3459 2815 in
3505 2824 3515 2834 .

1886 2845 2078 2913 quibus
2102 2859 2206 2899 non
2235 2853 2319 2901 est
2344 2861 2484 2915 aqua
2524 2846 2735 2910 salutis,
2764 2847 2859 2901 sed
2896 2846 3234 2900 volutabrum
3272 2844 3461 2916 porcu—

1888 2949 2005 2987 rum
2029 2933 2222 3004 [Edit.,
2247 2936 2545 3006 pecorum].
2570 2936 2748 3002 Quare
2772 2937 3273 3006 dimisisti‘patrem,
3296 2938 3385 3008 qui
3410 2947 3463 2993 te

1886 3021 1957 3076 ab
1982 3021 2206 3077 infantia
2233 3023 2487 3087 erudivit,
2510 3026 2600 3093 qui
2629 3034 2679 3079 te
2707 3025 2999 3094 disciplinis
3024 3025 3334 3080 liberalibus
3361 3027 3463 3080 im-

1887 3113 2041 3179 buit,
2084 3115 2323 3168 moribus
2367 3116 2656 3180 instruxit,
2704 3125 2973 3185 perpetua:
3018 3118 3141 3170 vita:
3183 3116 3465 3187 prmceptis

1889 3202 2133 3266 munivit,
2161 3211 2217 3255 et
2246 3201 2471 3269 iunxisti
2512 3210 2564 3256 te
2594 3212 2892 3257 scortorum
2937 3204 3207 3274 gregibus,
3249 3212 3461 3272 potato-

1813 3276 1860 3337 θ
1890 3305 2018 3346 rum'
2047 3293 2323 3356 conviviis,
2354 3292 2772 3363 superbientium
2798 3292 3159 3369 vanitatibus?
3180 3280 3376 3346 Nonne
3407 3301 3464 3346 tu
3548 3294 3551 3295 ⁷

1886 3398 1947 3438 es
1986 3383 2411 3438 adolescentulus
2451 3384 2560 3450 ille,
2598 3384 2837 3439 omnium
2874 3399 2968 3439 ore
3006 3383 3307 3449 laudabilis,
3343 3398 3462 3439 om-

1887 3475 2033 3527 nium
2061 3473 2229 3527 oculis
2256 3473 2522 3536 amabilis,
2550 3474 2790 3527 omnium
2816 3473 3036 3526 auribus
3062 3472 3466 3527 desiderabilis?

1889 3565 2029 3619 lleul
2079 3565 2211 3618 heu!
2264 3578 2406 3619 nunc
2430 3564 2667 3617 omnium
2709 3575 2806 3619 ore
2848 3561 3300 3631 reprehensibilis,
3343 3575 3463 3616 om-

1888 3657 2035 3710 nium
2056 3657 2224 3710 oculis
2237 3656 2606 3719 exsecrabilis,
2624 3656 2859 3709 omnium
2883 3654 3102 3709 auribus
3113 3654 3461 3709 detestabilis.

1889 3745 2021 3811 Quis
2046 3755 2097 3800 te
2119 3748 2197 3801 sic
2221 3747 2499 3809 subvertit,
2522 3746 2623 3801 nisi
2647 3745 2879 3800 ebrietas
2898 3754 2953 3799 et
2975 3743 3217 3798 luxuria?
3239 3741 3370 3810 Quis
3390 3752 3464 3807 te,

1888 3834 2122 3889 formose
2146 3849 2300 3906 puer,
2322 3834 2464 3888 illius
2491 3834 2762 3896 Ecclesiae,
2789 3831 3094 3887 venerabile
3119 3832 3320 3896 lumen,
3343 3846 3467 3901 per-

1891 3931 2061 3982 suasit
2080 3941 2272 3996 porcos
2290 3939 2533 3994 pascere,
2548 3925 2614 3978 de
2635 3924 2843 3994 siliquis
2861 3938 3047 3978 eorum
3063 3922 3256 3977 edere?
3273 3922 3467 3994 Surge,

1893 4019 1966 4073 fili
1985 4058 2001 4083 ,
2031 4032 2192 4088 surge
2218 4025 2273 4071 et
2307 4023 2579 4071 revertere
2610 4014 2677 4069 ad
2712 4021 2922 4084 patrem
2948 4020 3130 4075 tuum,
3168 4020 3227 4066 et
3250 4012 3339 4067 dic
3362 4027 3467 4067 sa:-

1890 4108 2034 4176 pius,
2058 4122 2164 4160 non
2189 4103 2355 4160 semel
2380 4122 2394 4158 :
2421 4102 2580 4158 Pater
2601 4102 2804 4173 peccari
2832 4102 2887 4155 in
2913 4100 3096 4156 mlunt
3123 4110 3173 4154 et
3196 4116 3371 4154 coram
3392 4109 3465 4163 te.

1891 4206 1939 4250 et
1958 4196 2075 4249 ideo
2096 4212 2200 4248 non
2218 4210 2334 4248 sunt
2357 4193 2546 4262 dignus
2567 4193 2741 4246 vocari
2760 4192 2903 4260 ﬁlius
2924 4200 3045 4244 tuus
3068 4189 3218 4259 (Luc.
3239 4204 3332 4255 xv,
3350 4188 3463 4259 ει).

1893 4287 2076 4340 Adhuc
2100 4285 2361 4339 modicum
2404 4283 2570 4353 219
2610 4282 2785 4345 lumen
2820 4291 2894 4335 est
2934 4282 2990 4335 in
3031 4290 3102 4345 te,
3129 4296 3298 4343 curre,
3342 4280 3465 4337 dum

1893 4376 2059 4429 lucem
2095 4374 2270 4436 habes,
2315 4389 2377 4427 ne
2400 4372 2553 4426 modo
2595 4381 2801 4425 (eterna
2839 4370 3144 4441 perditionis
3172 4370 3394 4425 tmbra:
3414 4381 3466 4424 te

1895 4464 2278 4535 apprchendant
2322 4462 2501 4533 (Joan.
2541 4476 2640 4524 xit,
2675 4460 2787 4529 35).
2834 4459 3008 4514 Crede
3032 4448 3106 4513 in
3140 4467 3467 4528 perpetuam

1894 4554 2256 4609 miserationis
2287 4553 2484 4616 lucem,
2512 4559 2573 4605 ut
2601 4551 2741 4605 illius
2766 4549 2901 4605 lucis
2929 4549 3046 4604 ﬁas.
3075 4549 3201 4604 Pius
3236 4559 3323 4605 est
3361 4549 3468 4605 Pa—

1898 4652 2001 4707 ter,
2024 4642 2205 4697 statim
2232 4650 2482 4707 occurret
2508 4641 2791 4696 revertenti
2838 4640 2955 4705 tibi,
3000 4649 3057 4696 et
3100 4641 3151 4694 in
3193 4640 3471 4711 amplexus

1896 4742 2016 4787 tuos
2040 4740 2179 4787 ruet.
2212 4732 2414 4787 Stolam
2443 4732 2675 4803 primam
2714 4732 2807 4787 tibi
2827 4730 3023 4788 aliene
3036 4730 3264 4799 iubebit,
3292 4740 3349 4786 et
3368 4747 3468 4802 an—

1896 4822 2021 4877 nulo
2067 4822 2315 4894 imaginis
2353 4836 2464 4877 suae
2502 4822 2779 4876 dexteram
2818 4821 3094 4876 decorabit
3138 4829 3302 4875 tuam.
3352 4820 3468 4878 Noli

1898 4917 2096 4972 diutius
2122 4932 2219 4987 per
2245 4931 2433 4986 vepres
2471 4916 2720 4971 vitiorum
2759 4915 2913 4994 velut.
2929 4917 3047 4971 ovis
3072 4917 3283 4986 perdita
3307 4918 3463 4973 ober-

1901 5021 2043 5072 rare,
2070 5007 2163 5061 sed
2187 5016 2458 5061 revertere
2476 5007 2546 5061 ad
2565 5021 2687 5061 eum
2710 5008 2801 5076 qui
2823 5008 3109 5077 nonaginta
3129 5023 3319 5063 novem
3342 5023 3471 5065 oves

1900 5096 1953 5149 in
1982 5095 2187 5150 caelesti
2217 5095 2497 5149 altitudine
2523 5095 2757 5159 dimisit,
2785 5104 2846 5149 ut
2873 5110 3055 5160 unam,
3084 5111 3203 5166 qua:
3228 5096 3280 5151 in
3309 5099 3470 5152 terris

1900 5184 2123 5246 erravit,
2166 5184 2448 5249 inveniret,
2481 5192 2800 5254 reportaret,
2829 5194 2885 5241 et
2910 5186 3193 5240 collocaret
3219 5201 3340 5241 cum
3368 5202 3471 5242 cai-

1902 5274 2031 5327 teris
2054 5272 2119 5325 ad
2143 5273 2393 5342 gaudium
2425 5274 2734 5345 angelorum
2757 5276 2811 5331 in
2831 5275 3032 5330 cmlcsti
3057 5276 3233 5343 patria
3254 5274 3465 5345 (Matth.

1902 5378 2058 5427 xviii,
2090 5361 2187 5427 l2;
2213 5362 2341 5421 Luc.
2370 5378 2462 5427 xv,
2481 5362 2539 5428 4,
2560 5364 2635 5434 7).
2665 5362 2919 5434 Cogitaus
2945 5364 3145 5432 cogita,
3171 5366 3375 5433 quanta
3401 5365 3472 5419 sit

1903 5475 1992 5528 nia
2022 5482 2263 5544 vocatur.
2293 5473 2373 5526 Ad
2414 5473 2673 5544 eumdem,
2698 5482 2849 5544 puto,
2878 5475 3149 5544 pertinent
3188 5482 3471 5543 sequentes

1906 5544 2023 5599 dua:
2048 5542 2303 5613 epistolae,
2335 5551 2392 5613 et
2416 5557 2631 5613 carmen
2660 5542 2737 5598 De
2762 5542 2979 5599 Cuciilo.
3012 5576 3013 5583 η

1978 5623 2001 5651 ε
2042 5612 2288 5678 Quercet.
2332 5612 2459 5675 105;
2511 5612 2700 5667 collata
2744 5628 2864 5668 cum
2911 5614 3063 5669 codd.
3114 5628 3242 5667 mss.
3302 5612 3472 5673 Salis-

1906 5682 2159 5754 l_u_u_-gensi
2202 5691 2255 5735 et
2312 5682 2371 5739 ὃ.
2434 5683 2782 5738 Emmerami.
2843 5682 3288 5753 (Apud,me
3310 5687 3471 5754 epist.

1910 5746 2192 5890 ﬁdunt;
2214 5820 2447 5890 prodigo.
2472 5821 2586 5876 Hoc
2607 5821 2823 5877 nomine
2840 5816 3081 5875 Osultum
3109 5822 3282 5879 notari
3308 5822 3469 5882 etiam

1912 5888 2219 5943 Mubillo‘uio
2248 5888 2474 5944 v'idetur.
2514 5890 2631 5947 \‘id.
2659 5892 2813 5961 epist.
2849 5890 3103 5962 priorem.
3170 5938 3173 5941 .
