4428 6410
811 431 915 485 483

1654 419 1714 471 η.
1754 417 1815 472 F.
1857 413 2074 470 ALBiNI
2104 413 2233 467 εἰεί]
2261 407 2536 463 ALCL’INI
2573 403 2853 460 OPERUM
2894 401 3067 457 PARS
3106 400 3146 454 I.

3917 393 4016 448 ις’.

811 546 993 600 I;ctitia
1033 539 1337 611 angelorum
1362 551 1521 606 super
1550 547 1716 588 unum
1740 538 2075 602 peccatorem
2113 502 2448 596 pmniten—IVA
2475 527 2527 572 et
2554 526 2705 586 pater
2733 531 2748 568 :
2777 515 2868 569 fiat
2896 512 3046 567 vobis
3089 525 3229 611 nunc
3267 518 3478 579 quoque
3507 525 3607 564 una
3634 511 3938 578 concordia,
3964 522 4018 566 et

812 637 942 690 tiam
970 640 1234 702 agentem,
1270 636 1326 683 et
1363 641 1523 696 quam
1564 623 1682 694 pius
1723 630 1779 676 et
1816 618 2120 673 misericors
2157 614 2226 669 sit
2265 612 2368 674 ille,

812 725 902 794 qui
929 723 1039 776 ait:
1069 719 1205 775 Nolo
1231 724 1443 770 mortem
1462 711 1764 783 peccatoris,
1791 707 1879 762 sed
1900 716 1953 760 ut
1975 712 2300 758 convertatur
2325 707 2373 752 et

813 793 966 867 uiuat.
989 810 1056 863 Et
1080 809 1273 863 iterum
1297 819 1391 875 per
1411 803 1724 873 prophetam
1750 797 1920 865 inquit
1943 813 1956 847 :
1991 793 2055 848 In
2075 805 2376 862 quacunque

814 901 898 954 die
927 913 1198 954 conuersus
1227 894 1382 964 fuerit
1407 900 1665 962 peccator,
1694 887 1796 942 cito
1822 886 1946 941 uiuet
1979 893 2027 938 et
2064 897 2165 935 non
2190 879 2376 933 morie-

812 1000 900 1044 tur
927 986 1139 1060 (Exerit.
1164 999 1359 1046 sum,
1389 981 1475 1044 II,
1503 980 1613 1048 η).

884 1079 1004 1136 Noli
1034 1079 1128 1140 illi,
1157 1076 1268 1130 noli
1294 1080 1574 1128 vocantem
1598 1080 1872 1139 spernere,
1897 1080 1996 1120 nec
2026 1063 2371 1117 miserantem

819 1169 974 1243 [ϐοά.
999 1166 1114 1223 Sal.
1161 1173 1212 1218 et
1261 1163 1320 1218 S.
1361 1159 1696 1221 Emmerami,
1727 1152 2052 1226 miserantis]
2108 1152 2376 1221 negligere

819 1260 1092 1330 pietatem.
1131 1252 1434 1309 Recordare
1457 1258 1778 1304 mternorum
1801 1245 2039 1299 flammas
2081 1249 2374 1296 tormento-

822 1365 965 1413 rum,
1015 1347 1276 1408 vermium
1325 1350 1618 1397 venenatos
1643 1339 1846 1399 dentes,
1888 1336 2099 1405 frigoris
2147 1334 2374 1387 immen-

823 1439 1058 1497 sitatem,
1105 1431 1470 1502 plangentium
1519 1428 1712 1488 luctus,
1763 1423 2152 1478 immitissimas
2205 1428 2373 1474 torto-

823 1541 942 1579 rum
971 1523 1134 1577 facies
1160 1519 1310 1593 [ϐοά.
1341 1517 1456 1573 Sal.
1480 1516 1602 1572 etS.
1631 1514 1966 1577 Emmerami,
1990 1519 2374 1566 tormentorum

824 1611 1013 1685 faces],
1069 1611 1274 1668 infinita
1304 1609 1532 1664 miserim
1558 1607 1749 1674 spatia.
1773 1603 2062 1659 Considera
2098 1603 2224 1656 item
2250 1602 2376 1657 bea-

826 1703 1065 1759 tissimas
1093 1700 1404 1770 angelorum
1445 1697 1712 1757 cohortes,
1751 1692 2008 1762 gloriosas
2067 1699 2372 1746 sanctorum

826 1803 1048 1854 turmas,
1077 1801 1132 1845 et
1160 1790 1324 1859 ipsius
1353 1786 1731 1855 omnipotentis
1775 1783 1867 1837 Dei
1891 1780 2207 1838 ineffabilem
2243 1780 2370 1835 bea-

2473 622 2636 660 unum
2653 605 2838 658 salutis
2871 612 2971 657 tute
2993 600 3294 663 consilium,
3323 609 3372 653 et
3391 613 3492 653 una
3517 600 3887 655 ecclesiastica:
3913 603 4020 672 pie-

2473 696 2598 750 tatis
2611 693 2882 749 habitatio.
2899 691 3020 746 Seio
3033 690 3177 744 illum
3191 689 3295 743 tuis
3306 689 3526 744 multum
3539 689 3765 758 gaudere
3775 688 4021 760 profecti-

2473 784 2589 837 bus.
2625 781 2735 835 Noli
2759 795 2945 850 preces
2970 785 3218 849 paternas
3242 769 3599 843 contemnere,
3630 778 3735 832 noli
3760 779 4020 849 lacrymzs

2473 870 2763 940 magisterii
2788 869 2891 922 mei
2912 867 3196 937 negligere.
3224 865 3512 921 Consolare
3531 882 3617 922 me
3637 868 3702 922 de
3720 877 3808 922 tua
3831 869 4019 932 salute,

2474 975 2540 1014 ne
2578 960 2817 1016 diabolus
2857 958 3114 1029 glorietur
3147 964 3331 1012 contra
3361 971 3446 1012 me
3501 956 3554 1009 in
3596 956 3891 1026 perditione
3913 967 4020 1010 tua.

2474 1049 2584 1118 Ego
2620 1057 2668 1103 te
2710 1047 2873 1103 filium
2923 1046 3295 1102 charissimam
3345 1045 3563 1110 nutrivi,
3613 1045 3742 1110 alui,
3799 1045 4021 1100 erudivi.

2473 1138 2589 1192 Non
2614 1137 2688 1192 sis
2719 1137 2847 1192 mihi
2873 1136 2928 1190 iu
2946 1135 3314 1191 confusionem
3340 1142 3395 1187 et
3423 1135 3730 1205 tibimetipsi
3752 1137 3804 1190 in
3833 1144 4021 1191 contu-

2473 1229 2706 1292 metiam,
2730 1235 2785 1281 et
2830 1225 3114 1282 comtaneis
3137 1225 3238 1278 tuis
3264 1224 3318 1280 in
3351 1225 3691 1295 opprobrium
3716 1241 3730 1280 :
3756 1224 3838 1280 fac
3864 1225 4027 1279 virili.

2475 1328 2555 1372 ter
2574 1325 2628 1371 et
2653 1314 2954 1371 confortare
2989 1314 3044 1370 in
3075 1313 3318 1378 Domino,
3345 1322 3400 1368 et
3434 1313 3585 1370 vince
3622 1329 3806 1369 omnes
3833 1315 4026 1370 adver-

2473 1406 2644 1460 sarios
2693 1415 2812 1461 tuos
2865 1418 2961 1474 per
2996 1418 3118 1458 eum
3163 1403 3256 1472 qui
3302 1404 3434 1481 ait:
3483 1401 3760 1473 Confidite,
3815 1419 3905 1474 ego
3931 1403 4027 1458 viri
4077 1446 4080 1450 .

2472 1497 2722 1550 mundum
2749 1495 2927 1564 (Joan.
2971 1509 3082 1558 xvr,
3115 1493 3234 1564 33);
3264 1500 3323 1546 ut
3349 1493 3598 1562 gaudium
3621 1508 3796 1548 meum
3818 1494 4028 1562 plenum

2473 1587 2545 1640 sit
2591 1587 2642 1641 in
2676 1595 2748 1649 te,
2793 1594 2849 1639 et
2873 1585 3122 1654 gaudium
3160 1594 3308 1638 tuum
3344 1598 3501 1639 nemo
3531 1585 3680 1639 tollat
3707 1601 3736 1638 a
3765 1593 3837 1640 te.
3866 1585 4028 1640 Filius

2473 1679 2683 1746 sapiens
2719 1677 2888 1746 gloria
2913 1686 2996 1731 est
3044 1675 3230 1746 patris.
3283 1675 3396 1730 Non
3429 1683 3632 1732 tantum
3669 1676 3820 1741 mihi,
3863 1677 4032 1745 quite

2473 1769 2651 1838 genui,
2707 1767 2955 1837 gaudium
3019 1766 3182 1821 facies
3230 1765 3514 1830 ineffabile,
3563 1767 3656 1821 sed
3697 1767 3855 1822 etiam
3875 1768 4029 1835 juxta

827 1893 933 1938 tam
973 1882 1253 1943 visionem,
1284 1893 1387 1946 qua
1417 1876 1588 1930 sancti
1626 1873 1838 1927 fruituri
1869 1881 1992 1926 sunt
2025 1872 2077 1926 in
2099 1879 2375 1925 internum.
2412 1861 2454 1918 Β
2483 1857 2576 1927 22

2281 1883 2375 1923 Πη,
2412 1861 2454 1918 Β
2483 1856 2643 1927 220
2672 1855 3028 1924 evangelicam
3057 1855 3384 1923 parabolam,
3422 1870 3580 1925 quam
3631 1856 3786 1927 paulo
3829 1870 3951 1910 ante
3979 1856 4030 1908 in

827 1971 1015 2026 Adhuc
1042 1967 1241 2039 poteris
1286 1965 1375 2019 illa
1413 1964 1652 2022 devitarc
1679 1963 1796 2025 tibi,
1834 1969 1889 2016 et
1917 1962 2015 2015 ista
2046 1961 2260 2030 eligere.
2303 1959 2382 2012 Ad

827 2062 978 2116 illum
1015 2060 1170 2114 finem
1201 2057 1482 2124 impiorum
1503 2054 1714 2107 luxuria
1743 2062 1797 2104 et
1833 2051 2086 2118 iniquitas
2111 2048 2385 2119 perveniet

831 2157 921 2202 tua
953 2163 967 2198 :
1018 2145 1082 2200 ad
1135 2145 1292 2197 istam
1325 2143 1503 2209 itaque
1524 2147 1832 2194 sanctorum
1866 2139 2091 2207 gloriam
2124 2143 2178 2190 et
2205 2136 2386 2190 lauda-

825 2237 998 2296 bilem
1022 2233 1403 2288 beatitudinem
1429 2228 1706 2284 conversio
1746 2225 1896 2298 [Cod.
1945 2225 2058 2282 Sal.
2086 2235 2132 2280 et
2171 2224 2230 2281 S.
2261 2224 2386 2278 Eut-

833 2324 1068 2388 merami,
1095 2317 1452 2390 conversatio]
1500 2326 1588 2370 tua
1608 2323 1660 2370 et
1680 2317 1990 2385 paenitentia
2017 2315 2231 2384 poterit,
2279 2314 2387 2368 Deo

833 2416 1141 2478 miserante,
1196 2411 1493 2482 pervenire.
1545 2406 1752 2462 Sufficit
1782 2407 1875 2462 tibi
1899 2405 2227 2475 praeteritum
2255 2413 2390 2460 tem-

835 2520 933 2574 pus
960 2504 1011 2557 in
1040 2501 1262 2556 lusuriis
1288 2508 1342 2554 et
1365 2497 1570 2554 deliciis
1593 2503 1936 2551 transactum.
1995 2495 2268 2566 Resipisce
2286 2495 2385 2548 ali-

835 2591 1047 2662 quando
1093 2591 1159 2645 ab
1187 2590 1288 2643 bac
1312 2587 1608 2658 perditione
1648 2595 1757 2650 tua,
1788 2594 1842 2639 et
1866 2584 2143 2639 diabolicae
2195 2599 2387 2654 sugge-

837 2681 996 2736 stloui
1029 2679 1137 2734 noli
1171 2677 1371 2734 diutius
1407 2677 1789 2744 obtemperare.
1821 2671 1926 2728 Sed
1955 2672 2212 2728 confitere
2265 2687 2390 2740 pec-

844 2778 962 2826 cata
987 2778 1097 2833 tua,
1125 2776 1179 2822 et
1206 2768 1259 2820 in
1283 2779 1377 2834 spe
1398 2765 1562 2820 venire
1587 2763 1950 2833 paenitentiam
1979 2777 2092 2831 age.
2123 2761 2250 2827 Quis
2273 2763 2389 2825 scit,

841 2858 887 2912 si
914 2865 1238 2910 convertatur
1258 2862 1305 2908 et
1337 2854 1565 2924 ignoscat
1612 2851 1751 2906 Deus
1773 2851 1928 2921 (Joel.
1975 2868 2036 2916 rt,
2067 2851 2189 2923 ill)?
2217 2851 2392 2907 Multa:

843 2954 970 3001 sunt
1017 2943 1160 2998 enim
1223 2941 1594 3007 miserationes
1659 2940 1822 3004 illius,
1873 2947 1929 2994 et
1975 2940 2179 2994 infinita
2221 2941 2394 3007 pietas

844 3047 1006 3103 super
1031 3046 1124 3086 eos
1163 3031 1254 3100 qui
1296 3037 1511 3100 peccata
1535 3043 1630 3082 sua
1654 3028 1904 3098 plangere
1930 3038 2139 3091 curant,
2171 3043 2275 3082 non
2299 3027 2394 3082 atl-

843 3120 1001 3184 dere;
1025 3116 1255 3185 obiicere
1285 3117 1481 3172 fascem
1506 3116 1819 3186 iniquitatis,
1849 3131 1954 3170 non
1984 3129 2178 3184 augere
2207 3115 2390 3170 crimi-

844 3222 1034 3264 IIOSIIIII
1051 3221 1206 3261 00118.

914 3294 1176 3355 lieuteuto
1221 3293 1479 3349 latronem
1508 3294 1560 3350 in
1593 3308 1751 3349 cruce
1776 3295 2112 3363 pendentem,
2162 3302 2216 3348 et
2241 3293 2392 3348 Nini-

843 3383 1086 3445 vitasin
1114 3384 1292 3438 cinere
1341 3384 1610 3447 sedentes,
1661 3393 1713 3438 et
1741 3383 1959 3454 impium
1999 3383 2274 3439 Manassen
2302 3400 2388 3438 rc-

848 3491 966 3546 gem
1020 3475 1088 3531 de
1133 3475 1424 3545 Babylonia
1472 3484 1823 3529 revertentem
1870 3476 2198 3545 captivitate.
2240 3475 2392 3531 Sicut

847 3566 952 3620 illis
972 3565 1142 3635 pietas
1167 3565 1345 3618 divina
1379 3572 1502 3633 post
1546 3564 1914 3632 paenitentiam
1969 3566 2217 3618 miserata
2272 3563 2392 3630 fuit,

847 3654 922 3709 ita
944 3661 998 3708 et
1031 3653 1122 3708 tibi
1149 3653 1254 3707 erit
1275 3651 1600 3714 certissime,
1641 3651 1685 3706 si
1709 3651 1760 3706 in
1791 3651 1938 3707 illum
1967 3661 2076 3707 tota
2105 3653 2396 3708 intentione

849 3743 1049 3808 cordis,
1069 3750 1124 3797 et
1151 3742 1497 3797 conversione
1527 3741 1665 3806 vitaz,
1693 3752 1750 3796 et
1773 3744 2103 3812 pauitantia:
2145 3743 2396 3815 lacrymis

849 3831 1114 3888 revertere
1137 3832 1238 3887 vis.
1291 3831 1425 3887 Vide
1461 3831 1882 3902 condiscipulum
1907 3845 2077 3898 tuum,
2129 3815 2221 3902 qui
2250 3835 2395 3888 omni

847 3921 1125 3988 devotione
1149 3920 1333 3979 cordis
1352 3919 1460 3975 Deo
1496 3933 1706 3989 semper
1733 3919 1976 3984 adbresit,
2009 3929 2066 3974 et
2108 3921 2264 3975 modo
2284 3922 2396 3990 epi-

852 4022 1072 4084 scopatu
1099 4011 1345 4082 praesidet
1371 4011 1702 4065 nobilissimo
1731 4022 1781 4074 α,
1832 4011 2080 4065 omnibus
2129 4013 2396 4077 amabilis,

857 4103 1139 4160 laudabitis
1163 4111 1216 4159 et
1249 4089 1636 4158 desiderabilis.
1659 4099 1736 4155 Tu
1759 4114 1914 4166 vero,
1970 4102 2286 4166 miserrime,
2316 4118 2399 4156 er-

750 4242 758 4254 ,
850 4193 1122 4248 rabundns
1145 4207 1242 4263 per
1267 4193 1518 4247 vitiorum
1542 4189 1762 4256 fruteta,
1806 4191 2006 4250 nemini
2051 4193 2396 4255 honorabilis,

855 4281 950 4337 sed
977 4281 1223 4334 erunibus
1251 4279 1701 4347 reprehensibilis.
1736 4279 1995 4334 Memento
2035 4290 2234 4348 quanto
2257 4280 2401 4336 fuisti

856 4368 1051 4424 clarior
1065 4368 1116 4421 in
1130 4365 1304 4431 donis,
1322 4366 1572 4420 meliorin
1586 4366 1899 4430 eruditione,
1923 4369 2127 4423 acutior
2146 4370 2197 4422 in
2220 4384 2400 4434 sensu,

856 4466 909 4512 et
929 4456 1079 4511 omni
1132 4455 1492 4510 ecclesiastica
1541 4455 1781 4509 doctrina
1837 4449 2242 4524 pneceltentior.
2299 4456 2402 4512 Sed

857 4563 998 4604 nunc
1022 4547 1174 4616 quasi
1228 4547 1494 4617 tugurium
1536 4546 1590 4600 in
1619 4547 1771 4601 vinea
1801 4547 2133 4611 derelictum,
2156 4548 2400 4618 vulpibus

858 4649 913 4693 et
938 4628 1063 4693 feris
1089 4637 1364 4699 habitatio,
1400 4635 1488 4705 qui
1513 4635 1797 4706 depascere
1823 4637 1994 4693 solent
2017 4639 2224 4692 vineam
2243 4637 2399 4691 Chri-

863 4727 953 4781 sti.
999 4725 1093 4779 Ille
1114 4739 1240 4779 vero
1261 4734 1384 4779 tuus
1429 4727 1695 4793 quondam
1746 4741 1965 4796 compar
2000 4735 2055 4780 et
2090 4729 2404 4781 eruditionis

863 4815 1146 4885 particeps,
1183 4812 1433 4882 templum
1463 4813 1554 4865 Dei
1583 4814 1708 4876 vivi,
1752 4824 1810 4867 et
1830 4810 2004 4866 sancti
2045 4814 2276 4881 Spiritus
2313 4815 2404 4866 ba-

861 4902 1068 4967 bitatio,
1097 4900 1205 4954 Deo
1229 4900 1453 4954 dilectus
1473 4909 1528 4954 et
1570 4901 1896 4965 hominibus,
1952 4911 2178 4958 azternas
2223 4905 2321 4957 sibi
2353 4905 2403 4957 in

862 4994 1000 5051 calo
1027 4991 1262 5062 quotidie
1280 5000 1541 5060 prteparat
1573 4993 1896 5056 mansiones,
1940 4994 2060 5048 dum
2089 5003 2142 5048 tu
2167 5002 2404 5048 terrenas

863 5085 1097 5152 sequeris
1125 5083 1391 5139 foeditates
1417 5092 1471 5136 et
1493 5083 1710 5153 lugubre
1734 5086 2043 5155 perditionis
2079 5088 2180 5142 iter
2208 5103 2303 5157 per
2330 5092 2406 5142 vi-

867 5173 1058 5226 tiorum
1079 5173 1364 5242 pmipitia
1388 5172 1620 5227 ruiturus
1640 5179 1887 5230 recurvis.

934 5261 1121 5329 Surge,
1145 5264 1383 5328 obsecro,
1415 5264 1486 5317 liii
1518 5264 1590 5318 mi
1643 5267 1970 5332 charissime,
2023 5282 2179 5338 surge
2200 5277 2254 5324 et
2277 5271 2407 5323 vade

870 5349 934 5402 ad
962 5349 1180 5404 fratrem
1211 5349 1382 5423 [tuum
1411 5352 1451 5422 ],
1478 5354 1543 5407 de
1584 5369 1689 5423 quo
1715 5365 1837 5410 ante
1865 5358 1994 5422 disi,
2027 5361 2149 5428 quia
2175 5376 2271 5415 vos
2305 5377 2408 5415 una

871 5440 1047 5507 genuit
1067 5441 1326 5505 Ecclesia,
1342 5457 1446 5496 nua
1467 5445 1695 5500 erudivit
1718 5445 2015 5516 disciplina,
2040 5465 2174 5522 unus
2194 5451 2410 5507 instruit

940 5605 967 5635 ι
1109 5597 1196 5652 hic
1227 5594 1394 5675 ﬁlius
1439 5597 1784 5675 prodigus__in
1840 5603 2024 5675 Anglia
2053 5608 2408 5675 'qutnrendus,

911 5672 1031 5737 rout
1056 5680 1130 5737 ex
1159 5666 1375 5737 epistola
1403 5666 1561 5737 priori
1592 5666 1851 5737 conjicere
1883 5666 2024 5736 licet,
2056 5666 2179 5729 tunc
2218 5677 2316 5731 ista
2349 5666 2411 5730 de

901 5732 1141 5786 Eanbalde
1160 5732 1764 5804 episcopo—Eboracensi,
1786 5743 1874 5809 qui
1899 5732 2184 5811 discipulus
2205 5760 2410 5813 quoquc

2481 1947 2582 2001 hac
2602 1946 2789 2001 eadem
2812 1945 3032 2015 epistola
3057 1947 3331 2015 proposui,
3370 1947 3615 2001 omnibus
3634 1947 3882 2016 angelicis
3909 1962 4033 2016 gau-

2484 2035 2628 2089 dium
2679 2033 2846 2089 facies
2887 2035 3249 2105 dignitatibus.
3306 2034 3440 2091 Noli’
3466 2035 3776 2091 subtrahere
3828 2035 4032 2089 illorum

2485 2124 2678 2180 lmtitize
2703 2132 2883 2180 et-«tute
2930 2123 3264 2178 beatitudini.
3295 2123 3352 2177 Si
3382 2124 3536 2178 modo
3579 2123 3632 2175 in
3661 2124 3908 2192 prtesenti
3954 2122 4032 2175 fa-

2485 2218 2597 2272 cias
2624 2217 2927 2272 illoslzetari
2954 2217 3006 2270 in
3046 2225 3135 2271 tua
3164 2216 3494 2284 poenitentia,
3519 2231 3638 2276 cum
3665 2215 3768 2270 illis
3797 2215 3847 2268 in
3873 2215 4034 2285 gloria

2488 2309 2685 2364 tribuet
2705 2318 2757 2364 te
2788 2308 2927 2362 Deus
2965 2307 3132 2362 Itetari
3165 2308 3215 2361 in
3244 2316 3521 2362 aeternum.

2555 2398 2677 2456 Ilaec
2717 2408 2894 2452 tecum
2943 2405 3156 2452 maneat
3197 2395 3456 2462 chartula,
3482 2403 3536 2450 et
3576 2396 3767 2465 smpius
3811 2395 4033 2465 legatur,

2487 2489 2657 2543 donec
2678 2487 2986 2558 perficiatur
3035 2486 3186 2559 [ϐοά.
3245 2485 3384 2551 Sal.,
3437 2486 3864 2559 perficiat]un
3891 2495 4038 2554 optat

2486 2580 2577 2651 qui
2606 2579 2824 2634 dictavit
2866 2570 3030 2634 illam.
3071 2578 3242 2632 Credo
3281 2576 3479 2631 faciens
3524 2576 3682 2639 faciet
3736 2577 3874 2630 Deus
3898 2576 4037 2647 quod

2486 2681 2707 2743 paterna
2733 2671 2967 2727 charitas
3005 2671 3194 2738 quaerit
3224 2671 3274 2722 in
3314 2669 3440 2722 lilio.
3467 2668 3570 2723 Sed
3607 2677 3661 2722 tu
3693 2667 3802 2722 noli
3823 2668 4037 2721 tardare

2489 2760 2728 2815 converti
2778 2760 2845 2813 ad
2881 2759 3070 2823 Deum,
3097 2759 3219 2826 quia
3267 2758 3532 2812 nescimus
3565 2757 3690 2827 quid
3716 2765 3921 2811 ventura
3946 2771 4039 2826 pa-

2492 2851 2592 2905 riat
2617 2851 2724 2904 dies
2752 2849 2928 2920 (Prov.
2967 2865 3137 2913 xxvii,
3196 2847 3268 2919 i).
3323 2849 3462 2903 Deus
3494 2848 3800 2901 hodiernam
3851 2843 4041 2916 recipit

2491 2943 2786 2998 certissime
2808 2939 3194 3010 pmnitcntiam,
3224 2939 3314 2993 sed
3339 2937 3724 3008 longaevitatem
3764 2935 4041 3005 praesentis

2495 3033 2617 3086 vitae
2658 3046 2762 3086 non
2782 3032 3046 3101 promisit.
3089 3029 3146 3083 In
3168 3029 3330 3084 dubio
3373 3028 3544 3083 ultimi
3573 3027 3675 3082 diei
3713 3043 3810 3082 nos
3843 3026 4039 3080 dereli-

2497 3123 2612 3191 quit
2640 3130 2699 3175 ut
2724 3135 2930 3189 semper
2965 3128 3181 3188 paratos
3211 3120 3604 3174 invenirctcum
3626 3119 3882 3172 bonorum
3909 3115 4043 3173 laut—

2495 3213 2717 3287 padibus
2737 3212 3048 3265 meritorum
3075 3210 3290 3265 obviare
3305 3208 3424 3264 sibi.

2956 3321 2984 3362 δ
3009 3317 3339 3377 EPISTOLA
3375 3315 3590 3372 CCVIII.

3106 3425 3171 3464 AD
3207 3422 3440 3462 εωιηειι.

2494 3504 2739 3575 Deplorat
2765 3501 3004 3573 discipuli
3026 3515 3284 3575 perversos
3304 3513 3492 3575 mores,
3513 3505 3559 3548 et
3575 3493 3721 3575 illum
3745 3503 3812 3546 ad
3833 3491 4043 3547 meliora

2788 3566 3036 3626 revocare
3052 3574 3268 3622 conatur
3294 3567 3474 3622 timore
3506 3566 3766 3634 gehennte.

2568 3673 2589 3703 ε
2631 3661 2956 3718 Charissimo
2985 3659 3111 3714 tilio.

2565 3753 2732 3822 Quem
2779 3767 2900 3808 sero
2927 3752 3102 3823 genui,
3149 3758 3202 3805 ct
3231 3750 3338 3804 cito
3373 3739 3569 3802 dimisi.
3618 3743 3726 3798 Nec
3769 3745 3902 3797 bene
3946 3743 4044 3797 ab-

2495 3845 2724 3899 lactatus
2750 3851 2933 3913 raptus
2960 3850 3041 3896 est
3066 3842 3133 3894 ab
3155 3841 3407 3894 uberibus
3424 3838 3576 3892 meis.
3600 3835 3865 3889 Inimicior
3886 3848 4042 3903 quam

2502 3949 2755 3998 noverca,
2806 3942 2988 3988 tenera
3027 3933 3092 3987 de
3132 3939 3354 4002 paterno
3406 3929 3605 4000 gremio
3653 3943 3749 3998 per
3771 3927 4045 3982 libidinum

2499 4026 2731 4081 vortices
2759 4040 2884 4080 caro
2914 4025 3109 4095 rapuit.
3138 4023 3273 4086 Iieu,
3307 4022 3439 4094 proh
3463 4021 3640 4075 dolor!
3687 4019 3812 4089 quid
3836 4018 4042 4081 faciam,

2498 4119 2601 4174 nisi
2641 4119 2888 4188 plangam
2932 4125 3264 4187 pereuntem,
3327 4114 3372 4168 si
3409 4102 3545 4168 forte
3579 4111 3762 4166 calidis
3788 4109 4048 4179 lacryma—

2504 4203 2621 4262 rum
2642 4207 2890 4264 fomentis
2918 4204 3223 4260 resuscitari
3261 4203 3447 4273 possit.
3486 4202 3578 4256 Vae
3602 4199 3770 4263 carni,
3799 4213 3917 4268 qua:
3940 4212 4045 4252 non

2506 4298 2655 4351 timet
2683 4289 2995 4364 sulphureos
3047 4287 3281 4364 quinque
3311 4292 3520 4347 urbium
3547 4291 3711 4358 ignes,
3769 4288 3851 4342 vel
3876 4303 4046 4357 preme

2506 4385 2840 4441 infcrnalium
2865 4392 3248 4440 tormentorum
3284 4383 3544 4437 ﬂammas.
3571 4381 3781 4451 Stringe
3801 4378 4044 4447 teipsum,

2432 4498 2480 4559 υ
2505 4476 2748 4539 obsecro,
2807 4471 2966 4541 hujus
2996 4475 3203 4528 timoris
3246 4471 3466 4534 catenis,
3496 4478 3550 4524 et
3599 4476 3742 4524 tenta
3784 4466 4047 4538 quomodo

2504 4565 2586 4619 vel
2626 4580 2783 4618 unam
2810 4562 3018 4618 ardoris
3045 4557 3330 4616 scintillant
3377 4558 3599 4614 suﬂ'erre
3634 4558 3807 4627 possis
3835 4571 3850 4610 :
3881 4565 3933 4611 et
3957 4571 4048 4610 co—

2506 4654 2614 4723 gita
2637 4652 2765 4722 quid
2816 4653 2905 4713 sit,
2937 4652 2981 4705 si
3010 4658 3176 4706 totum
3213 4663 3404 4718 corpus
3439 4655 3638 4701 mterno
3680 4645 4046 4700 erucieturin-

2506 4746 2709 4799 cendio.
2764 4744 2987 4813 Respice
3013 4743 3245 4805 tandem.
3277 4749 3330 4793 et
3369 4738 3478 4794 noli
3536 4737 3833 4792 consentire
3869 4736 3916 4789 ei
3955 4735 4043 4803 qui

2505 4834 2600 4889 tibi
2637 4834 2759 4886 talia
2789 4843 2943 4902 parat
2965 4831 3205 4886 incendia
3233 4845 3247 4884 :
3272 4831 3361 4885 sed
3388 4829 3555 4900 magis
3575 4827 3776 4898 castiga
3799 4827 4042 4895 teipsum,

2505 4931 2559 4978 et
2601 4923 2837 4992 paternis
2867 4921 3141 4990 acquiesce
3187 4917 3637 4974 obsecrationibus
3670 4932 3684 4970 :
3713 4925 3767 4970 et
3799 4915 3891 4970 Dei
3922 4930 4044 4968 ocu-

2505 5013 2572 5067 lis
2621 5021 2669 5065 te
2729 5025 2934 5080 semper
2977 5017 3289 5080 prresentem
3330 5023 3448 5064 esse
3497 5016 3777 5076 cognosce,
3813 5013 3867 5074 et
3922 5011 4045 5056 ante

2505 5110 2808 5157 sanctorum
2838 5101 3140 5171 angelorum
3163 5106 3425 5169 a5pectus.
3451 5097 3715 5150 Erubesce
3742 5095 3793 5148 in
3826 5107 3924 5146 con
3956 5107 4044 5161 pe-

2505 5199 2593 5246 ctu
2633 5190 2841 5245 illorum
2869 5189 3042 5244 facere
3079 5202 3198 5257 quae
3233 5187 3500 5242 horrescis
3548 5187 3600 5240 in
3645 5191 3928 5254 conspectu
3954 5198 4045 5236 cu-

2501 5277 2719 5346 juslibct
2757 5277 2988 5331 hominis
3040 5285 3366 5345 perpetrare.
3435 5275 3557 5329 Scio
3599 5274 3738 5344 quod
3789 5271 4041 5342 judicium

2508 5367 2680 5422 credis
2703 5367 2951 5420 omnibus
2974 5379 3092 5420 esse
3129 5365 3384 5428 futurum,
3417 5372 3469 5420 et
3498 5373 3548 5418 te
3573 5364 3743 5419 credis
3762 5364 3899 5418 inter
3926 5363 4043 5427 illos

2508 5471 2624 5511 esse
2664 5457 2754 5527 qui
2779 5454 2902 5511 talia
2933 5463 3158 5525 egerunt
3205 5457 3378 5525 qualia
3409 5453 3502 5511 tibi
3531 5457 3762 5527 quotidie
3801 5454 4044 5511 diabolus

2509 5607 2716 5664 Alcuini
2748 5608 2865 5679 fuit,
2906 5608 3263 5717 a‘pteiutciiigi
3293 5619 3528 5679 possunt.
3891 5657 3896 5659 .

2582 5679 2608 5717 δ
2645 5677 2870 5717 “norm!
2953 5676 3020 5717 Il
3082 5675 3242 5717 Cani:
3301 5679 3620 5717 “(Emimus
3673 5680 3806 5717 IIII“,

2584 5679 2608 5784 ε’
2645 5675 3641 5815 esset?ivratz-urt‘iztftf”
3673 5680 3813 5755 “°’°
