4428 6444
215 432 323 489 ικδ

1628 431 2001 488 EPISTOLAZ.

3332 447 3436 501 486

212 543 425 600 suadet.
481 542 617 600 Ecce
652 543 766 599 heri
800 543 975 600 fecisti
1019 544 1344 599 voluntatem
1392 544 1573 598 carnis
1627 514 1761 608 tuae;
1795 547 1839 602 Α
1870 546 2007 598 ravit
2038 545 2471 625 Deuspericulis.
2512 549 2663 605 illum
2711 566 2851 615 ama,
2897 561 2949 606 et
2978 553 3044 607 ad
3073 552 3189 621 eius
3219 553 3429 609 miseri-

211 630 374 688 hodie
401 633 551 688 vadis
575 634 627 689 in
658 634 957 688 Incendium
990 635 1127 704 ignis
1146 634 1349 688 aeterni.

662 753 688 781 ι
727 740 1055 796 EPISTULA
1106 740 1279 795 CCIX.

822 827 890 864 AD
929 825 1149 865 AIICUI.

283 894 595 953 Conuersus
620 898 688 952 ad
714 896 948 961 meliora,
978 899 1217 951 hortatur
1240 901 1306 952 ad
1333 899 1695 952 constantiam.

280 986 635 1043 Dilectissimo
681 989 853 1043 amico
897 990 1059 1043 totius
1088 990 1452 1058 prosperitatis
1492 991 1770 1058 przesentis

206 1086 264 1133 et
292 1085 506 1133 eterna:
537 1078 877 1133 beatitudinis
904 1089 1209 1148 perpetuam
1242 1080 1488 1134 salutem.

276 1164 463 1235 Magna
501 1166 630 1221 mihi
661 1166 840 1221 laetitia
878 1175 961 1221 est
986 1168 1048 1222 de
1094 1168 1230 1221 bona
1275 1168 1545 1222 voluntate
1591 1176 1767 1222 vestra

204 1274 371 1329 quam
392 1260 569 1313 audivi
594 1276 624 1313 a
655 1259 816 1314 fratre
845 1269 1026 1314 nostro
1056 1260 1346 1315 Benedicto
1373 1260 1425 1314 in
1453 1262 1603 1314 vobis
1626 1276 1763 1314 esse.

203 1346 369 1413 Opto,
421 1357 581 1418 atque
626 1351 790 1404 Deum
831 1350 1107 1419 deprecor,
1156 1362 1211 1405 ut
1257 1351 1414 1405 citius
1456 1366 1578 1406 cum
1622 1352 1767 1406 omni

205 1439 575 1493 convenientia
622 1438 948 1508 perficiatur.
992 1440 1259 1508 Scriptum
1319 1450 1401 1495 est
1446 1442 1631 1495 enim:
1688 1440 1768 1493 Ne

201 1526 381 1581 tardes
408 1528 632 1581 converti
673 1528 742 1580 ad
772 1527 1047 1582 Dominum
1096 1529 1283 1593 Deum,
1309 1532 1430 1600 quia
1458 1532 1617 1585 nescis
1642 1532 1767 1601 quid

203 1624 419 1669 ventura
442 1616 613 1680 pariat
654 1616 765 1669 dies
792 1615 979 1685 (Eecli.
1012 1632 1065 1680 v,
1103 1616 1179 1685 8).
1229 1617 1367 1673 Erue
1394 1627 1444 1672 te
1478 1620 1543 1673 de
1576 1620 1766 1674 harum

202 1718 421 1758 carcere
449 1704 865 1764 tribulationum.
913 1720 1031 1775 quae
1060 1706 1112 1758 in
1155 1706 1257 1761 hoc
1301 1708 1498 1763 mundo
1535 1708 1765 1763 fidelium

202 1791 415 1846 animos
462 1799 712 1861 torquere
758 1793 914 1855 solet,
961 1795 1098 1848 sicut
1126 1796 1383 1864 scriptum
1424 1806 1545 1852 est:
1583 1797 1767 1852 Multte

200 1878 563 1933 tribulationes
580 1881 876 1948 justorum;
907 1890 965 1935 ut
990 1883 1129 1951 quod
1161 1886 1403 1953 sequitur
1426 1887 1519 1940 tibi
1545 1890 1761 1942 evenire
1795 1883 1837 1942 Β

201 1968 501 2023 merearis:
537 1967 644 2023 Sed
677 1970 741 2023 de
761 1970 842 2022 Itis
871 1972 1107 2024 omnibus
1136 1971 1369 2026 liberabit
1395 1990 1480 2027 eos
1509 1974 1761 2030 Dominus

202 2056 375 2127 (Psal.
405 2073 601 2123 xxxm,
625 2057 738 2125 ΞΟ).
780 2059 847 2111 Et
881 2075 1010 2115 eave
1035 2063 1457 2131 diligentissime,
1490 2080 1555 2119 ne
1580 2082 1683 2135 qua
1712 2075 1762 2121 te

199 2158 439 2201 aratrum
478 2148 687 2203 Domini
733 2158 1002 2204 tenentem
1047 2151 1305 2219 iniustitia
1336 2164 1480 2209 retro
1526 2164 1757 2211 revocet.

198 2235 370 2293 Nemo
416 2236 569 2292 miles
598 2239 824 2293 sarcinis
867 2240 1059 2295 alienis
1081 2250 1307 2297 onustus
1347 2245 1415 2297 ad
1457 2245 1593 2300 bella
1626 2246 1762 2301 bene

197 2327 458 2395 procedit,
484 2328 588 2383 nisi
633 2329 799 2382 armis
826 2317 1191 2385 tantummodo
1222 2331 1549 2399 victricibus,
1580 2335 1662 2389 vel
1693 2337 1761 2389 ad

196 2415 559 2495 defensionem
580 2417 683 2481 sui,
706 2417 787 2471 vel
812 2418 878 2472 ad
901 2418 1169 2474 laesionem
1199 2421 1512 2477 adversarii.

266 2503 455 2558 Omnia
481 2520 598 2573 qua:
624 2506 774 2561 vobis
798 2509 1102 2562 necessaria
1133 2510 1451 2565 videbantur
1476 2514 1605 2568 mihi
1633 2514 1760 2569 fide-

194 2591 403 2646 lissimo
452 2592 602 2647 fratri
650 2595 937 2650 Benedicto
984 2598 1115 2651 dixi.
1162 2598 1303 2653 Loca
1356 2600 1677 2668 adiutorium
1706 2613 1760 2659 et

193 2680 363 2736 animi
392 2685 744 2738 constantiam
776 2685 941 2757 [locus
968 2690 1283 2761 corruptus].
1310 2688 1414 2746 Sed
1440 2694 1579 2747 scire
1598 2694 1759 2750 debes

191 2770 337 2841 quod
388 2771 442 2825 in
485 2773 631 2827 omni
686 2773 804 2829 loco
850 2776 940 2829 ubi
984 2776 1261 2832 hominum
1303 2783 1641 2837 conversatio
1674 2791 1759 2838 est

191 2844 568 2926 plurimorum,
599 2868 883 2931 utrumque
911 2872 965 2917 et
990 2864 1112 2918 boni
1137 2872 1191 2919 et
1218 2867 1342 2920 mali
1370 2868 1712 2924 inveniuntur
1740 2885 1753 2924 :

191 2942 302 2999 Sed
330 2945 542 3015 sapiens
576 2949 790 3004 animus
813 2957 1164 3021 utrorumque
1209 2962 1391 3009 utatur
1418 2958 1754 3027 magisterio,

193 3033 248 3087 id
273 3040 375 3096 est,
403 3042 459 3088 ut
490 3035 751 3090 malorum
773 3049 961 3093 caveat
988 3042 1267 3108 malitiam,
1292 3052 1345 3099 et
1369 3045 1631 3101 bonorum
1668 3058 1754 3102 se-

193 3131 392 3201 quatur
416 3120 702 3191 justitiam.
734 3125 880 3181 Mens
909 3128 1186 3185 rationalis
1229 3148 1350 3201 quas
1391 3135 1591 3190 homini
1632 3138 1754 3191 data

193 3218 296 3273 est,
328 3198 632 3267 discernere
660 3214 815 3269 debet
843 3231 962 3285 qua:
987 3217 1095 3271 sint
1122 3198 1353 3275 cavenda
1370 3262 1384 3285 ,
1428 3232 1483 3277 et
1504 3240 1623 3293 qua:
1648 3226 1755 3281 sint

192 3301 502 3384 sequenda;
536 3318 634 3357 nec
676 3304 902 3359 multum
949 3307 1023 3393 de/
1044 3308 1160 3365 loco
1186 3310 1441 3377 dillidere,
1474 3315 1556 3368 vel
1592 3316 1752 3371 etiam

191 3388 481 3455 conlidere,
511 3393 633 3461 quia
660 3394 705 3447 si
735 3393 879 3449 locus
902 3388 1152 3479 adiuvare
1176 3402 1452 3469 potuisset,
1482 3420 1753 3476 nunquam

189 3478 414 3548 angelus
438 3481 504 3534 de
526 3482 661 3536 cmlo
691 3478 987 3567 cecidisset,
1017 3488 1097 3540 vel
1125 3488 1284 3544 homo
1312 3492 1365 3545 in
1392 3496 1638 3560 paradiso
1666 3513 1755 3567 po-

192 3567 329 3622 situs
358 3579 655 3637 peccasset;
690 3572 784 3626 sed
817 3562 1041 3643 regnum
1070 3576 1182 3639 Dei,
1208 3587 1266 3631 ut
1292 3580 1401 3649 ipsa
1424 3583 1635 3639 Veritas
1655 3562 1748 3651 ait,

193 3657 336 3712 intra
363 3660 720 3729 nosmetipsos
738 3665 1078 3729 quaerendum
1102 3664 1184 3720 est
1214 3667 1363 3737 (Luc.
1387 3687 1515 3735 xvn,
1548 3674 1658 3744 2|).
1689 3676 1753 3729 Et

191 3748 475 3804 Psalmista
500 3767 512 3803 :
547 3747 739 3804 Timete
762 3751 1038 3827 Dominum
1070 3772 1243 3811 omnes
1272 3762 1439 3813 sancti
1465 3762 1597 3829 ejus,
1627 3765 1750 3833 quia

191 3838 322 3891 nihil
350 3838 489 3894 deest
517 3840 812 3895 timentibus
839 3836 953 3895 eum
1002 3842 1172 3915 (Psal.
1209 3861 1400 3912 χχχιιι,
1426 3848 1533 3919 10).
1569 3850 1752 3906 Timor

191 3924 403 3981 Domini
450 3942 675 3995 peccare
704 3938 870 3996 vetat,
909 3931 1033 3986 dum
1080 3935 1239 3990 homo
1274 3937 1469 4007 ubique
1508 3940 1600 3995 Dei
1648 3943 1749 3998 sibi

189 4015 526 4085 praesentiam
547 4018 790 4086 agnoscit
805 4028 858 4073 et
888 4021 1061 4085 timet,
1092 4026 1217 4092 quia
1243 4028 1333 4094 qui
1351 4030 1626 4086 conscium
1656 4032 1750 4087 ha-

190 4107 281 4160 bet
328 4105 731 4177 cogitationum,
762 4113 1066 4179 verborum,
1112 4115 1195 4170 vel
1238 4134 1459 4187 operum
1507 4138 1745 4189 suorum,

188 4196 335 4251 hunc
364 4196 639 4252 habiturus
664 4207 825 4254 estet
862 4200 1125 4270 iudicem;
1165 4219 1265 4261 nec
1300 4223 1420 4262 eum
1460 4212 1748 4282 quidquam

189 4283 377 4355 edugit
424 4288 612 4351 nostri,
660 4302 761 4343 nec
809 4290 1008 4359 aliquid
1055 4293 1401 4365 injudicatum
1454 4300 1746 4369 dimiserit,

191 4377 337 4445 quia,
374 4376 510 4431 sicut
534 4376 734 4433 dictum
764 4390 864 4447 est,
911 4385 1197 4457 unicuique
1228 4388 1411 4445 reddet
1455 4396 1747 4450 secundum

188 4477 353 4533 opera
380 4478 496 4518 sua.

191 4755 495 4808 mercedem
529 4757 835 4826 recipiendi.
866 4758 989 4815 llaec
1016 4766 1272 4833 cogitans,
1303 4768 1613 4826 charissime
1651 4774 1744 4839 liii,

193 4844 268 4897 tui
300 4842 466 4911 ipsius
485 4859 668 4900 curam
712 4849 924 4915 habeto,
956 4867 1160 4908 memor
1188 4857 1252 4910 de
1294 4860 1509 4927 quantis
1535 4870 1583 4914 te
1620 4861 1751 4917 libe-

216 5000 221 5007 .
262 4965 289 4993 ι
316 4952 543 5006 Froben.
572 4952 727 5022 epist.
751 4952 874 5008 2H.

263 5022 292 5061 δ
318 5022 457 5094 ﬁdit.
486 5022 729 5094 Quercet.
764 5024 855 5087 45,
880 5022 1057 5079 Canis.
1099 5026 1199 5094 67;
1229 5031 1417 5085 collata
1443 5050 1560 5089 cum
1592 5038 1743 5093 codd.

194 5107 267 5145 tn;
292 5091 411 5166 ;.__(A
426 5094 525 5158 pud
550 5092 776 5166 Froben.
802 5094 957 5161 epist.“
992 5094 1133 5166 i670.)

266 5170 289 5197 ι
311 5157 406 5241 r.
435 5170 586 5241 terrete
604 5157 889 5241 dilectionis
916 5157 1127 5241 aruit-is,
1148 5175 1250 5220 etc.
1299 5168 1421 5241 llrec
1448 5181 1500 5224 et
1528 5190 1750 5241 sequen-

107 5238 111 5241 ·
194 5237 279 5308 tes
296 5225 434 5312 dua};
466 5228 669 5312 pistolze
691 5225 1130 5312 commendatitiaz
1154 5246 1271 5312 sunt
1296 5225 1585 5312 amicorum
1606 5225 1751 5312 pcre-

192 5294 541 5367 grinantium,
569 5305 623 5351 et
649 5300 715 5354 ad
742 5300 854 5354 loca
878 5311 1057 5356 sancta
1087 5306 1433 5362 tendentium.
1504 5294 1511 5295 ί
1606 5294 1620 5312 ’
1648 5294 1683 5297 vv
1707 5294 1724 5297 “

262 5364 288 5404 ιι
319 5362 677 5435 Fovit-uadum.
709 5367 822 5435 iioc
850 5386 1040 5426 nomen
1068 5374 1331 5428 omittitur
1374 5378 1425 5433 in
1449 5380 1567 5434 aliis
1594 5381 1724 5435 codd

473 5392 677 5435 anxium.
709 5392 822 5435 ,noc
850 5392 1040 5426 nomen
1068 5392 1331 5428 omittitur
1374 5394 1425 5433 tn
1449 5392 1567 5434 aliis
1594 5392 1745 5435 codd.

193 5448 373 5520 nisa:
419 5430 678 5520 fordredi
709 5426 943 5520 abbatis,
974 5443 1061 5510 qui
1093 5442 1157 5496 ad
1198 5426 1750 5520 liminawlil‘)‘:

192 5503 365 5582 lorum
409 5502 563 5582 etnob
608 5517 823 5582 causam
852 5511 935 5582 sui
974 5502 1282 5582 monasterii
1324 5502 1748 5582 Romamﬂieiiit.

196 5574 391 5651 mentio
440 5572 603 5651 ιιι-λη
646 5572 836 5630 litteris
861 5574 1009 5635 Pauli
1033 5578 1158 5651 [ad
1202 5582 1520 5651 Ecgbcrtum
1546 5572 1751 5647 arebie:

193 5642 467 5713 piscopttt'n
510 5639 919 5713 Eboracensem,
960 5658 1015 5710 et
1050 5639 1370 5707 Eadberth
1416 5639 1592 5713 regem
1614 5639 1749 5713 ivi}-

194 5712 477 5782 thumbrke
515 5726 655 5782 anno
684 5711 805 5776 757,
833 5722 891 5767 nt
918 5716 1143 5781 videtur,
1188 5722 1342 5776 datis.
1390 5711 1502 5776 Sed
1517 5739 1582 5777 eo
1609 5711 1748 5782 anno

195 5781 447 5836 Aleuinus
488 5778 602 5850 eius
634 5783 805 5838 aetatis
834 5782 916 5838 vel
947 5778 1276 5845 auctoritatis
1307 5792 1442 5846 haud
1486 5778 1747 5860 fueritfut

1781 3201 1829 3263 ϐ

1870 640 2105 692 cordiam
2135 650 2473 704 convertere,
2505 650 2561 694 ut
2591 643 2867 697 deleantur
2890 642 3081 697 delicta
3112 654 3225 707 tua,
3251 652 3303 698 et
3326 659 3433 698 me-

1869 726 2039 779 rearis
2066 726 2240 779 locum
2270 726 2564 797 refrigerii,
2606 730 2740 783 lucis
2776 738 2829 783 et
2861 732 3009 798 pacis
3034 732 3272 800 recipere
3306 746 3427 786 cum

1869 815 2068 867 sanctis
2117 816 2228 868 Dei.
2278 816 2485 884 Meique
2531 831 2736 871 memor
2765 835 2886 873 cnm
2918 821 3026 874 Deo
3054 823 3426 883 servientibus,

1866 915 1964 969 pro
1989 912 2144 971 teque
2174 904 2641 971 intercedentibus,
2680 910 2860 964 valeas
2882 920 3133 980 perpetua
3155 914 3427 984 prosperi-

1870 996 2000 1053 tate,
2032 990 2339 1051 dulcissime
2365 995 2558 1049 amice.

2361 1081 2388 1120 δ
2416 1082 2745 1139 EPISTOLA
2774 1086 2926 1141 CCX.

2255 1164 2691 1208 COIIENDATITIA
2729 1172 2794 1209 AD
2833 1172 3039 1211 Λιιιεοε.

1868 1232 2300 1291 Commendatitia
2364 1242 2650 1323 cujusdam.
2697 1246 2976 1315 presbyteri
3040 1245 3305 1301 Fordradi
3355 1251 3424 1302 ad

2545 1328 2757 1365 αηιιεοε.

1937 1393 2206 1449 Fraternas
2241 1396 2539 1453 dilectionis
2567 1398 2585 1437 ί
2605 1402 2792 1455 amicis
2815 1417 2911 1472 per
2954 1403 3195 1459 diversas
3248 1406 3422 1458 nomi-

1867 1500 1991 1537 num
2041 1485 2343 1555 dignitates,
2377 1486 2601 1543 Albinus
2619 1505 2909 1545 conservus
2936 1492 2988 1545 in
3011 1493 3223 1548 Christo
3252 1502 3428 1549 vester

1866 1573 2113 1641 salutem.

1934 1656 2082 1715 Licet
2121 1673 2384 1720 terrarum
2432 1666 2791 1738 longinquitas
2832 1669 3071 1725 diversas
3098 1669 3429 1727 Christiano-

1866 1742 1987 1805 rum
2030 1751 2192 1808 faciat
2246 1757 2617 1821 habitationes,
2678 1767 2852 1813 tamen
2908 1770 3106 1815 sanctae
3149 1764 3426 1817 charitatis

1866 1845 2111 1904 societas,
2166 1847 2265 1899 sub
2314 1863 2419 1901 uno
2462 1858 2674 1916 pastore
2696 1847 2930 1915 Christo,
2982 1866 3145 1904 unum
3189 1867 3282 1906 eos
3301 1852 3426 1907 facit

1862 1947 1977 1986 esse
2001 1948 2231 2002 gregem.
2253 1935 2307 1989 ln
2337 1936 2491 2003 cujus
2517 1937 2705 1991 fiducia
2739 1948 2926 1995 vestra:
2973 1941 3153 2009 pietati
3184 1957 3279 2009 per
3302 1957 3421 2012 pre-

1862 2020 2089 2072 catorias
2138 2030 2333 2076 nostra:
2381 2025 2661 2092 parvitatis
2703 2024 2913 2080 litteras
2964 2028 3108 2081 hunc.
3157 2029 3427 2100 presbyte-

1862 2122 2001 2170 rum,
2052 2106 2078 2145 ἀ
2140 2108 2470 2165 Fordradum
2502 2113 2735 2174 nomine,
2805 2116 3211 2185 diligentissime
3283 2133 3427 2172 com-

1860 2196 2072 2259 mendo,
2103 2206 2162 2249 ut
2186 2199 2489 2255 dilectionis
2537 2212 2730 2257 vestra:
2769 2202 3045 2271 juvamine
3088 2204 3333 2261 suffultus
3350 2207 3429 2260 fa-

1860 2284 2015 2338 cilius
2041 2296 2238 2341 sanctze
2257 2280 2705 2357 peregrinationis
2734 2291 2873 2345 viam
2892 2302 3127 2362 peragat,
3158 2304 3211 2347 et
3237 2304 3426 2349 vestrm
3486 2359 3491 2362 _

1858 2374 2115 2431 bonitatis
2144 2392 2349 2432 merces
2375 2388 2498 2432 ante
2515 2380 2695 2434 oculos
2716 2382 3097 2449 omnipotentis
3112 2383 3202 2435 Dei
3232 2384 3420 2453 221-

1859 2465 2079 2535 267ἀά
2097 2475 2373 2536 augeatur.
2390 2468 2489 2534 Qui
2514 2478 2595 2523 est
2614 2471 2713 2534 via,
2732 2472 2832 2523 vita
2847 2481 2893 2522 et
2910 2466 3095 2525 veritas
3115 2470 3293 2538 (Joan.
3313 2488 3421 2535 xnv,

1859 2554 1936 2626 6),
1958 2558 2110 2611 vobis
2131 2558 2273 2612 viam
2306 2569 2498 2614 vestra:
2533 2560 2720 2615 salutis
2745 2561 3048 2626 ostendere,
3072 2570 3126 2617 et
3145 2564 3424 2618 veritatem

1859 2642 2050 2715 [Edit.,
2076 2647 2336 2719 requiem]
2365 2657 2578 2703 aeterna:
2614 2651 2795 2719 gloriae
2822 2653 3075 2715 tribuere,
3102 2662 3157 2706 et
3178 2653 3425 2708 beatissi-

1857 2748 1997 2787 mam
2017 2735 2180 2789 vitam
2202 2738 2493 2793 concedere
2508 2740 2769 2808 dignetur.
2789 2739 3181 2811 [Proficientem
3205 2752 3275 2807 te,
3298 2744 3422 2798 eba-

1858 2822 2069 2878 rissime
2089 2824 2276 2891 frater,
2310 2828 2487 2882 divina
2533 2830 2821 2885 auxilietur
2842 2833 3010 2900 gratia
3037 2833 3089 2886 in
3116 2834 3421 2905 eternumj

2356 2948 2379 2975 ε
2412 2937 2741 2993 EPISTOLA
2768 2938 2943 2994 CCXI.

2377 3024 2445 3061 AD
2487 3023 2658 3063 OINES
2693 3025 2899 3064 AIICOS.

1855 3090 2287 3148 Commendatitis
2334 3095 2927 3177 Noraberetpresbyter.’
2952 3102 3327 3169 peregrinantis
3354 3103 3421 3156 ad

2537 3182 2750 3219 αηυεοε.

1925 3248 2185 3307 Omnibus
2213 3254 2267 3307 in
2291 3253 2491 3309 Christi
2511 3256 2773 3311 charitatc
2794 3257 3002 3323 amicis,
3026 3259 3241 3315 humilis
3268 3260 3423 3317 levita

1853 3336 2108 3393 Alcuinus
2134 3340 2378 3395 salutem.

1926 3429 2235 3499 Ubicunque
2262 3431 2361 3485 iste
2388 3434 2684 3502 presbyter,
2725 3434 3017 3513 Noroberet
3042 3435 3174 3510 [Al.,
3200 3440 3418 3514 Norbet]

1853 3519 2089 3582 nomine,
2124 3520 2176 3574 in
2208 3530 2436 3575 vestram
2466 3526 2767 3591 pervenerit
2804 3529 3165 3594 prmsentiam,
3200 3533 3422 3601 obsecro

1852 3616 1910 3661 ut
1939 3608 2170 3677 benigne
2211 3625 2333 3664 eum
2363 3612 2631 3681 suscipere
2678 3615 2992 3682 dignemini,
3024 3617 3076 3671 in
3108 3610 3421 3690 quocunque

1851 3696 2063 3764 negotio
2083 3695 2166 3749 vel
2187 3699 2506 3753 necessitate
2532 3715 2665 3767 opus
2689 3701 2900 3756 habeat.
2927 3704 3235 3760 Certissime
3255 3709 3418 3765 Deum

1850 3784 2116 3839 habebitis
2156 3786 2407 3841 bonitatis
2456 3796 2645 3843 vestrae
2689 3802 3164 3861 remuneratorcm,
3208 3800 3295 3867 qui
3340 3800 3420 3853 di-

1848 3878 2031 3924 cturus
2056 3867 2157 3925 erit
2186 3872 2239 3926 in
2266 3874 2349 3927 die
2369 3873 2555 3943 iudicii
2584 3893 2595 3927 :
2636 3874 2835 3947 Hospes
2863 3896 3028 3945 eram,
3053 3893 3111 3957 et
3141 3884 3417 3955 collegistis

1849 3977 1928 4014 me
1952 3960 2161 4027 (Matth.
2190 3977 2313 4027 xxv,
2338 3963 2449 4031 35).
2479 3964 2545 4018 Et
2567 3966 2610 4018 si
2636 3981 2751 4020 mea
2776 3967 2902 4035 quid
2924 3973 3162 4039 parvitas
3188 3976 3408 4042 poterit,

1850 4051 2001 4105 vobis
2028 4052 2319 4123 gratiarum
2342 4053 2580 4109 actiones
2608 4056 2659 4109 in
2682 4058 3011 4124 quantalibet
3039 4077 3199 4116 causa
3229 4078 3415 4136 repen~

1848 4140 1992 4202 dere,
2020 4141 2254 4196 studiose
2286 4152 2340 4195 et
2370 4143 2596 4199 fideliter
2621 4144 2797 4201 facere
2833 4150 3051 4205 curabo.
3088 4151 3238 4207 Hunc
3268 4168 3413 4217 vero,

1846 4227 1928 4281 vel
1955 4227 2087 4280 alios
2134 4242 2231 4296 pro
2276 4228 2474 4283 Christi
2522 4233 2731 4287 nomine
2775 4237 3194 4304 peregrinantes,
3228 4240 3278 4292 in
3320 4257 3414 4299 sua

1848 4316 2125 4371 mansione
2148 4318 2543 4387 suscipientem,
2572 4321 2715 4375 illum
2743 4323 2920 4377 divina
2948 4325 2998 4378 in
3032 4327 3233 4381 caelesti
3261 4329 3413 4383 babio

1848 4411 2049 4463 tatione
2092 4410 2347 4479 suscipiat
2394 4411 2693 4467 clementia.
2744 4416 2949 4481 Valete,
2996 4419 3094 4507 viri
3140 4418 3334 4477 fratres
3362 4423 3416 4479 in

1847 4499 2080 4553 Christo.

2324 4569 2343 4607 τ
2382 4570 2709 4625 EPlSTOLA
2737 4573 2932 4627 CCXII.

2258 4652 2690 4694 CONIENDATITIA
2719 4659 2785 4694 AD
2814 4659 3018 4699 ANICOS.

1846 4718 2229 4777 Commendatio
2251 4725 2319 4777 ad
2339 4728 2533 4780 anticus
2559 4746 2650 4847 prio
2672 4732 3115 4798 peregrinantibus
3136 4738 3205 4791 ad
3229 4738 3412 4798 limina

2438 4808 2613 4847 (mosto
2638 4816 2803 4847 orum.

2438 4808 2665 4865 apostolo
2674 4816 2803 4850 runt.

1917 4884 2175 4941 Omnibus
2214 4890 2604 4943 venerabilibus
2646 4891 2793 4955 viris,
2824 4902 2875 4946 et
2905 4894 3233 4951 diversarum
3258 4910 3408 4968 pote-

1843 4993 2302 5067 dictaregpotuerit
2328 4996 2626 5063 huiusmodi
2662 4998 2883 5054 litteras.
2910 5022 2927 5053 ι
2961 5002 3186 5067 (Alford,
3216 5009 3404 5064 Annal.

1846 5065 2171 5133 AngIo-Sax.
2221 5067 2286 5118 ad
2331 5082 2449 5119 eum
2497 5083 2714 5128 annum,
2747 5086 2797 5121 η.
2825 5070 2903 5137 2.)
2961 5073 3063 5127 Sed
3105 5065 3181 5128 eat
3219 5078 3409 5131 littera!

1846 5136 2019 5186 Serius
2046 5137 2158 5189 dari
2189 5142 2494 5201 potuerunt,
2522 5146 2612 5188 aut
2640 5136 2939 5194 l-‘ordredus
2963 5144 3063 5194 alia
3092 5146 3250 5196 etiam
3293 5148 3406 5200 vice

1849 5202 2073 5255 Romam
2100 5206 2264 5257 adire.
2298 5205 2412 5257 \‘id.
2450 5207 2610 5259 etiam
2646 5218 2798 5263 notas
2826 5212 2981 5277 epist.
3012 5212 3083 5263 22
3105 5212 3266 5282 (nunc
3292 5214 3405 5285 27.)

1915 5291 1971 5330 δά
1993 5292 2306 5372 .lntermedii
2336 5296 2543 5375 numeri
2570 5297 2886 5375 omittuntur
2905 5308 3123 5370 propter
3150 5304 3404 5375 epistola-

1846 5372 1964 5414 rum
1991 5362 2448 5414 interversioncm.
2485 5364 2636 5418 Enn.
2671 5365 2834 5419 Pun.

1921 5439 1946 5467 ο
1984 5428 2121 5482 Edit.
2146 5428 2391 5494 Quercet.
2428 5431 2515 5496 5i,
2551 5433 2726 5487 Canis.
2762 5434 2830 5486 52
2851 5435 3101 5506 (Froben.
3133 5439 3273 5515 16!).

1924 5520 1943 5558 τ
1957 5520 2221 5600 _(Froben.
2247 5523 2409 5600 epist.
2441 5523 2583 5600 lG‘g.)
2618 5520 2738 5582 [hcc
2763 5528 2917 5600 epist.
2949 5530 3402 5600 commendatitia,

1848 5589 2107 5668 hacmnus
2141 5589 2364 5668 inedita,
2402 5589 2579 5668 prodit
2604 5589 2947 5668 es‘eodlms.
2989 5589 3399 5668 Sglisburgensi:

1830 5658 2035 5738 Exstat
2050 5676 2258 5738 quoque
2278 5663 2331 5715 in
2353 5658 2468 5738 cod.
2497 5678 2600 5738 ms.
2624 5664 3012 5738 bibiirubucg.
3030 5658 3401 5738 Ρατὶεηῖιιωιη

1849 5730 1970 5800 inde
1996 5729 2313 5800 deSeriptam
2340 5731 2405 5783 ad
2429 5746 2510 5784 me
2534 5733 2679 5788 misit
2703 5736 2759 5789 D.
2776 5729 3401 5795 Lieblcbibliothecarius

1850 5797 2378 5863 San-Germa'nu-nsis,
2410 5805 2629 5868 pOsthac
2654 5805 2916 5873 capiesius
2939 5802 3249 5864 laudandus.
