4428 6456
825 476 927 535 ιω

1683 479 1743 532 Β.
1782 478 1842 532 F.
1884 477 2106 532 ALBlSl
2144 475 2275 532 SEU
2315 472 2589 531 ALCUINI
2626 473 2912 531 OPERUM
2951 472 3127 531 PARS
3163 475 3205 531 i.

3950 475 4051 535 ιεε

820 594 1053 650 statibus
1078 594 1395 666 dignitatum
1415 601 1471 649 et
1491 548 1692 648 sanctae
1721 591 2150 647 charitatisfiliis
2179 588 2397 645 humilis
2422 596 2475 654 Α
2498 588 2627 658 quid
2656 589 2883 645 ecclesia
2909 590 3185 660 peccavit?
3227 589 3406 658 Quare
3420 606 3524 646 non
3545 600 3840 648 memorant
3866 592 3943 648 tui
3973 593 4060 664 jn-

823 676 985 738 levita
1007 682 1267 739 Alcuinus
1291 684 1633 751 sempiterna:
1654 681 2003 738 beatitudinis
2025 679 2270 735 salutem.

895 772 1111 828 Scimus
1135 762 1315 843 itaque
1342 780 1538 827 vestra:
1568 770 1822 826 bonitatis
1843 772 2094 841 pietatem
2122 784 2221 839 pro
2248 766 2403 824 Chri—

822 863 893 919 sti
914 878 1100 920 amore
1126 873 1180 919 et
1206 862 1400 918 futurae
1436 862 1617 935 gloriae
1643 862 1994 931 retributione
2018 859 2328 931 peregrinos
2348 864 2403 910 et

822 954 1063 1029 hospites
1087 963 1143 1031 et
1183 955 1415 1008 maxime
1444 968 1538 1008 eos
1566 953 1658 1022 qui
1703 967 1801 1023 pro
1828 950 2191 1006 ecclesiastica
2218 961 2401 1003 neces-

820 1047 981 1102 sitate
1023 1046 1107 1100 vel
1136 1061 1235 1115 pro
1277 1045 1445 1100 salute
1476 1045 1777 1102 animarum
1806 1057 2048 1107 suarum,
2084 1055 2235 1095 sacra
2276 1054 2402 1094 san-

820 1151 1031 1198 ctorum
1059 1140 1424 1210 apostolorum
1470 1140 1655 1194 limina
1683 1140 1914 1213 visitare
1951 1136 2139 1199 solent,
2171 1133 2400 1204 benigne

820 1232 1118 1311 suscipere.
1148 1230 1249 1305 Qui
1288 1231 1389 1285 hos
1417 1231 1684 1301 receperit
1721 1230 1775 1283 in
1801 1230 1962 1283 domo
2000 1242 2121 1291 sua,
2154 1225 2402 1281 Christus

820 1339 945 1380 eum
985 1333 1299 1393 recepturus
1326 1324 1432 1377 erit
1460 1323 1514 1377 in
1546 1323 1714 1395 gloria
1741 1338 1837 1378 sua
1864 1338 1880 1387 ;
1928 1321 2051 1391 quia
2084 1318 2203 1391 [ita]
2240 1318 2296 1373 in
2322 1324 2401 1371 ta-

819 1414 964 1473 libus
1016 1413 1271 1491 Christus
1316 1422 1562 1487 receptus
1609 1413 1752 1478 erit;
1807 1420 1871 1487 ut
1916 1411 2030 1481 ipsa
2083 1410 2295 1465 Veritas
2344 1408 2398 1462 in

818 1505 1109 1575 Evangelio
1152 1504 1260 1557 ait:
1305 1502 1506 1574 Hospes
1532 1500 1611 1573 fui
1654 1513 1702 1557 et
1726 1502 2021 1571 suscepistis
2064 1517 2145 1554 me
2182 1497 2394 1567 (Matth.

818 1610 947 1657 xxv,
979 1593 1091 1665 55).
1120 1580 1322 1649 Tamen
1348 1608 1447 1663 pro
1468 1593 1821 1664 portitoribus
1840 1592 2099 1648 chartula:
2122 1590 2281 1659 hujus
2300 1605 2399 1661 ego

816 1685 1073 1741 Alcuinus
1110 1683 1284 1739 fidelis
1326 1690 1507 1739 vester
1545 1682 1771 1743 amicus,
1809 1698 1844 1737 ο
1889 1682 2077 1737 Patres
2106 1680 2296 1751 optimi
2342 1688 2398 1735 et

818 1772 1015 1828 fratres
1035 1766 1380 1836 sanctissimi,
1404 1780 1460 1827 et
1484 1770 1579 1826 filii
1602 1770 1931 1828 dilectissimi
1957 1772 1970 1824 !
2001 1777 2231 1829 vestram
2253 1784 2399 1824 sum-

818 1879 1042 1933 mopere
1067 1863 1329 1933 deprecor
1354 1862 1693 1929 charitatem,
1723 1870 1784 1916 ut
1825 1862 2055 1932 benigne
2095 1876 2189 1916 eos
2225 1859 2395 1915 susci-

2496 676 2682 737 niOres
2708 696 2869 752 quam
2891 682 3208 738 terribiliter
3228 682 3419 740 beatus
3444 684 3634 740 Petrus
3660 686 3908 757 princeps
3934 701 4058 757 apo-

2500 777 2762 848 stolorum
2783 778 3088 834 venditores
3106 779 3293 849 gratia:
3314 781 3368 834 in
3386 780 3559 851 primo
3577 779 3730 848 hujus
3751 782 4059 838 bzeresisin-

2500 873 2721 921 ventore
2740 866 3002 937 percellit,
3032 868 3247 924 dicens:
3296 867 3529 923 Pecunia
3576 880 3667 923 tua
3718 880 3883 924 tecum
3908 871 3977 925 sit
4005 871 4059 925 in

2497 956 2784 1025 perditione
2822 957 2959 1028 (Act.
2989 974 3109 1024 vm,
3143 956 3257 1031 20).
3323 959 3612 1029 Deprecor,
3656 959 4059 1017 clementissimo

2499 1042 2683 1109 Pater,
2704 1044 2759 1098 in
2796 1059 2860 1100 ea
2885 1045 3150 1101 charitate
3167 1061 3275 1115 qua
3298 1046 3436 1101 Deus
3458 1061 3556 1101 nos
3578 1047 3878 1116 conjunxit;
3927 1049 4058 1104 etin

2499 1146 2563 1185 ea
2587 1130 2691 1188 fide
2718 1148 2824 1203 qua
2852 1134 3209 1201 condiximus,
3236 1151 3303 1191 ne
3323 1136 3452 1206 quid
3478 1137 3599 1190 novi
3612 1138 3798 1192 mittas
3810 1138 3863 1192 in
3892 1137 4062 1194 eccle-

2499 1222 2611 1278 sias
2630 1225 2802 1279 sancti
2823 1224 3036 1281 Martini
3063 1235 3119 1280 et
3140 1226 3194 1281 in
3221 1241 3311 1281 res
3336 1226 3496 1301 illius.
3525 1226 3720 1281 Potens
3747 1235 3831 1281 est
3847 1236 4060 1283 sanctus

2500 1313 2763 1370 Martinus
2783 1316 2925 1385 apud
2950 1312 3125 1371 Deum
3146 1314 3436 1372 defendere
3462 1331 3552 1372 res
3587 1330 3733 1381 suas,
3770 1318 3815 1371 si
3842 1332 4058 1372 necesse

2498 1415 2582 1462 est
2606 1406 2680 1462 illi
2701 1406 2939 1463 clamare
2965 1408 3035 1463 ad
3054 1408 3241 1467 Deum.
3288 1408 3526 1473 Dimitte,
3570 1408 3613 1464 si
3661 1407 3887 1478 placeat,
3933 1415 3992 1465 et
4012 1409 4058 1465 si

2499 1496 2616 1553 ﬁeri
2639 1500 2835 1569 possit,
2890 1498 2971 1554 sic
2995 1513 3115 1555 esse
3159 1498 3401 1554 ecclesiis
3428 1497 3649 1563 Christi,
3699 1512 3819 1567 qua:
3852 1507 3979 1554 sunt
4003 1498 4055 1555 iu

2499 1586 2837 1643 immunitate
2855 1589 3026 1644 sancti
3043 1588 3289 1653 Martini;
3312 1596 3370 1643 et
3390 1574 3447 1642 in
3473 1588 3722 1657 parochia
3739 1595 3937 1653 vestra,
3964 1588 4061 1642 do—

2498 1691 2600 1732 nec
2623 1678 3011 1749 colloquamur.
3067 1676 3335 1749 Quidquid
3376 1678 3518 1733 enim
3562 1676 3765 1746 justum
3805 1684 3888 1732 est
3914 1684 4057 1737 tuam

2497 1768 2741 1837 recipere
2754 1763 2834 1825 ab
2853 1769 2934 1824 eis
2956 1771 3351 1835 auctoritatem,
3372 1785 3478 1825 non
3499 1784 3686 1833 renuo,
3699 1767 3794 1823 sed
3818 1769 4054 1833 omnino,

2498 1856 2545 1911 si
2573 1856 2670 1913 tibi
2697 1858 3008 1915 obedientes
3034 1874 3141 1913 non
3161 1866 3340 1924 erunt,
3392 1874 3492 1929 ego
3536 1868 3709 1915 tecum
3752 1860 4059 1931 constringe

818 1954 998 2023 piatis,
1027 1952 1082 2007 in
1104 1956 1424 2028 quocunque
1451 1951 1665 2021 negotio
1693 1951 1777 2005 vel
1806 1951 2126 2009 necessitate
2159 1950 2235 2005 illi
2261 1961 2397 2019 opus
2424 1934 2469 1993 Β
2495 1961 2617 2013 eos;
2643 1949 2710 2003 ad
2739 1958 2888 2004 tuam
2913 1950 3056 2005 enim
3080 1950 3343 2021 synodum
3369 1951 3552 2005 venire
3576 1950 3787 2015 debent,
3816 1958 3871 2005 et
3895 1936 4059 2006 ratio;

819 2029 1072 2104 habeant.
1102 2042 1325 2107 Habetis
1348 2042 1515 2097 Deum
1540 2050 2014 2115 remuneratorem,
2039 2055 2230 2110 meque
2249 2040 2397 2109 debi-

818 2142 991 2189 torem
1028 2132 1325 2189 ‘secundutn
1370 2125 1828 2201 opportunitatem
1872 2131 2151 2201 temporis,
2204 2138 2266 2185 ut
2308 2146 2396 2186 ve-

817 2210 946 2282 stra:
970 2221 1232 2281 voluntati
1259 2219 1587 2276 satisfaciam
1616 2221 1670 2275 in
1697 2220 1932 2276 Christo.

1272 2346 1299 2375 ⁸
1322 2333 1653 2393 EPISTOLA
1690 2332 1912 2393 CCXIII.

1167 2421 1235 2458 an
1262 2405 1291 2444 δ
1326 2420 1713 2459 ιωλκιιεκτωι
1746 2419 2054 2459 ertscorcu.

1390 2494 1568 2567 (Anno
1580 2494 1829 2565 incerto.)

817 2566 1162 2660 Conqueritur
1201 2587 1267 2640 de
1312 2587 1455 2660 noris
1497 2586 1894 2660 exactionibus,
1938 2566 2393 2660 quibus__ministri

955 2656 1199 2727 iscopales
1241 2654 1494 2727 vexabant
1520 2656 1838 2726 presbyteros
1862 2657 1918 2710 in
1951 2654 2184 2710 ccclesiis
2226 2656 2391 2709 sancti

947 2726 1108 2780 artini
1127 2726 1420 2781 servientes.

885 2813 1112 2870 Domino
1122 2812 1446 2878 venerando,
1466 2813 1727 2882 nob’sque
1750 2812 1949 2868 Christi
1968 2828 2153 2869 amore
2168 2811 2391 2869 colendo

817 2904 1149 2974 Ragerberto
1169 2902 1440 2972 episcopo,
1472 2901 1729 2957 Alcuinus
1754 2901 1912 2956 levita
1937 2901 2185 2956 salutem.
2340 2888 2341 2891 “

890 2996 1096 3051 Memor
1115 2982 1379 3051 condicta:
1406 2993 1657 3048 amicitiae
1684 2993 1825 3048 inter
1851 3008 1950 3049 nos
1972 3000 2230 3062 quantam
2257 2991 2390 3047 mihi

818 3087 1069 3143 ﬁduciam
1095 3093 1317 3155 praestat
1347 3083 1548 3152 aliquid
1580 3082 1847 3138 scribendi
1868 3082 1935 3136 ad
1978 3097 2091 3145 vos,
2139 3081 2281 3150 quod
2300 3096 2395 3137 no-

816 3176 901 3231 bis
922 3191 991 3229 ex
1027 3183 1260 3244 utrque
1312 3182 1464 3244 parte
1492 3173 1854 3228 necessarium
1883 3173 2114 3228 videtur.
2178 3172 2390 3234 Dictum

816 3274 901 3321 est
947 3266 1097 3334 mihi,
1135 3265 1279 3333 quod
1302 3264 1466 3335 vestri
1513 3262 1757 3332 juniores
1785 3262 2016 3333 aliquam
2047 3276 2239 3317 novam
2261 3276 2391 3316 con-
2417 3265 2465 3327 ο

816 3346 1155 3411 suetudinem
1181 3356 1454 3409 misissent
1480 3367 1641 3423 super
1670 3353 1927 3408 eulesias
1969 3361 2024 3407 et
2052 3354 2392 3423 presbyteros

816 3445 989 3502 sancti
1021 3444 1265 3499 Martini:
1320 3443 1434 3498 lmo
1459 3452 1513 3499 et
1558 3444 1625 3498 tle
1660 3443 2057 3518 vobismetipsis
2107 3443 2388 3522 dixerunt;

818 3545 1000 3599 tamen
1029 3535 1096 3590 de
1116 3542 1298 3589 vestra
1322 3532 1607 3589 sanctitate
1636 3532 1742 3589 hoc
1768 3548 1873 3587 non
1894 3520 2202 3595 credebam,
2244 3520 2395 3585 "resti-

817 3637 977 3679 mana
1000 3638 1098 3678 vos
1125 3620 1362 3677 canones
1379 3614 1581 3692 optime
1600 3618 1838 3687 servare,
1861 3632 1917 3676 et
1934 3621 2166 3675 maxime
2182 3619 2394 3675 Domini

817 3712 989 3769 nostri
1012 3708 1137 3767 Iesu
1162 3708 1363 3765 Christi
1391 3710 1751 3789 evangelicum
1774 3711 2115 3774 sententiam,
2157 3709 2248 3764 ubi
2278 3709 2391 3763 ait:

820 3798 998 3856 Gratis
1020 3799 1305 3870 accepistis,
1352 3798 1516 3870 gratis
1558 3799 1678 3855 dats
1719 3798 1934 3871 (Matth.
1966 3811 2021 3865 ι,
2053 3799 2130 3869 8).
2200 3798 2395 3854 Dicunt

818 3891 997 3946 enim:
1029 3889 1194 3961 vestri
1228 3890 1380 3947 missi
1408 3889 1754 3951 mandassent
1792 3888 2136 3961 presbyteros
2180 3900 2395 3946 nostros

818 3980 887 4035 de
921 3994 1058 4051 pane
1078 3954 1258 4035 modio
1292 3986 1349 4034 et
1377 3978 1627 4039 dimidio:
1689 3980 1755 4036 de
1781 3954 1906 4037 vino
1928 3954 2145 4047 modio;
2200 3981 2269 4037 de
2290 3984 2396 4037 an-

818 4084 963 4127 nona
990 4071 1059 4126 ad
1080 4064 1315 4125 caballos
1338 4070 1519 4126 modia
1554 4081 1803 4141 quatuor,
1854 4072 2034 4128 casios
2058 4073 2111 4137 6,
2139 4087 2239 4127 ova
2270 4072 2391 4139 {00,

825 4159 1004 4231 pisces
1024 4166 1078 4214 et
1098 4165 1217 4213 orto
1241 4166 1296 4213 et
1333 4159 1579 4231 legumen
1598 4159 1997 4216 adsuﬂicienter
2034 4162 2102 4215 ab
2153 4178 2395 4232 unoquo—

823 4263 929 4320 que
957 4248 1303 4320 presbytero;
1355 4255 1409 4303 et
1430 4247 1474 4303 si
1513 4248 1616 4304 hoc
1642 4265 1748 4304 non
1777 4248 2147 4315 reddidissent,
2197 4266 2265 4307 ex
2304 4267 2396 4307 ve-

820 4348 933 4395 stra
979 4340 1303 4399 auctoritate
1338 4339 1678 4399 interdictum
1720 4340 2004 4408 haberent,
2058 4344 2251 4401 missas
2286 4350 2392 4400 non

820 4433 1039 4483 cantare
1062 4428 1118 4482 in
1138 4428 1380 4484 ecclesiis
1420 4430 1648 4495 nostris;
1688 4446 1789 4486 nec
1813 4432 1975 4491 etiam
2001 4430 2136 4487 alios
2164 4435 2394 4504 presby—

822 4506 969 4572 téros
1001 4516 1055 4571 in
1082 4516 1324 4573 ccclesiis
1366 4518 1538 4572 sancti
1576 4517 1791 4572 Martini
1820 4527 2039 4574 cantare
2064 4519 2267 4575 licitum
2297 4521 2395 4575 ha-

820 4609 969 4664 bere.

892 4698 1084 4753 Mirum
1096 4698 1228 4754 mihi
1246 4699 1476 4762 videtur,
1494 4712 1599 4768 qua
1614 4702 1904 4755 autoritate
1918 4700 2175 4756 ecclesias
2186 4700 2387 4757 Christi

823 4790 1293 4865 excommunicare
1309 4788 1555 4855 voluisti;
1614 4790 1659 4843 si
1689 4791 1985 4861 presbyteri
2011 4801 2385 4861 peccaverunt,

894 4948 921 5018 ξ
958 4936 1170 5018 Froben
1197 4937 1355 5018 epist.

892 5007 923 5048 ι’
987 5005 1376 5092 Conqueritur!
1404 5006 1660 5092 Alcui‘nus
1724 5007 1777 5062 in
1843 5009 1947 5063 hac
1991 5010 2266 5092 cpistola.
2324 5012 2389 5068 de

822 5091 961 5163 nova
988 5075 1388 5163 atque‘insolita
1416 5078 1695 5163 exactione
1740 5093 1903 5163 quam
1934 5075 2162 5161 ministri
2184 5081 2389 5163 episco-

822 5144 1337 5217 palesintentabant
1361 5148 1686 5217 presbyteris
1711 5144 1774 5203 et
1792 5148 2035 5204 ecclesiis
2055 5144 2231 5205 sancti
2250 5151 2388 5206 Mar-

824 5213 940 5289 tini.
980 5213 1293 5289 Huiusmodi
1320 5213 1645 5289 exactiones,
1674 5234 1793 5289 qua:
1820 5220 2034 5273 nomine
2054 5224 2388 5289 procuratio-

827 5287 953 5337 num
982 5292 1074 5338 aut
1096 5284 1401 5355 synodatici
1440 5284 1708 5355 veniuntf
1734 5288 1863 5341 olim
1918 5284 2160 5355 minime,
2202 5292 2305 5347 nisi
2330 5294 2385 5347 in

826 5352 1335 5423 casunecessitatis,
1377 5352 1492 5407 fieri
1535 5357 1913 5423 permittebant
1957 5352 2193 5413 canenos
2217 5370 2273 5413 et
2295 5362 2387 5415 de-

828 5429 975 5496 creta
1016 5420 1382 5496 conciliorum,
1428 5420 1585 5496 prout
1626 5424 1807 5496 videre
1843 5435 1926 5481 est
1953 5428 2092 5496 apud
2129 5426 2387 5483 Thomasr

826 5491 1003 5567 sinum
1030 5490 1147 5549 Yet.
1189 5490 1401 5567 et‘Nov.
1430 5490 1747 5567 Disciplina:
1775 5494 1927 5567 ‘Part.
1959 5490 2042 5561 ιῐι,
2066 5498 2157 5551 lib.
2182 5514 2245 5562 ll,
2266 5514 2382 5567 cap.

826 5559 897 5638 βε
916 5569 976 5638 εξ.
993 5575 1109 5629 seq.
1139 5589 1211 5602 --
1237 5558 1396 5638 Cujus
1418 5558 1956 5638 sedisRaganbertus
1976 5558 2068 5621 seu
2094 5558 2389 5638 Bagerber-

828 5626 1255 5753 tusﬂjhtrumque
1309 5626 1449 5684 enim
1492 5631 1655 5714 habet
1672 5626 1824 5715 'ms.)
1872 5636 2154 5706 episeupus
2174 5626 2383 5700 “fuerit,

828 5710 882 5769 tn
904 5762 919 5769 _
985 5699 1370 5769 incompertum
1395 5708 1515 5764 est;
1547 5704 1658 5758 sedi
1690 5716 1830 5759 enim
1862 5700 2155 5761 Turonensi
2185 5705 2385 5761 nullum

828 5741 2384 5850 Kﬁsfmw'fﬁi'ciiﬁi':e'Big'Fingiéé'éféBis‘ét‘iﬁﬂ

828 5834 1074 5909 reperto;
1116 5834 1360 5895 υἱιιίωο
1388 5853 1516 5893 vero
1538 5834 1874 5913 presbyteros
1896 5841 2011 5898 illos
2037 5834 2201 5897 fuisse
2228 5834 2384 5918 paro-

2494 2056 2618 2097 nem
2639 2042 2866 2098 reddere
2893 2041 3167 2099 deoiliciis
3193 2042 3541 2117 spiritalibus,
3563 2052 3618 2098 et
3644 2052 3697 2097 tu
3722 2045 3890 2115 gratis
3924 2044 4057 2099 dare

2492 2132 2597 2189 illis
2620 2148 2742 2203 qua:
2767 2132 2861 2188 Dei
2897 2141 3044 2198 sunt,
3074 2122 3213 2188 sicut
3235 2141 3360 2187 ante
3386 2132 3629 2209 praedixi.
3681 2132 3901 2190 Domino
3926 2131 4053 2187 Jesu

2493 2224 2849 2281 demandante
2875 2231 2935 2279 ut
2954 2223 3119 2295 gratis
3157 2222 3419 2294 spiritalia
3466 2224 3605 2281 dona
3633 2223 3824 2287 dentur
3848 2222 3919 2277 ah
3939 2238 4056 2277 om-

2492 2313 2680 2367 nibus:
2735 2320 2794 2369 et
2817 2311 3075 2382 majorem
3102 2312 3196 2371 tibi
3221 2311 3630 2382 prosperitatem
3658 2319 3873 2381 praestat
3891 2312 4058 2366 inter-

2491 2405 2668 2460 cessio
2690 2406 2861 2461 sancti
2890 2403 3103 2458 Martini
3143 2414 3201 2461 et
3225 2404 3397 2461 sancti
3421 2403 3601 2458 Aredii
3619 2444 3633 2468 ,
3663 2417 3821 2473 quam
3844 2404 4055 2459 illorum

2491 2496 2772 2551 concilium
2798 2482 2890 2567 qui
2915 2495 3057 2551 hanc
3082 2496 3368 2551 hortantur
3400 2496 3733 2553 exactionem
3774 2504 3829 2551 et
3858 2498 4054 2553 tributa

2490 2584 2731 2641 solvere:
2758 2594 2815 2641 et
2838 2585 2882 2640 si
2908 2585 3028 2640 aliis
3055 2584 3232 2641 facere
3249 2585 3529 2651 voluisses,
3582 2601 3850 2655 nunquam
3876 2595 4054 2642 tamen

2491 2676 2692 2731 nostris
2714 2675 2856 2731 hanc
2874 2675 3248 2730 necessitatem
3290 2676 3561 2744 imponere
3590 2684 3641 2728 te
3670 2673 3805 2729 velle
3849 2676 4052 2745 putavi,

2490 2771 2709 2835 propter
2734 2754 3024 2818 amicitiam
3044 2764 3185 2819 inter
3202 2778 3301 2818 nos
3326 2763 3741 2828 condictam,vel
3766 2764 3937 2834 magis
3961 2766 4057 2819 ho-

2492 2867 2681 2909 norem
2714 2854 2886 2910 sancti
2918 2853 3154 2919 Martini,
3184 2868 3343 2923 quem
3391 2853 3532 2908 Deus
3583 2860 3729 2908 tanta
3774 2853 4057 2909 honoravit

2492 2943 2830 3011 auctoritate,
2860 2951 2921 2998 ut
2936 2942 3186 2998 omnibus
3211 2941 3467 2999 auxilium
3511 2941 3712 2997 sanctis
3736 2941 3850 2996 suis
3890 2941 4053 2996 inter-

2491 3033 2821 3088 cessionibus
2848 3040 3111 3103 praestare
3145 3031 3361 3102 poterit.
3406 3031 3730 3089 [iculumem
3752 3040 3809 3087 et
3847 3031 4050 3089 felicem

2490 3122 2878 3178 licatitudinem
2930 3130 3100 3188 tuam,
3153 3129 3406 3191 recteque
3457 3122 3831 3193 praedicantem
3874 3121 4049 3183 divina

2492 3210 2779 3267 clementia
2804 3219 3088 3282 protegere
3133 3218 3191 3268 et
3242 3211 3484 3267 exaltare
3533 3211 3800 3283 dignetur,
3840 3213 4051 3271 domins

2494 3300 2847 3359 sanctissime.

2945 3443 2973 3473 ι
3004 3432 3336 3491 EPISTOLA
3375 3434 3596 3493 CCXIV.

2911 3558 2979 3598 AD
3016 3561 3158 3601 NIPRI
3166 3562 3293 3601 DiUI
3330 3560 3631 3607 ειηδεονωιρ

3054 3658 3230 3728 (Anno
3244 3658 3493 3731 incerto.)

2495 3762 2803 3819 Memoriam
2818 3767 2901 3821 sui
2923 3768 2976 3820 in
2999 3768 3316 3823 orationibus
3334 3779 3545 3832 exorat;
3595 3770 3925 3828 Benedictus
3943 3790 3976 3828 a
3997 3791 4052 3830 se

2906 3836 3278 3907 digredientem
3300 3840 3645 3901 commendat.
3732 3874 3735 3877 ι

2564 3964 2769 4020 Dilecto
2802 3966 2950 4021 Patri
2979 3965 3007 4005 ἀ
3042 3966 3269 4024 Nifridio
3326 3966 3576 4042 episcopo
3613 3971 3864 4029 Alcuinus
3911 3974 4054 4030 salu-

2494 4063 2624 4110 tem.

2564 4166 2649 4222 Sit
2691 4184 2899 4227 memor
2925 4170 3053 4237 mei,
3103 4171 3349 4239 obsecro,
3394 4176 3629 4232 charitas
3656 4185 3746 4232 tua
3778 4179 3831 4234 in
3870 4195 4050 4243 sacro-

2491 4262 2694 4318 sanctis
2714 4255 3050 4335 orationibus
3086 4265 3191 4320 tuis
3214 4279 3337 4321 cum
3362 4265 3631 4323 fratribus:
3648 4271 3862 4333 nostris.
3894 4271 4051 4329 Tem-

2488 4367 2621 4422 pora
2649 4352 2794 4406 enim
2810 4360 2942 4409 sunt
2961 4352 3283 4422 periculosa,
3307 4364 3365 4411 et
3384 4356 3528 4417 solus
3549 4357 3637 4413 ille
3658 4357 3879 4421 feliciter
3901 4342 4047 4423 vivit,

2490 4440 2581 4510 qui
2598 4440 2708 4493 Deo
2741 4438 2943 4495 serviet
2965 4440 3021 4494 in
3045 4441 3309 4496 charitate
3332 4438 3589 4512 perfecta,
3608 4452 3665 4500 et
3687 4443 3789 4501 lide
3808 4456 3974 4515 recta,
3996 4458 4051 4501 et

2491 4543 2585 4598 spe
2603 4527 2764 4593 bona,
2780 4543 2899 4598 qua:
2918 4516 3552 4589 suntsummaa‘veritates
3569 4534 3905 4595 servientium
3920 4537 4045 4592 Deo.

2417 4595 2470 4656 Ῐ)
2490 4595 2547 4673 In
2570 4618 2656 4672 his
2671 4626 2761 4672 tua
2790 4595 2849 4673 se
2872 4628 3123 4678 exerceat
3147 4622 3422 4686 sanctitas,
3446 4629 3507 4679 ut
3532 4622 3641 4678 Deo
3668 4624 3957 4681 auxiliante
3982 4627 4048 4681 de

2489 4707 2649 4777 hujus
2690 4708 2815 4764 vitae
2841 4708 3024 4766 labore
3049 4711 3117 4767 ad
3141 4721 3411 4783 perpetua:
3438 4715 3633 4785 quietis
3668 4715 4046 4772 beatitudinem

2486 4800 2766 4870 pervenire
2778 4802 3061 4856 merearis.

2488 4954 2619 5009 chos
2641 4952 2697 5008 in
2719 4954 2964 5009 ecclesiis
2986 4963 3140 5009 extra
3166 4954 3424 5011 ditccesin
3449 4958 3810 5023 Turonensem
3838 4960 3975 5024 sitis,
3991 4969 4045 5015 et

2489 5026 2557 5077 ad
2584 5024 2980 5099 monasterium
3024 5024 3196 5099 sancti
3226 5024 3437 5099 Martini
3490 5029 3914 5099 pertinentibus;
3954 5030 4043 5099 qui

2488 5100 2667 5146 tamen
2691 5093 2982 5155 visitationi
3009 5094 3242 5164 episcopi
3279 5093 3511 5165 subjecti
3549 5098 3779 5163 fuerant,
3802 5106 3858 5163 et
3881 5098 3937 5152 in
3959 5093 4046 5170 ἐν.

2487 5160 2661 5233 nodis
2665 5177 2979 5233 comparere
3001 5163 3287 5233 debebant.

2560 5242 2582 5303 ξ
2623 5231 2854 5303 Froben.
2885 5234 3043 5303 epist.
3068 5231 3193 5286 202.

2556 5300 2861 5382 d-Nt'ft‘idt'o
2918 5300 3173 5382 Episcopo.
3238 5300 3335 5358 Est
3379 5302 3723 5382 is‘lfeftjdius
3767 5307 4042 5382 episcopus

2556 5324 2582 5339 υ
2628 5324 2861 5383 λτιιηαξο
2919 5324 3173 5384 εριξσορσ.
3239 5324 3335 5358 ι’δδι
3379 5324 3427 5361 IS
3460 5324 3723 5387 ιξειηᾳιμε
3767 5324 3849 5377 ept
4017 5325 4042 5365 8

2486 5369 2894 5451 ῌξιζὶροηεηειε..
2917 5384 3009 5451 qut
3038 5364 3406 5451 alibiququ
3432 5324 4042 5451 Ntmlndtus_e_t_mo

2486 5438 3067 5509 hridiusappellatur,_
3092 5440 3182 5509 qui
3207 5438 3259 5509 in
3288 5438 3451 5499 causa
3497 5444 3713 5505 hzeresis
3743 5446 3934 5507 Felicis
3988 5455 4041 5498 et

2488 5504 2775 5629 EliBani.'
2793 5504 2913 5564 cum
2940 5504 3397 5577 sociis'Laidrado
3420 5504 3757 5585 Lugduneusi
3794 5514 4039 5593 episcopo

2488 5585 2541 5629 et
2641 5576 2850 5629 nedicto
2877 5578 3072 5629 abbate
3105 5572 3394 5629 Anianensl
3423 5582 3618 5629 missus
3659 5588 3743 5629 αἱ
3772 5581 4033 5629 llr-nelias:

2487 5572 3399 5667 salicesﬁiegabm‘sﬂemt
3423 5572 3633 5667 eiset
3659 5588 3743 5667 et
3772 5572 4034 5667 υέέςιέὑε

2488 5660 2593 5768 igua
2627 5647 2911 5710 occasione
2931 5642 3191 5721 Alcuinus
3208 5642 3411 5773 eisd‘em
3432 5642 3875 5735 umnam;
3896 5647 4037 5713 illam

2508 5714 2712 5798 mest»
2738 5716 2984 5798 θεείεηραρ
3010 5714 3229 5798 ι’ἓτβιε
3251 5728 3317 5798 ἓν
3338 5717 3497 5798 mh-
3543 5721 3828 5797 ἰοεωρειι.
3854 5723 3919 5780 de
3938 5738 4037 5795 quo

2488 5798 2585 5841 suo
2611 5784 2747 5839 loco.
2810 5784 3079 5843 V‘idc’not.
3115 5794 3157 5851 ε,
3201 5784 3453 5850 οοΙῖ·489.
