4428 6408
166 510 271 570 489

1595 462 1969 556 suum.

3312 503 3410 558 £90

236 626 428 681 Frater
457 637 583 677 vero
613 634 635 660 ι
667 602 983 675 Benedictus
1020 629 1139 673 mea
1166 618 1346 671 omnia
1380 618 1474 670 tibi
1528 617 1735 669 innote-
1766 618 1810 675 Α
1839 620 1898 664 ut
1948 612 2151 682 optimo
2195 613 2305 683 regi
2342 612 2541 681 optime
2584 613 2870 665 serviatur.
2924 610 3023 677 Qui
3054 611 3190 665 bona
3240 616 3417 686 Plegnl

164 731 320 773 acere
352 714 608 785 potuerit,
642 727 801 781 quem
827 726 948 765 cum
976 708 1227 780 lacrymis
1264 708 1462 762 dimisi.
1507 706 1585 761 Tu
1614 720 1741 760 vero

165 823 290 864 cum
337 805 531 878 gaudio
576 804 801 873 recipias
825 817 975 865 eum;
1024 815 1119 856 vos
1160 814 1287 854 vero
1317 799 1474 853 ambo
1501 797 1743 853 laborate

166 895 321 967 quasi
364 892 489 949 boni
536 902 781 965 pastores
815 893 869 946 in
896 906 1054 963 grege
1080 890 1308 953 Christi;
1334 889 1465 943 nihil
1492 889 1742 943 hzesitan-

166 994 250 1042 tes
280 987 347 1040 de
366 985 615 1040 mercede
636 992 914 1054 perpetua,
966 996 1084 1051 qua:
1114 980 1327 1035 dabitur
1352 979 1580 1034 ﬁdeliter
1623 994 1743 1050 gre-

164 1091 287 1146 gem
334 1074 533 1131 Christi
564 1074 923 1145 pascentibus.
978 1073 1176 1128 Omnes
1206 1087 1333 1126 vero
1374 1073 1653 1141 episcopos
1689 1079 1745 1124 et

165 1164 358 1222 Patres
396 1165 623 1221 fratrum
652 1175 956 1220 nostrorum
985 1180 1051 1219 ex
1080 1165 1249 1219 nostri
1309 1165 1540 1217 nominis
1569 1163 1743 1219 ofﬁcio

165 1260 222 1314 in
247 1259 514 1315 charitate
566 1266 621 1315 et
664 1256 1019 1329 prosperitate
1068 1256 1315 1320 salutate,
1358 1265 1604 1325 rogantes
1650 1271 1744 1310 eos

164 1351 339 1408 nostri
360 1365 480 1407 esse
492 1363 760 1406 memores
785 1347 999 1403 assidua
1023 1348 1419 1408 intercessione,
1450 1355 1509 1398 ut
1535 1347 1600 1399 de
1625 1360 1744 1399 mea

163 1442 338 1499 salute
365 1443 438 1497 illi
466 1440 770 1497 mercedem
804 1439 1036 1494 habeant
1066 1438 1464 1507 sempiternam.

234 1534 401 1607 268
428 1534 569 1589 Deus
596 1546 783 1589 omnes
822 1530 939 1584 illos
959 1538 1215 1600 perpetua
1271 1529 1603 1598 protectione
1647 1542 1743 1581 cu-

164 1628 366 1684 swdiat
388 1635 444 1681 et
463 1625 628 1680 faciat
649 1638 742 1678 eos
768 1623 819 1677 in
855 1622 998 1677 omni
1027 1636 1187 1690 opere
1216 1619 1355 1673 bono
1380 1619 1661 1687 proiicere,
1687 1626 1748 1671 ut

165 1717 517 1789 multiplicato
547 1715 867 1770 talentorum
918 1726 1141 1767 numero
1185 1709 1459 1779 multiplici
1497 1724 1747 1763 remune-

166 1806 376 1863 ratione
402 1803 859 1877 dignieﬁiciantur
884 1802 1022 1871 apud
1045 1800 1233 1855 Deum.
1269 1799 1465 1853 Vivant
1485 1814 1671 1852 omnes
1695 1807 1748 1852 et

165 1897 393 1953 ﬂoreant
419 1896 643 1950 feliciter
671 1893 724 1948 in
762 1892 976 1947 Christo
999 1891 1222 1945 Domino
1252 1890 1360 1943 Deo
1400 1898 1607 1971 nostro.

644 2004 671 2046 ι’
696 2004 1023 2059 EPISTOLA
1048 2003 1273 2058 CCXV.’

575 2092 640 2130 AD
682 2090 1074 2129 DlLECTISSliiOS
1113 2090 1329 2127 PATRES.

724 2163 898 2232 (Anno
935 2163 1183 2225 incerto.)

170 2257 431 2313 Hortatur
464 2256 581 2309 illo:
609 2255 676 2309 ad
704 2255 1008 2307 charitatem
1033 2262 1081 2305 et
1130 2253 1196 2305 ad
1226 2252 1427 2305 labores
1481 2255 1595 2306 vita!
1632 2271 1738 2305 mo-

842 2347 1072 2398 nastica’.

239 2440 611 2496 Dilectissimis
666 2438 715 2490 in
756 2436 969 2489 Christo
998 2436 1238 2504 patribus
1281 2444 1592 2505 perpetuam
1650 2452 1736 2490 sa-

166 2530 357 2587 intem.

237 2619 386 2685 Quos
408 2618 513 2672 ﬁda
530 2631 742 2687 semper
767 2614 1007 2685 sequitur
1031 2612 1291 2676 charitas,
1320 2614 1511 2682 szepius
1538 2614 1738 2668 littera-

121 2700 128 2706 ’
166 2724 288 2765 rum
310 2706 833 2777 sequaturetseries,
861 2704 1262 2773 quiaquoddam
1289 2714 1372 2757 est
1400 2705 1628 2757 amantis
1655 2719 1738 2757 re-

164 2801 464 2873 frigerium,
490 2800 768 2855 aestuantis
801 2799 965 2852 animi
993 2796 1259 2852 fervorem
1287 2794 1461 2849 verbis
1489 2794 1571 2848 vel
1600 2795 1739 2848 litte-

164 2894 243 2948 ris
260 2891 549 2961 explicare,
591 2889 714 2959 quia
745 2887 909 2941 verba
938 2887 1060 2941 data
1107 2894 1232 2939 sunt
1277 2886 1344 2938 ad
1371 2883 1613 2937 veritatis
1649 2883 1739 2935 de-

164 2965 630 3042 monstrationem,
690 2979 767 3032 uti
791 2977 932 3046 quod
960 2991 1052 3029 cor
1077 2976 1342 3029 veraciter
1366 2973 1616 3043 concipit,
1642 2971 1739 3025 lin-

162 3086 270 3143 gua
292 3086 397 3128 non
422 3069 684 3126 fallaciter
698 3068 959 3139 proferat,
1005 3076 1060 3121 et
1108 3082 1260 3121 suum
1288 3080 1381 3119 cor
1415 3064 1581 3118 frater
1609 3062 1739 3117 alte-

164 3167 281 3221 rius
303 3162 547 3219 infundat
569 3160 733 3224 cordi,
778 3168 834 3213 et
862 3159 955 3213 ﬁat
979 3154 1303 3212 unanimitas
1340 3157 1661 3219 animorum,
1684 3158 1737 3211 in

165 3255 361 3327 quibus
380 3261 461 3309 est
471 3252 774 3308 communio
795 3248 1105 3312 charitatis;
1131 3263 1255 3301 nam
1279 3249 1456 3300 anima
1479 3249 1595 3301 sine
1607 3249 1738 3302 cha-

164 3304 327 3399 rlitate
358 3348 567 3395 mortua
589 3350 693 3404 est,
731 3355 835 3393 non
857 3338 1060 3394 habens
1098 3335 1289 3391 divin:e
1312 3336 1575 3389 Bouitatis
1605 3338 1739 3390 ima—
1764 3304 1814 3367 ο

163 3433 365 3504 ginem,
398 3430 463 3484 ad
486 3445 647 3499 quam
672 3429 837 3484 creati
864 3444 1047 3483 sumus
1072 3445 1086 3493 ;
1119 3429 1279 3482 etiam
1306 3436 1360 3480 et
1382 3427 1619 3482 renovati
1646 3438 1741 3498 per

164 3522 460 3577 bonitatem
486 3521 783 3576 Salvatoris
811 3521 1003 3589 nostri,
1052 3519 1145 3589 qui
1175 3519 1249 3571 ait
1280 3538 1291 3571 :
1337 3518 1402 3571 In
1430 3520 1525 3571 hoc
1552 3536 1739 3587 cogna-

162 3622 305 3666 scent
324 3628 520 3675 omnes,
571 3612 694 3681 quia
741 3611 840 3663 mei
880 3608 1120 3678 discipuli
1148 3608 1290 3671 estis,
1342 3610 1386 3661 si
1412 3606 1737 3662 dilectionem

164 3700 453 3754 habueritis
473 3699 541 3752 ad
580 3699 794 3752 invicem
834 3697 1015 3767 (Joan.
1046 3712 1173 3761 xui,
1191 3696 1301 3766 35).
1342 3696 1417 3752 De
1446 3697 1596 3766 cujus
1622 3700 1740 3753 dul-

165 3787 355 3843 cedine
390 3802 496 3842 non
532 3787 661 3842 mihi
688 3801 821 3857 opus
841 3801 961 3841 esse
984 3786 1219 3840 arbitror
1250 3786 1478 3857 plurima
1504 3789 1739 3844 scribere

164 3888 360 3935 vestra:
381 3862 673 3946 sanctitati,
701 3895 860 3951 quam
884 3880 1009 3935 olim
1032 3882 1314 3946 didicistis,
1342 3892 1398 3937 et
1429 3884 1628 3939 habere
1658 3886 1738 3939 in-

162 3971 434 4027 notuistis.
507 3970 765 4041 Superest
784 3980 842 4025 ut
862 3987 1031 4041 usque
1083 3972 1150 4026 ad
1172 3973 1331 4026 ﬁnem
1361 3972 1572 4027 ﬁrmum
1609 3974 1739 4029 reti—

164 4060 364 4124 neatis,
390 4061 643 4130 quoniam
672 4060 759 4131 qui
780 4063 1174 4131 perseveraverit
1198 4079 1355 4132 usque
1385 4064 1439 4116 in
1466 4064 1623 4133 ﬁnem
1654 4064 1737 4119 hic

164 4148 343 4203 salvus
362 4150 460 4203 erit
486 4149 697 4221 (Matth.
727 4166 781 4214 χ,
809 4150 919 4219 22).

239 4236 427 4293 Saluta
478 4255 712 4313 quoque,
768 4251 789 4278 ο
832 4244 1165 4297 sanctissime
1206 4241 1368 4297 Pater
1400 4238 1601 4298 lnfridii
1631 4245 1738 4299 fra-

165 4340 282 4387 tres
301 4338 514 4387 nostros
537 4331 831 4386 servientes
842 4334 1105 4402 siquidem
1131 4342 1329 4388 sanctae
1348 4330 1560 4390 Mante.
1590 4335 1739 4406 Opti-

169 4439 317 4478 mam
335 4437 461 4478 vere
488 4422 763 4493 elegerunt
790 4424 1079 4485 dominam.
1128 4433 1183 4479 et
1206 4426 1463 4495 optimum
1484 4443 1736 4496 sponsum

167 4513 409 4583 ejusdem
440 4516 668 4570 dominae
696 4522 750 4569 et
773 4516 971 4586 regina;
1012 4515 1297 4581 calorum;
1330 4524 1387 4571 et
1413 4517 1629 4587 dignum
1656 4528 1739 4573 est

1847 701 2052 774 [Forte,
2095 704 2262 776 eligit,
2295 704 2375 759 vel
2402 704 2616 776 elegit],
2655 703 2793 758 bona
2818 706 3103 768 custodiat,
3134 707 3269 762 bona
3311 726 3414 764 uozi

1843 793 2202 864 derelinquat,
2233 794 2325 848 sed
2352 795 2735 864 perpetualiter
2758 794 2894 847 bona
2920 796 3168 850 retineat.
3220 798 3413 855 Parum

1843 892 1929 936 est
1964 884 2224 954 incepisse
2262 884 2418 947 bona,
2461 885 2561 938 nisi
2590 893 2648 938 ut
2674 894 2980 954 perseveret
3018 879 3279 952 inbonis,
3324 892 3416 961 qui

1843 975 1982 1027 bona
2011 974 2181 1045 eligit.
2231 974 2368 1042 Quid
2415 982 2496 1028 est
2546 974 2781 1029 laborem
2811 976 3141 1031 fructuosum
3187 968 3416 1035 derelin-

1843 1078 2030 1131 quere,
2080 1074 2135 1117 et
2162 1064 2331 1118 labori
2381 1064 2709 1119 infructuoso
2749 1067 3075 1134 mancipari?
3114 1067 3290 1121 Labor
3318 1069 3419 1122 itao

1843 1170 1946 1223 que
1975 1155 2302 1208 monachica:
2340 1155 2460 1208 vita:
2484 1154 2786 1208 fructuosus
2814 1165 2927 1217 est;
2971 1155 3121 1209 labor
3150 1172 3276 1211 vero
3322 1174 3419 1212 sub

1844 1245 1947 1297 culi
2000 1242 2361 1299 infructuosus
2414 1254 2516 1298 est.
2585 1244 2712 1298 Sine
2764 1244 2943 1300 labore
3001 1262 3158 1301 nemo
3209 1249 3339 1303 vivit
3364 1250 3419 1303 in

1845 1335 2070 1399 mundo;
2110 1344 2163 1388 et
2190 1333 2314 1387 felix
2340 1335 2582 1396 nimium,
2607 1335 2698 1401 qui
2728 1334 2793 1387 dc
2823 1333 3004 1390 labore
3034 1338 3175 1390 venit
3234 1338 3286 1392 iu
3334 1352 3420 1392 re-

1845 1426 2045 1494 quiem,
2104 1434 2159 1479 et
2190 1424 2372 1478 infelix
2401 1426 2491 1494 qui
2544 1424 2607 1478 de
2630 1424 2811 1478 labore
2840 1425 2984 1479 venit
3032 1426 3083 1479 in
3115 1437 3375 1482 tormenta
3401 1445 3415 1491 ;

1846 1514 2054 1577 laborat
2081 1516 2224 1569 enim
2270 1500 2330 1568 ut
2364 1514 2502 1568 male
2531 1515 2747 1578 habeat,
2784 1523 2836 1567 et
2861 1530 2966 1568 non
3016 1516 3260 1587 intelligit
3290 1518 3421 1587 quid

1845 1604 1992 1657 facit.
2044 1603 2393 1673 intelligentia
2439 1604 2583 1657 enim
2609 1616 2743 1671 Opus
2769 1610 2852 1656 est
2890 1604 2945 1656 in
2992 1603 3121 1667 vita,
3181 1614 3240 1657 ut
3287 1606 3421 1661 sciat

1848 1695 2007 1748 homo
2031 1694 2095 1747 ad
2126 1709 2283 1762 quem
2331 1692 2489 1747 finem
2534 1694 2718 1745 tendat
2749 1692 3031 1746 retributio
3065 1693 3264 1749 laboris
3314 1696 3417 1751 sui.

1848 1785 2054 1839 Parvus
2084 1784 2235 1838 labor
2258 1784 2310 1838 in
2326 1774 2471 1837 bono
2496 1784 2711 1836 homine
2754 1790 3009 1851 perpetua
3053 1786 3419 1840 remunerabi-

1847 1884 1935 1928 tur
1968 1876 2166 1945 quiete.
2252 1872 2599 1940 Omnipotens
2627 1872 2767 1924 Deus
2814 1874 2881 1925 ad
2937 1874 3225 1928 multorum
3278 1874 3418 1929 salu-

1766 1964 1813 2023 Β
1844 1974 1947 2017 tem
1969 1979 2064 2019 vos
2081 1964 2316 2031 longaeva
2336 1961 2688 2030 prosperitate
2702 1960 2961 2029 proﬁcere
2983 1964 3258 2026 concedat,
3288 1964 3418 2017 elia-

1844 2054 2040 2107 rissimi
2072 2053 2278 2108 Patres.

2195 2166 2218 2204 τι
2245 2166 2407 2236 239
2435 2163 2764 2245 spisrou
2800 2165 3023 2223 ccxvi.

2221 2282 2287 2318 AD
2325 2278 2694 2319 CL'NIDERCTL')!
2730 2280 3033 2320 EPISCOPL'N.

1842 2359 2178 2413 Commendat
2222 2360 2523 2411 memoriam
2571 2368 2849 2411 contractw
2879 2360 3000 2411 olim
3032 2362 3292 2415 amicitia'.
3336 2364 3413 2416 Ad

1912 2446 2037 2497 opus
2070 2428 2746 2499 praedicationisrliortatur,
2789 2428 2932 2479 nulla
2964 2430 3141 2480 ra'ruli
3170 2442 3416 2499 potestate

1911 2510 2001 2552 aut
2029 2499 2254 2551 vanitate
2291 2498 2691 2567 impediendum.

1914 2610 2242 2665 Veneranda:
2272 2610 2545 2678 dignitatis
2567 2608 2707 2663 Patri
2749 2622 2769 2647 ε
2798 2610 3119 2667 Cunibercto
3145 2615 3416 2684 episcopo.

1841 2699 2058 2755 humilis
2088 2700 2270 2753 Levita
2297 2700 2555 2753 Alcuiuus
2582 2701 2827 2753 salutem.

1910 2788 2101 2842 Olimf
2146 2790 2199 2842 in
2237 2788 2479 2857 synodali
2529 2800 2834 2842 sanctorum
2883 2789 3102 2845 Patrum
3155 2804 3418 2847 conventu

1841 2890 2015 2935 vestra
2070 2882 2284 2936 bonitas
2331 2881 2609 2935 nobiscum
2658 2882 2859 2952 pepigit
2907 2893 3061 2952 pacta
3117 2887 3416 2950 chat‘itatis,

1841 2985 1959 3039 quae
1990 2979 2212 3038 propter
2240 2971 2697 3037 opportunitatem
2743 2968 2900 3035 hujus
2925 2974 3201 3039 portitoris
3229 2974 3311 3027 his
3334 2974 3419 3029 lit-

1840 3061 2029 3114 terulis
2062 3062 2384 3116 humilitatis
2413 3072 2610 3116 nostra:
2638 3079 2895 3139 renovare
2928 3067 3162 3130 studeat,
3193 3081 3258 3121 ne
3284 3069 3419 3123 forte

1839 3144 1995 3219 longa
2034 3154 2274 3208 absentia
2312 3155 2637 3209 oblivionem
2669 3158 2839 3211 nostri
2888 3162 3118 3214 nominis
3144 3164 3416 3217 vobiscum

1841 3240 2081 3298 fecisses.
2132 3242 2379 3297 Charitas
2410 3245 2733 3299 oblivionem
2765 3262 2871 3300 non
2897 3250 3113 3316 patitur,
3146 3258 3200 3304 et
3222 3254 3419 3308 veritas

1844 3338 1985 3391 nulla
2020 3338 2272 3406 temporis
2311 3338 2639 3407 longitudine
2664 3340 3054 3406 maculabitur,
3102 3345 3333 3397 maxime
3363 3346 3416 3397 in

1841 3430 1933 3483 tali
1966 3442 2193 3498 persona
2227 3437 2281 3482 et
2318 3438 2425 3481 tam
2467 3430 2722 3497 praeclaro
2752 3433 3056 3485 sanctitatis
3094 3434 3226 3497 viro,
3268 3434 3418 3504 cujus

1840 3525 2133 3579 latissimus
2172 3523 2409 3579 melliﬁui
2451 3526 2685 3593 pectoris
2712 3525 2860 3578 sinus
2892 3526 3284 3582 multitudinem
3310 3545 3417 3598 spi-

1840 3618 2074 3672 ritalium
2097 3632 2422 3687 congregare
2446 3616 2739 3670 amicorum
2765 3615 2898 3669 solet
2923 3633 2935 3679 ;
2971 3617 3113 3672 inter
3137 3634 3273 3688 quos
3300 3636 3421 3689 paro

1839 3709 2018 3763 vitatis
2049 3724 2181 3763 mea:
2210 3722 2402 3762 nomen
2439 3708 2689 3776 aliquem,
2739 3707 3017 3775 deprecor,
3066 3709 3309 3769 inveniat
3341 3712 3419 3765 lo.

1840 3817 1999 3864 cum,
2047 3810 2102 3855 et
2146 3808 2321 3854 vestra
2360 3800 2689 3853 nobilissima
2726 3799 2957 3854 fidelitas
3003 3804 3270 3871 quondam
3295 3846 3309 3866 ,
3359 3816 3419 3859 ut

1836 3890 2219 3959 priediximus,
2270 3889 2582 3957 promittere
2635 3902 2739 3941 non
2787 3889 3113 3942 abhorruit:
3166 3905 3275 3945 nec.
3309 3908 3417 3946 non

1801 4025 1805 4029 .
1838 3978 2061 4048 supplici
2084 3973 2471 4039 obsecratione,
2505 3977 2665 4031 Pater
2687 3977 2757 4031 mi
2788 3978 2799 4028 !
2832 3978 3080 4047 deposco,
3111 3988 3168 4032 ut
3193 3982 3419 4035 sanctis-

1838 4072 1987 4125 simis
2007 4071 2169 4125 vestri
2199 4070 2473 4139 reginiinis
2494 4068 2748 4123 fratribus
2772 4071 3014 4124 eamdem
3044 4069 3110 4124 de
3136 4072 3290 4127 nobis
3314 4075 3419 4142 Spi-

1838 4161 2047 4214 ritalem
2076 4175 2259 4213 curam
2301 4158 2497 4213 habere
2509 4158 2764 4226 jubeatis.

1906 4248 2101 4302 Fateor
2127 4248 2246 4310 tibi,
2274 4249 2608 4301 sanctissime
2636 4249 2829 4316 prmsul
2855 4252 2866 4302 !
2914 4253 3057 4320 quod
3082 4254 3416 4309 venerabiles

1838 4338 2061 4393 fratrum
2106 4338 2546 4407 congregationes
2576 4340 2813 4393 studiose
2840 4340 3033 4407 amavi,
3070 4357 3203 4411 quas
3232 4344 3285 4398 in
3307 4344 3415 4399 illis

1840 4430 2144 4501 regionibus
2173 4430 2283 4484 Deo
2321 4430 2592 4485 deservire
2634 4432 2809 4501 dignis
2837 4433 3076 4489 moribus
3098 4476 3112 4499 ,
3161 4448 3414 4492 narrante

1838 4521 2000 4586 fama,
2034 4518 2335 4575 audivimus
2365 4537 2378 4583 ;
2412 4520 2535 4574 licet
2564 4522 2718 4575 nobis
2754 4522 2938 4577 datum
2969 4539 3075 4579 non
3102 4535 3244 4580 esset
3293 4543 3414 4583 cor-

244 4656 285 4729 ξν
307 4643 638 4729 νᾳςςηυςνο
662 4646 1004 4729 Benedictus;
1037 4647 1579 4729 AbbasAnianen'sis,
1618 4667 1741 4729 san-
1771 4658 1820 4717 ι)
1844 4654 2018 4729 Ionius
2045 4651 2390 4729 An_nal._libr.
2416 4664 2563 4710 xxiv.
2621 4666 2765 4729 num.
2790 4650 2879 4729 8_6,
2911 4652 3212 4729 pag._‘24.i.)
3250 4656 3416 4729 Igitur

168 4716 356 4799 Etitate
383 4712 627 4799 celebris,
666 4715 757 4785 qui
817 4718 919 4770 sub
966 4715 1162 4799 Carolo
1181 4712 1735 4799 magnoetLudovieo

166 4785 269 4845 Pio
286 4785 751 4869 monasteriorum,
803 4786 1099 4867 przesertim
1132 4785 1450 4869 Aquitaniae,
1502 4788 1737 4860 discipli-

170 4872 298 4912 nam
323 4855 650 4923 reformavit,
705 4875 773 4915 ac
794 4855 987 4931 sepius
1032 4864 1310 4929 prnpterea
1353 4856 1530 4911 aulam
1578 4855 1737 4939 auiue

169 4928 352 5008 ipsum
377 4926 953 5008 Aleuinumnacccssit,
1007 4929 1286 5008 multaque
1323 4928 1738 5008 ngt‘essitudine

171 4941 348 5050 iﬂfum
377 4941 657 4983 Atcuinum
706 4941 953 4993 accessit,
1007 4941 1275 4997 multaque
1341 4941 1731 4984 necessuuaine

267 4995 520 5079 adhmjsi'tt
534 4994 831 5079 guanitani
851 4999 1069 5053 consule
1082 5001 1221 5079 apud
1238 4998 1596 5079 Mabillppium
1617 4999 1731 5054 Aet.

173 5062 276 5118 SS.
305 5061 520 5118 Ordinis
546 5061 603 5117 S.
635 5065 765 5119 Ben.
800 5080 922 5120 saec.
950 5084 1025 5130 iv,
1116 5061 1185 5122 rt.
1206 5083 1380 5139 I,pag.
1406 5070 1495 5123 191
1519 5079 1575 5125 et
1597 5085 1734 5141 θαι..

170 5140 231 5189 et
246 5131 393 5202 apud
417 5131 728 5202 Bollandum
755 5134 822 5187 ad
846 5135 986 5190 diem
1014 5084 1231 5193 ιῗδιόδ.

244 5199 535 5281 bili-rolicti.
555 5204 716 5281 epist;
740 5203 865 5259 203.

232 5268 830 5353 .°...5Wi“i'i'e.P9W
859 5270 1091 5353 (πίνίάίέε
1125 5272 1431 5353 Mandata
1458 5286 1607 5332 certe
1643 5276 1739 5353 Ni:

369 5341 777 5425 commutatis‘in
788 5330 977 5425 .prima
989 5330 1187 5425 syliaha
1204 5330 1399 5425 litteris
1413 5330 1431 5398 i
1456 5330 1739 5425 dimica

174 5414 905 5529 frequens7gstinoveteribus
1288 5432 1306 5463 ι
1337 5414 1563 5495 lspaulo
1614 5414 1740 5471 ante

174 5478 526 5601 iniiiﬁtmi:
1079 5485 1741 5601 mrrcﬂtiinriiim?b£

178 5547 526 5671 [smmis
547 5547 1055 5631 monasteriiBeata
1079 5547 1261 5631 μετᾶ
1292 5547 1361 5607 de
1384 5552 1618 5635 tit-hicne
1646 5570 1739 5611 seu

178 5682 219 5697 -
266 5690 304 5697 ,_
384 5629 523 5697 ..εις
541 5614 725 5697 ὡςδὲ
745 5614 906 5697 πεῖρε)
948 5632 1213 5697 mxima.
1258 5621 1424 5697 quos.
1452 5622 1741 5697 dumodo

370 5682 657 5781 eam
665 5682 1295 5781 irritiﬂhéessi
1314 5688 1480 5781 211115:
1523 5682 1577 5763 εει
1632 5708 1739 5765 qua

179 5756 341 5810 situm
369 5758 481 5835 est;
541 5762 815 5824 postremo
831 5756 1008 5815 Beata
1023 5756 1204 5815 Mariae
1221 5758 1289 5813 de
1312 5756 1510 5815 Cras“
1537 5756 1742 5819 nuncu-

178 5830 370 5906 Ρὲωτέ
398 5820 960 5906 ἀειυαῖβ.ίὲοαέί.ῖ⁰ίι
976 5827 1407 5906 δῖειὶίειὲἰεαένυι

183 5888 280 5956 su,
318 5900 376 5944 ut
399 5905 463 5945 ex
501 5888 666 5945 retiari
706 5890 809 5949 loci
835 5888 1437 5967 Necrologio'discir'nus.
1472 5918 1490 5949 ι
1537 5897 1743 5969 (Μεὼίι-

658 5983 929 6045 Ριτιιοι.
980 5985 1045 6045 Ο

1841 4725 1908 4782 ad
1933 4722 2224 4793 monachos
2253 4718 2413 4793 huius
2454 4721 2765 4774 monasterii
2806 4718 2944 4775 hanc
2974 4718 3253 4793 Epistola'm
3275 4718 3413 4785 scri-

1836 4805 1986 4868 ptam
2018 4788 2184 4845 fuisse
2203 4790 2471 4845 existimo.

1907 4862 1933 4902 <ι
1964 4860 2194 4915 Froben.
2224 4859 2379 4927 epist.
2408 4856 2511 4914 ‘204

1911 4944 1935 4972 ο
1965 4930 2271 4984 Cunibercto
2306 4930 2560 4998 episcopo.
2592 4930 2647 4983 In
2676 4929 2972 4996 Britannia,
3000 4940 3057 4986 ut
3094 4949 3160 4989 ex
3196 4940 3408 4995 verbis:

1838 5005 1907 5060 Et
1950 5008 2140 5055 nostra:
2174 4998 2519 5052 celeberrima
2554 4998 2739 5053 insqu
2777 5000 3068 5055 Britannia:
3105 5004 3413 5065 habitatori-

1839 5076 1952 5147 bus,
1975 5082 2079 5147 etc.
2092 5109 2106 5132 ,
2134 5068 2341 5147 colligo.
2372 5066 2465 5121 Est
2489 5068 2534 5147 is
2546 5069 2815 5147 abs‘duhio
2829 5068 3147 5147 liipebertus
3160 5077 3414 5136 Ventanze

1839 5135 2357 5216 civitati§__pontifex
2377 5136 2601 5216 _socius_
2623 5136 2934 5216 Aedilhaijdi
2976 5141 3031 5216 in
3065 5144 3258 5216 itinere
3298 5135 3407 5204 Ro;

1839 5226 2017 5269 mano.
2052 5204 2181 5261 Vide
2220 5212 2333 5273 not.
2376 5204 2547 5273 Epist.
2581 5206 2701 5260 115.
2738 5206 3015 5265 Cuniberti
3039 5214 3198 5266 etiam
3230 5218 3410 5273 cuius.

1839 5226 2017 5269 mano.
2052 5218 2181 5261 the
2220 5218 2333 5259 n0t.
2376 5218 2547 5273 bptst.
2581 5218 2701 5260 115.
2738 5218 3015 5265 Cuniberti
3039 5218 3198 5266 etiam
3230 5230 3295 5271 Cu
3321 5234 3410 5270 us-

1838 5275 2233 5356 dam_rneminit
2259 5272 2577 5356 Anastasius
2596 5276 3115 5356 B_ibliothecar;ius__i_n
3136 5283 3251 5356 Vita
3276 5218 3410 5343 ﬂeo-

1838 5352 1922 5407 nis
1965 5346 2029 5404 ill
2080 5346 2227 5417 inter
2266 5344 2460 5400 missos
2509 5344 2848 5417 ﬁdelissimos
2898 5347 2966 5402 ad
3013 5350 3407 5417 dijudieandam

1838 5431 2057 5475 causam
2080 5413 2319 5482 ejusdem
2352 5414 2547 5469 summi
2575 5414 2843 5483 pontiﬁcis
2869 5430 3011 5470 anno
3056 5413 3157 5476 799
3182 5422 3404 5481 Romam

1838 5489 2059 5561 legatos:
2087 5484 2286 5561 ᾼῑι-ὶιὶις
2314 5484 2451 5561 idem
2468 5497 2596 5561 eum
2624 5492 2808 5537 nostro
2832 5484 2924 5561 sit,
2947 5486 3227 5544 incertum.

1907 5550 2073 5637 πο
2100 5553 2119 5595 ¹
2169 5550 2511 5637 139499421?
2533 5562 2832 5637 temetum
2871 5553 3114 5637 Ραμνωη.
3134 5573 3406 5637 «avem-

1838 5618 2408 5702 ΨᾘἯῖεέῖοηνιὶίιὲυδ
2426 5618 2613 5702 fuerit.
2650 5630 2707 5702 si
2731 5622 2784 5676 in
2810 5638 2917 5702 quo
2940 5625 3071 5689 loco.
3100 5626 3155 5682 in
3191 5629 3408 5702 Anglia,

1839 5689 1908 5750 an
1933 5694 1989 5751 in
2013 5692 2182 5750 Gallia
2209 5689 2528 5762 celebratus,
2566 5691 2770 5762 pariter
2811 5689 3049 5762 ignotum
3094 5707 3198 5752 est.
3248 5689 3411 5756 [and

1841 5762 1944 5844 13?
1966 5764 2181 5844 autem
2202 5758 2613 5844 βδυπρῖὲβτφιέξ
2638 5758 2919 5844 enim“
2940 5764 3170 5844 decretis
3196 5772 3406 5844 φροίιιι

1840 5828 2248 5912 ραμοιῑιιιειωείς»
2286 5829 2623 5912 subscripsit.
2675 5828 2911 5884 ‘wau‘ms
2958 5832 3159 5887 Concil.
3231 5838 3407 5912 trag...

1842 5843 2248 5912 catcnutnensis
2290 5843 2623 5951 subscripsit.

1842 5900 2128 5955 Britannia!
2151 5898 2255 5950 vol.
2286 5897 2325 5963 l,
2350 5912 2470 5968 pag.
2534 5898 2623 5953 51.

2820 5994 2973 6059 ⁴113
