4428 6410
817 476 906 528 ΜΗ

1662 469 1716 522 Β.
1759 469 1819 523 F.
1855 470 2075 524 ALBINI
2114 462 2246 525 SEU
2281 467 2550 524 ALCUINI
2604 468 2887 526 OPERUM
2925 470 3101 524 PARS
3135 471 3172 524 l.

3916 469 4036 522 οὗτδέ

815 590 980 655 porali
1016 585 1210 637 visione
1238 584 1370 636 illos
1402 583 1645 652 aggredi;
1691 596 1848 650 quem
1889 581 2070 654 [Forte
2108 583 2248 656 quin]
2275 598 2362 639 ve-
2391 587 2436 648 Α
2464 583 2616 650 vivae,
2655 585 2707 638 id
2731 595 2832 649 est,
2858 585 3111 639 doctrinae
3139 597 3323 646 sati-ie,
3356 583 3493 636 sicut
3513 583 3565 636 in
3593 581 3877 652 Evangelia
3907 585 4035 651 ipsa

815 685 927 730 stra
951 682 1121 743 potest
1144 675 1313 743 pietas
1335 688 1435 743 pro
1470 688 1646 728 amore
1673 673 1872 728 Christi
1901 691 1997 743 pro
2021 675 2174 728 nobis
2197 674 2361 743 loqui,

817 779 914 819 nec
953 762 1214 817 ullatenus
1242 763 1382 816 Deus
1413 761 1583 816 deerit
1623 762 1677 816 in
1707 763 2132 816 remuneratione
2172 759 2364 815 vestrae

815 853 1080 908 devotioni
1101 893 1118 918 ,
1164 853 1250 907 vir
1296 853 1527 922 optime!
1589 853 1748 906 Decet
1794 853 1936 905 enim
1981 849 2364 906 sacerdotalem

814 943 1121 1014 dignitatem
1161 945 1409 1000 omnibus
1451 958 1512 998 se
1547 941 1954 1012 deprecantibus
1980 941 2195 1011 pietatis
2222 955 2363 1009 prte-

813 1044 956 1090 stare
982 1033 1248 1100 aﬂ'eetum,
1277 1035 1526 1090 absentes
1548 1034 1714 1089 sacris
1740 1031 2068 1086 orationibus
2093 1031 2362 1100 adjuvare,

811 1130 1104 1192 praesentes
1131 1122 1446 1194 evangeliea:
1471 1120 1859 1192 praedicationis
1895 1119 2144 1173 instantia
2173 1117 2367 1172 contir-

815 1225 981 1266 mare.
1007 1210 1125 1267 Scis
1147 1211 1346 1280 optime
1363 1216 1560 1279 quanta
1584 1208 1874 1264 necessitas
1895 1214 1978 1261 est
2003 1205 2196 1275 populo
2219 1203 2368 1259 Chri-

813 1302 1004 1366 stiano,
1037 1303 1436 1373 utprredicator
1461 1299 1609 1354 verbi
1624 1299 1718 1354 Dei
1742 1313 1849 1352 non
1873 1304 2064 1361 taceat,
2093 1303 2148 1349 et
2169 1303 2366 1350 nostra

814 1391 1172 1446 celeberrimae
1219 1390 1410 1456 insulae
1460 1389 1749 1443 Britanniae
1796 1385 2186 1442 habitatoribus
2208 1425 2224 1452 ,
2274 1385 2365 1440 ubi

812 1482 1078 1550 quondam
1116 1481 1398 1536 multitudo
1423 1481 1701 1534 doctorum
1741 1477 1902 1532 verba
1935 1477 2058 1530 vita:
2096 1482 2366 1545 perpetuae

763 1623 771 1631 ,
811 1572 1060 1625 continua
1087 1571 1513 1640 praedicaverunt
1535 1566 1817 1630 instantia;
1851 1565 1944 1620 sed
1968 1579 2132 1628 nunc,
2178 1576 2368 1632 pecca-

812 1663 880 1716 tis
904 1661 1238 1723 facientibus,
1283 1659 1390 1713 rari
1415 1665 1541 1712 sunt
1561 1655 1792 1726 operarii
1833 1654 1887 1708 in
1915 1668 2087 1708 messe
2112 1649 2319 1706 Domini
2345 1665 2362 1704 :

810 1752 903 1805 sed
929 1764 1034 1820 quo
1060 1750 1290 1804 rariores
1329 1747 1695 1809 inveniuntur,
1740 1759 1805 1799 eo
1831 1744 1998 1812 magis
2021 1755 2239 1796 necesse
2281 1747 2366 1794 est

811 1849 869 1893 ut
896 1838 970 1892 illi
1004 1838 1092 1908 qui
1121 1845 1246 1893 sunt
1270 1834 1587 1891 omnimodis
1607 1832 1716 1902 jugi
1749 1840 1947 1887 sanctie
1973 1826 2366 1901 praedicationis

2465 675 2675 730 Veritas
2697 675 2776 728 ait
2804 674 2982 747 (.Joan.
3022 688 3118 736 vn,
3141 670 3252 741 '58),
3284 668 3601 725 sullicienter
3622 667 3782 724 ﬂuere
3806 669 4038 723 vidcan-

2465 774 2570 819 1111⁵.

2532 858 2689 926 271
2736 856 2984 911 Vestrum
3033 863 3117 907 est
3157 851 3405 906 omnibus
3453 847 3740 920 praedicare
3799 849 4032 904 verbum

2464 947 2581 1012 Dei,
2610 945 2859 1001 omnibus
2882 943 3061 997 lucere
3083 943 3140 996 in
3175 941 3331 996 domo
3359 940 3474 1002 Dei,
3516 945 3576 992 ut
3600 951 3782 992 omnes
3805 951 3904 1006 per
3931 952 4035 991 vos

2463 1036 2704 1092 veritatis
2730 1035 2909 1088 lumen
2956 1038 3357 1108 agnoscanttet
3399 1045 3494 1098 per
3522 1043 3714 1098 pascua
3744 1036 4032 1096 perpetua:

2461 1124 2806 1180 beatitudinis
2831 1123 3178 1178 deducantur.
3207 1118 3280 1174 Os
3299 1127 3532 1172 vestrum
3563 1119 3684 1171 tuba
3715 1115 3874 1170 debet
3906 1126 4032 1169 esse

2464 1212 2557 1266 Dei
2593 1211 2816 1277 Christi,
2860 1211 2986 1280 quia
3012 1210 3204 1279 linguae
3245 1208 3577 1264 auctoritatis
3616 1216 3806 1263 vestra:
3843 1205 4034 1261 claves

2463 1309 2586 1357 sunt
2625 1300 2746 1356 cteli
2772 1300 3030 1354 habentes
3059 1306 3374 1368 potestatem
3404 1297 3610 1365 aperire
3650 1303 3706 1349 et
3730 1294 3986 1349 claudere
4010 1309 4028 1357 ;

2462 1391 2844 1462 paenitentibus
2871 1389 3096 1459 aperire,
3123 1387 3492 1443 resistentibus
3516 1384 3725 1440 veritati
3753 1381 4025 1438 claudere.

2464 1480 2796 1550 Quapropter
2823 1487 2984 1534 tanta:
3002 1477 3328 1534 excellentiae
3352 1477 3698 1545 vosmetipsos
3725 1474 3912 1544 dignos
3936 1472 4030 1526 bo-

2463 1570 2549 1625 nis
2576 1570 2813 1626 moribus
2835 1568 3047 1634 eﬂicite,
3062 1569 3293 1624 scientes
3312 1563 3521 1621 laudem
3543 1581 3661 1620 esse
3687 1563 4028 1620 sacerdotum

2463 1659 2859 1728 pmdicationis
2903 1658 3288 1713 assiduitatem.
3323 1655 3452 1712 "Non
3483 1665 3565 1711 est
3607 1655 3762 1710 ludus
3803 1652 4028 1714 saecula-

2464 1749 2542 1802 ris
2561 1747 2908 1803 sacerdotalis
2923 1747 3132 1812 honor;
3160 1747 3254 1801 sed
3277 1761 3468 1816 magna
3495 1743 3762 1814 diligentia
3787 1742 3840 1796 in
3867 1755 4026 1794 man-

2465 1834 2602 1890 datis
2639 1836 2732 1889 Dei
2761 1836 2992 1906 seipsum
3029 1848 3282 1889 exercere
3327 1834 3482 1889 debet
3521 1831 3766 1887 sacerdos
3801 1828 4026 1893 Christi,

810 1931 982 1984 studio
1013 1929 1081 1983 ab
1105 1942 1289 1983 errore
1315 1926 1438 1981 vitae
1457 1934 1512 1980 et
1536 1922 1797 1992 superﬂua
1825 1920 2113 1976 multarum
2142 1930 2366 1972 consue-
2394 1932 2441 1993 Β
2464 1935 2524 1982 ιιι
2549 1926 2807 1998 egeamus
2845 1927 3004 1982 simul
3033 1934 3088 1983 ει
3115 1927 3294 1983 verbis
3332 1927 3582 1997 populum
3619 1924 3826 1980 erudiat
3863 1921 4026 1977 ειη-ί-

811 2017 991 2072 tudine
1017 2017 1310 2070 vanitatum
1332 2015 1398 2068 ad
1420 2014 1734 2068 modestiam
1768 2010 2074 2065 sobrietatis
2118 2016 2172 2062 et
2206 2008 2366 2061 casti-

812 2109 934 2162 tatis
957 2106 1272 2161 exercitium
1300 2119 1554 2160 revoeare
1576 2103 1804 2157 studeat.

880 2201 997 2256 Non
1021 2205 1192 2254 taceat
1230 2212 1292 2252 os
1320 2195 1616 2250 sanctitatis
1651 2202 1752 2270 tuac
1778 2189 2094 2260 evangelicae
2130 2186 2370 2242 veritatis

809 2292 992 2354 verba,
1031 2304 1131 2343 nec
1157 2286 1459 2357 apostolica:
1501 2284 1756 2340 doctrina:
1789 2281 2002 2345 seriem,
2035 2294 2134 2332 nec
2159 2285 2369 2332 sancto-

810 2396 927 2434 rum
956 2379 1171 2434 Patrum
1200 2389 1374 2430 mores
1397 2373 1753 2429 nobilissimos
1771 2412 1786 2435 ,
1833 2379 1893 2424 ut
1927 2367 2078 2423 multi
2103 2382 2199 2435 per
2224 2374 2369 2418 tuam

809 2466 1198 2522 sanctissimam
1232 2463 1566 2518 devotionem
1595 2461 1938 2522 erudiantur,
1987 2465 2040 2510 et
2070 2456 2164 2511 tibi
2195 2454 2370 2508 multi«

810 2555 951 2624 plex,
998 2553 1108 2607 Deo
1135 2545 1348 2608 Christo
1373 2545 1631 2614 donante,
1653 2562 1860 2601 merces
1889 2553 2101 2600 maneat
2140 2545 2191 2598 in
2218 2551 2373 2597 aeter-

813 2659 958 2699 num.
993 2639 1110 2696 Non
1133 2648 1368 2710 potestas
1393 2638 1602 2710 regalis,
1636 2653 1737 2691 nec
1760 2635 2066 2706 arrogantia
2091 2631 2373 2700 cujuslibet

811 2733 1080 2790 szecularis
1116 2730 1459 2786 sublimitatis
1489 2738 1647 2783 tuam
1661 2726 1937 2798 prohibeat
1976 2741 2006 2778 a
2033 2725 2256 2779 veritate
2281 2737 2373 2776 vo-

811 2839 966 2887 cem;
1011 2834 1116 2875 non
1156 2819 1388 2873 adulatio
1432 2816 1863 2884 subsequentium
1888 2855 1903 2879 ,
1949 2829 2054 2869 non
2101 2811 2375 2868 smeularis

813 2908 1036 2964 luxuria:
1069 2921 1282 2978 pompa,
1329 2921 1436 2960 non
1478 2904 1806 2975 deceptibilis
1841 2903 1958 2958 auri
1999 2904 2222 2974 species,
2277 2916 2376 2956 nec

815 2998 920 3054 ulla
975 3007 1198 3054 terrena:
1246 2997 1612 3054 delectationis
1656 2997 1899 3066 voluptas
1940 3010 2034 3050 cor
2077 2993 2376 3050 sanctitatis

818 3101 921 3147 tua:
943 3107 973 3147 a
998 3089 1193 3166 tldncia
1235 3089 1458 3144 studiosi
1492 3088 1693 3143 laboris
1717 3088 2035 3151 subtrahat;
2087 3087 2177 3141 sed
2203 3083 2370 3140 omni-

815 3185 914 3237 bus
939 3183 992 3236 in
1030 3189 1084 3237 te
1106 3179 1200 3234 lux’
1237 3179 1476 3233 veritatis
1503 3177 1708 3242 luceat,
1744 3187 1799 3232 et
1838 3178 1924 3230 via
1952 3176 2138 3231 salutis
2163 3183 2374 3229 interna!

2465 2016 2718 2070 stianum.

2535 2105 2812 2160 Laudabat
2840 2117 3045 2159 meeum
3089 2105 3322 2160 vestram
3346 2103 3539 2157 bonam
3567 2098 4025 2157 conversationem

2465 2194 2787 2249 venerabilis
2833 2194 2998 2248 frater
3029 2205 3050 2232 α
3087 2193 3236 2248 Lullo
3276 2192 3464 2247 abigas.
3487 2192 3638 2245 -ldeo
3682 2189 3901 2258 supplex
3927 2202 4027 2257 ego

2469 2291 2657 2337 vestra:
2691 2282 2959 2336 sanctitati
2999 2282 3258 2349 meipsum
3299 2281 3666 2335 commendare
3690 2277 3905 2341 curavi,
3936 2276 4028 2328 de-

2467 2389 2696 2444 precans
2723 2382 2781 2427 ut
2797 2372 3031 2440 jubeatis
3055 2373 3224 2427 nostri
3262 2371 3491 2425 nominis
3513 2385 3606 2440 per
3629 2379 3834 2424 vestras
3857 2349 4027 2421 eccle;

2470 2464 2577 2517 sias
2603 2461 3007 2531 aliquantulam
3053 2460 3166 2514 ﬁeri
3213 2461 3550 2524 memoriam.
3595 2457 3706 2511 Non
3749 2471 3844 2526 pro
3891 2455 4026 2508 meis

2471 2553 2692 2616 meritis,
2742 2553 2834 2607 sed
2858 2567 2956 2622 pro
2978 2550 3176 2606 Christi
3206 2551 3469 2606 charitate
3507 2551 3621 2604 haec
3649 2551 3760 2619 ipsa
3787 2547 4025 2618 ﬂagitare

2470 2645 2800 2715 praesumpsi.
2831 2643 3014 2697 Facite
3041 2642 3254 2706 exinde,
3285 2643 3424 2697 sicut
3457 2641 3523 2696 de
3549 2647 3724 2695 vestra
3749 2641 3886 2693 bona
3916 2638 4021 2707 pie-

2474 2742 2582 2787 tate
2616 2732 2845 2788 confido.
2891 2732 3032 2787 Deus
3058 2732 3313 2786 Dominus
3354 2739 3544 2802 augeat
3585 2746 3680 2785 vos
3716 2729 4020 2783 meritorum

2474 2824 2665 2894 gratia,
2695 2830 2750 2877 et
2773 2821 3031 2892 prolicere
3057 2820 3221 2875 faciat
3256 2821 3309 2874 iu
3331 2821 3474 2874 omni
3503 2818 3783 2873 sanctitate
3811 2823 3865 2869 et
3893 2829 4020 2883 pra:-

2474 2913 2737 2968 dicatione
2760 2910 2907 2968 verbi
2953 2910 3069 2975 Dei,
3099 2909 3399 2966 charissimi
3442 2916 3496 2963 et
3522 2903 3895 2980 desiderabiles
3919 2901 4017 2955 Pa-

2475 3011 2604 3059 nes.
2915 3089 2941 3129 ά
2973 3085 3300 3144 EPISTOLA
3338 3053 3599 3140 ccxvm.

3035 3196 3101 3235 AD
3140 3193 3475 3233 ABDBERTL‘I.

816 3273 1143 3329 ostendatur.
1192 3270 1354 3325 Pauci
1401 3278 1523 3324 sunt
1560 3271 1718 3340 hujus
1761 3269 1883 3324 vita:
1915 3270 2029 3323 dies
2061 3267 2276 3331 laboris,
2321 3273 2376 3322 et
2400 3275 2446 3338 (ζ
2479 3275 2564 3330 Ilo

2271 3306 2276 3327 ι
2321 3273 2376 3322 ει
2400 3275 2446 3338 C
2479 3275 2736 3330 Hortatur
2764 3274 2832 3327 ad
2867 3288 3021 3342 opera
3051 3263 3272 3342 justitire
3308 3277 3355 3321 et
3393 3262 3797 3342 miscricordire,
3847 3257 4020 3342 laudat

818 3363 907 3432 qui
931 3361 1046 3430 plus
1066 3359 1288 3424 laborat,
1311 3358 1429 3428 plus
1457 3359 1720 3413 mercedis
1740 3358 1964 3426 accipiet
1988 3374 2004 3424 ;
2034 3358 2127 3412 sed
2147 3357 2379 3412 caelestis

819 3449 1160 3504 beatitudinis
1182 3449 1540 3504 remuneratio
1578 3449 1908 3518 temporibus,
1927 3455 2201 3516 permanet
2223 3455 2378 3502 aiter-

819 3538 920 3592 nis.
965 3537 1312 3606 Omnipotens
1339 3537 1480 3590 Deus
1507 3543 1651 3589 tuam
1681 3543 1920 3589 sanctam
1942 3543 1998 3588 et
2021 3535 2379 3590 venerabilem

819 3627 1193 3696 paternitatem
1235 3624 1303 3679 ad
1338 3624 1711 3678 exaltationem
1752 3632 1948 3679 sancta:
1993 3639 2103 3679 suae
2130 3622 2382 3678 Ecclesiae

821 3716 1002 3770 multis
1033 3713 1260 3770 feliciter
1303 3714 1456 3768 annis
1497 3713 1675 3768 vivere
1713 3721 1768 3768 et
1807 3698 2068 3784 proficere
2101 3715 2377 3783 concedat,

821 3805 1134 3860 cbarissime
1161 3804 1353 3860 Pater!

1275 3926 1301 3956 ι
1324 3913 1654 3968 EPISTOLA
1681 3913 1924 3969 CCXVII.

1045 4016 1111 4054 AD
1139 4016 1449 4055 ALCKARDUI
1477 4014 1544 4054 ΕΤ
1582 4015 1847 4054 TIFREDUI
1873 4015 2164 4054 EPISCOPOS.

863 4091 1116 4145 Hortatur
1142 4089 1259 4144 illos
1279 4090 1347 4144 ad
1369 4091 1588 4159 ofﬁcium
1607 4089 1990 4160 praedicationis
2010 4089 2343 4160 implendum.

894 4205 1254 4260 Sanctissimis
1279 4212 1334 4258 et
1367 4203 1755 4258 venerabilibus
1800 4203 2042 4272 patribus
2061 4203 2088 4242 δ
2115 4202 2382 4258 Alchardo

831 4303 884 4346 et
910 4293 1124 4346 Tifredo
1151 4293 1414 4361 episcopis
1436 4292 1688 4346 Alcuinus
1706 4293 1868 4346 levita
1894 4292 2139 4346 salutem.

899 4383 1162 4449 Deprecor
1199 4381 1488 4448 piissimam
1516 4382 1805 4434 bonitatem
1832 4389 2086 4445 vestram,
2116 4394 2183 4434 ne
2210 4383 2383 4450 parvi-

833 4471 955 4525 tatis
992 4485 1121 4523 meie
1154 4469 1357 4524 litteras
1386 4470 1817 4539 praesumptiosas
1840 4471 2132 4525 aestimetis.
2185 4471 2383 4525 Vestra:

2544 3327 3227 3406 itfiinsrrbonitu'tcmfeique
3273 3333 3590 3391 commendat
3634 3347 3842 3385 causam
3889 3327 4020 3380 Lnlli

2547 3413 2769 3466 abbatis.

2544 3521 2798 3578 Aleuinus
2837 3519 3008 3574 sancti
3051 3517 3259 3571 Martini
3300 3515 3526 3569 famulus
3557 3523 3581 3552 ο
3609 3511 3868 3566 Ardberto
3913 3509 4023 3561 viro

2476 3609 2668 3664 illustri
2695 3616 2963 3679 perpetua:
2985 3604 3330 3662 beatitudinis
3349 3602 3592 3658 salutem.

2546 3701 2778 3756 Audiens
2801 3707 3035 3753 vestram
3054 3697 3368 3751 laudabilem
3395 3693 3871 3754 conversationem,
3891 3689 4023 3744 sicut

2477 3791 2630 3844 decet
2656 3796 2844 3843 vestrae
2862 3800 3121 3857 personae,
3148 3785 3302 3839 valde
3327 3797 3412 3838 me
3435 3783 3670 3854 gavisum
3694 3796 3810 3835 esse
3839 3778 4018 3832 fateor.

2479 3877 2559 3933 Tu
2583 3892 2728 3942 vero,
2757 3877 2840 3930 vir
2874 3877 3096 3945 optime,
3143 3888 3353 3944 semper
3376 3888 3492 3943 qua:
3521 3873 3627 3926 Deo
3659 3871 3902 3940 placeant
3943 3869 4021 3922 fac

2480 3953 2697 4035 aliisque
2722 3965 2942 4020 suadeas
2963 3973 3022 4017 ut
3040 3963 3338 4018 benedictio
3367 3963 3460 4016 Dei
3496 3971 3559 4014 -ιε
3585 3961 3780 4028 ubique
3816 3958 4022 4012 comitet

2481 4057 2829 4130 [comitetur],
2861 4065 2915 4112 et
2935 4055 3185 4126 proficias
3213 4057 3264 4109 in
3293 4053 3513 4110 consilio
3542 4053 3727 4108 salutis
3752 4060 3874 4113 tute,
3896 4049 4022 4103 mul—

2484 4157 2761 4214 torumque
2773 4145 3010 4214 profectu
3027 4142 3459 4214 pepulojustitias
3475 4141 3693 4204 faciens,
3709 4138 4019 4209 pauperibus

2480 4233 2922 4296 misericordiam,
2966 4232 3206 4311 ecclesiis
3233 4231 3428 4285 Christi
3455 4231 3730 4290 honorem,
3767 4233 3826 4279 ut
3850 4239 4017 4307 servo-

2480 4336 2602 4376 rum
2626 4321 2720 4375 Dei
2755 4318 3074 4374 intercessio
3102 4302 3307 4374 Domini
3334 4320 3459 4383 Jesu
3505 4316 3794 4381 clementia;
3818 4323 3868 4368 te
3899 4299 4020 4382 quo-

2482 4409 2613 4464 tidie
2639 4411 2991 4473 commendet,
3016 4409 3138 4477 quia
3164 4407 3382 4461 multum
3419 4405 3550 4460 valet
3586 4401 3874 4474 deprecatio
3893 4403 4017 4471 justi

2483 4497 2623 4569 (Jac.
2649 4513 2701 4562 v,
2739 4496 2846 4568 l6),
2879 4504 3076 4565 quanto
3097 4496 3265 4563 magis
3288 4494 3652 4566 plurimorum.

831 4561 991 4656 igitur
1014 4558 1519 4656 charitatismﬁducia
1547 4559 1761 4613 easdem
1789 4561 2026 4616 scribere
2053 4576 2214 4617 ausus
2241 4578 2380 4628 sum,
2408 4597 2458 4656 Β
2492 4558 2502 4569 ’
2554 4558 2758 4640 Ηεώέιο
2783 4558 3072 4654 “nierum
3098 4558 3404 4652 curgm'qui
3439 4591 3560 4637 ante
3583 4582 3776 4636 ostium
3800 4578 4018 4634 οοηνίνίί

830 4650 954 4716 quia
977 4650 1246 4743 humilitas
1265 4649 1562 4743 Christiana
1577 4650 1776 4743 nullum
1802 4663 2054 4743 spernere
2077 4652 2253 4718 debet,
2289 4653 2383 4708 sed
2415 4649 2447 4656 ⁷
2482 4675 2558 4728 mi
2588 4682 2730 4729 sum,
2763 4649 2953 4739 8—0186“
2998 4674 3120 4742 quia
3141 4657 3220 4726 ‘in
3251 4649 3567 4743 ρηιξρετίιηιε
3597 4670 3839 4726 ειη-ίεωε
3865 4668 4019 4722 ςυςςί-

833 4754 1016 4792 omnes
1059 4740 1283 4809 benigne
1332 4741 1601 4808 suscipere
1649 4741 1736 4810 pio
1785 4741 2082 4796 dilectionis
2135 4745 2379 4811 gremio;

834 4842 994 4896 quam
1041 4827 1093 4879 in
1136 4829 1284 4882 vobis
1323 4837 1449 4896 opto
1476 4831 1807 4884 abundanter
1832 4846 1929 4898 per
1972 4829 2227 4900 Spiritum
2262 4847 2385 4886 san-

834 4927 977 4973 ctum
999 4917 1383 4986 splendescere,
1416 4925 1473 4970 ut
1498 4916 1712 4972 ﬂumina
1737 4921 1803 4973 de
1829 4927 2014 4974 ventre
2033 4929 2210 4976 vestro
2237 4936 2386 4989 aqua:

906 5082 931 5108 ι
964 5067 1190 5122 Froben.
1220 5068 1381 5136 epist.
1405 5066 1525 5123 206.

907 5136 1225 5223 ξ’,ξίέοίξςιηίςξ
1245 5135 1328 5223 fi
1346 5135 1564 5223 Titii“?
1593 5143 1858 5223 ςρίεεορίξ·
1908 5145 2016 5223 llos
2050 5151 2252 5218 ωνῖιει·
2273 5155 2387 5223 θρί-

841 5220 1028 5284 scopos
1065 5206 1118 5259 in
1153 5205 1339 5274 Anglia
1362 5205 1674 5274 (inserendas
1700 5205 1879 5266 credo.
1926 5216 1991 5272 Et
2016 5205 2389 5277 revenimeril-

842 5274 919 5326 los
942 5272 1008 5326 ibi
1041 5275 1300 5333 reperisse
1327 5275 1574 5330 existim
1598 5292 1613 5333 :
1641 5278 1779 5332 inter
1803 5283 2078 5333 episcenos
2103 5291 2262 5333 enim-
2297 5294 2386 5333 mi:

844 5289 919 5326 tos
942 5289 1025 5353 un
1041 5289 1300 5394 ιθιέειιςεθ
1327 5289 1574 5357 exisnmo
1598 5292 1613 5340 ;
1641 5289 1779 5359 inter
1803 5289 2078 5354 episcopos
2103 5291 2266 5354 enim,
2297 5294 2387 5361 qui

844 5342 1064 5422 ςοιιειιιο
1118 5341 1531 5422 _loveshoviensi
1579 5360 1702 5422 anni
1733 5347 1837 5402 805
1879 5365 1941 5406 ac
1980 5354 2194 5410 decreto
2229 5360 2390 5414 Athe.

845 5411 975 5464 lardi
1023 5410 1403 5483 archiepiscopi
1448 5416 1906 5483 subscripserunt,
1959 5410 2392 5482 nominatur-lixi-

845 5479 1104 5559 t-lseardus
1125 5493 1218 5532 seu
1237 5478 1591 5559 διὶεςιιριιιξηε
1612 5478 1870 5545 Ealebard
1892 5478 2203 5549 'Elmhamis
2231 5478 2394 5552 eccle-

961 5549 1241 5629 episcopus
1258 5564 1278 5628 ξ
1309 5546 1533 5605 Tidfrith
1557 5552 1799 5610 Damacae
1837 5559 2068 5641 civitatis
2093 5546 2389 5633 episcopus.

919 5616 1072 5686 ditius
1092 5618 1192 5672 loc.
1224 5625 1315 5671 ett.
1345 5630 1465 5686 pag.
1495 5620 1600 5675 167.
1617 5631 1672 5676 et
1697 5624 1812 5686 188,
1837 5629 1927 5681 ubi
1955 5632 2117 5684 etiam
2143 5648 2261 5686 nan.
2294 5633 2389 5686 152

856 5633 1072 5698 wuxins
1092 5633 1192 5672 ioc.
1224 5633 1315 5671 cit.
1345 5633 1465 5686 pag.
1495 5633 1672 5702 101st
1697 5633 1812 5687 ωδ,
1837 5633 1927 5681 ubi
1955 5633 2117 5684 etiam
2143 5648 2261 5702 pag.
2294 5633 2395 5688 152

852 5686 915 5766 ab
937 5684 1050 5766 Qﬂa
1086 5701 1207 5754 rege
1237 5695 1578 5766 recensentur
1596 5701 1732 5766 inter
1754 5697 2028 5766 episcopos
2043 5700 2392 5756 Orientalium

849 5753 1163 5841 h-nglohrum,
1188 5771 1322 5841 quos
1344 5755 1576 5841 ecclesia
1602 5753 1997 5841 Lichefeldensi,
2129 5753 2394 5841 archiepi—

851 5831 1122 5890 scopatum
1153 5841 1182 5878 a
1211 5840 1266 5881 se
1290 5827 1570 5894 erigendte,
1601 5831 1752 5885 subdi
1775 5835 1955 5889 voluit.
1984 5827 1993 5832 ⁷
2037 5838 2039 5845 '

2481 4764 2644 4832 pitur,
2674 4763 2766 4832 qui
2795 4762 3035 4818 dicturus
3061 4771 3140 4816 est
3166 4763 3219 4816 in
3241 4763 3326 4817 die
3346 4761 3530 4828 iudicii
3555 4761 3659 4813 illis
3685 4759 3773 4827 qui
3805 4757 4019 4811 eleemo-

2483 4867 2670 4922 synam
2696 4853 3017 4922 pauperibus
3037 4891 3042 4894 -
3065 4852 3345 4920 diligenter
3383 4851 3583 4905 faciunt
3609 4867 3623 4902 :
3670 4848 3910 4914 Quamdiu
3937 4849 4018 4901 uni

2399 4993 2403 4997 .
2482 4957 2548 4994 ea:
2588 4940 2814 4992 minimis
2852 4939 3061 5008 fecistis,
3105 4939 3231 4993 mihi
3269 4939 3458 5008 fecistis
3496 4938 3706 5010 (Matth.
3749 4952 3872 5002 xxv,
3915 4935 4014 5008 40).

2489 5165 2500 5177 .
2550 5107 2578 5177 ,ε
2611 5095 2761 5177 Lu_ll_o
2794 5097 2974 5177 abbas:
2998 5098 3247 5177 _Decreto
3284 5099 3552 5177 Athelardi
3592 5115 3712 5177 mox
3741 5105 4018 5177 memorato

2487 5167 2627 5220 inter
2651 5167 2868 5220 abbates
2902 5167 2968 5220 ad
2998 5168 3405 5221 Dammacanam
3431 5168 3682 5222 dimcesin
3708 5167 4016 5222 pertinentes

2483 5241 2606 5304 post
2633 5233 2913 5288 'l‘idfritum
2941 5236 3267 5306 episcopum,
3292 5237 3602 5304 subscripsit
3626 5233 3771 5289 Lulla
3796 5236 3878 5289 ab.

2556 5301 2582 5340 δ
2614 5301 2842 5356 Froben.
2866 5304 3020 5356 enist.
3043 5304 3164 5356 207.

2560 5312 2582 5340 α
2614 5312 2842 5356 ια’τοιιθη.
2866 5312 3020 5372 epist.
3043 5312 3164 5356 ειη.

2560 5380 2585 5408 ο
2612 5370 2860 5453 ᾼνιξὸςηρ
2904 5373 3025 5453 piro
3047 5372 3258 5453 illustri.
3308 5373 3364 5426 ln
3391 5371 3577 5453 angli‘a
3598 5414 3612 5437 ,
3632 5373 3779 5453 quod
3802 5373 4014 5453 coniicio

2487 5451 2557 5516 es
2579 5437 2791 5516 nomine
2818 5437 2916 5490 Lit!
2943 5441 3169 5506 abbatis,
3195 5444 3260 5496 de
3279 5456 3384 5510 quo
3403 5443 3456 5495 in
3479 5437 3917 5510 priori‘epistolal
3962 5439 4011 5494 ln

2488 5505 2615 5559 bino
2633 5504 2918 5578 diplomate
2935 5506 3131 5578 ngridi
3161 5510 3302 5578 regis
3329 5509 3641 5578 Merciorum
3669 5511 3791 5563 anni
3817 5509 3914 5567 796
3929 5524 4011 5578 pro

3379 5526 3641 5565 erctorum
3669 5525 3791 5563 30m
3826 5525 3914 5565 Ιδυ
3929 5525 4013 5565 DI'O

2491 5524 2615 5559 nino
2633 5524 2918 5586 ulpiomate
3161 5524 3302 5578 regis
3330 5524 3641 5565 memorum
3669 5525 3791 5563 anni
3820 5524 4009 5578 ⁷18151)πῖ

2491 5583 2812 5646 monasterio
2839 5574 2895 5628 S.
2923 5577 2986 5646 Al
3058 5595 3130 5641 ni,-
3161 5580 3295 5646 apud
3314 5577 3576 5634 Alfortum
3602 5579 3788 5631 Annal.
3814 5587 3920 5641 tom
3955 5578 4009 5637 ll,

2493 5640 2558 5726 ad
2576 5655 2781 5726 ann-um,
2798 5640 3126 5726 p‘razdictum,
3248 5647 3298 5726 5ε
3321 5663 3441 5726 pag.
3469 5648 3590 5726 878,
3618 5640 4011 5726 subscribitqui-

2493 5709 2992 5790 damnﬂcnrﬂbcrtus
3017 5714 3254 5790 dumﬁn
3285 5709 3431 5771 idern
3447 5713 3520 5790 sit
3543 5709 3606 5772 ac
3627 5713 3899 5790 Ardbertus
3924 5709 4012 5790 iste

2492 5778 2838 5860 vinil‘lustris,
2867 5782 3052 5860 majori
3081 5782 3277 5860 indiget
3303 5786 3563 5852 examine,
3593 5785 3730 5855 quod
3757 5799 3786 5836 a
3815 5798 3895 5838 me
3912 5781 4010 5838 aliis

2495 5849 2623 5902 viris
2648 5849 2867 5904 eruditis
2891 5849 3289 5921 relinquendum
3315 5863 3414 5909 est.
