4428 6430
112 494 226 550 493

1544 436 1914 540 EPISTOLE:

3230 478 3327 529 itu

112 607 265 670 Quos
291 601 531 671 sequitur
558 600 642 654 illa
677 597 978 654 lizlicissima
1021 596 1282 650 sententia
1313 609 1472 664 quam
1501 595 1680 650 Domi-
1706 600 1753 655 Α
1781 593 2002 648 lantiunt
2030 593 2194 646 armis
2220 592 2480 645 ullatenus
2513 589 2812 644 immiscere
2833 588 3148 643 consentias.
3193 587 3335 652 Fuge

117 710 223 749 nns
246 693 486 748 dicturus
511 692 612 746 erit
645 691 749 744 illis
777 690 866 758 qui
893 690 945 742 in
979 689 1081 742 hoc
1103 686 1294 740 s:eenlo
1318 683 1502 755 [Forte
1538 684 1676 738 deest

117 782 577 856 erga].pauperes,
619 781 946 850 peregrinos,
992 778 1218 832 miseros
1242 785 1294 830 et
1322 775 1560 829 inﬁrmos
1586 775 1679 828 be-

118 876 278 942 nigne
305 872 563 937 fecerunt,
593 870 851 926 dicentis:
888 867 1080 934 Venite,
1103 866 1348 921 benedicti
1363 866 1537 919 Patris
1558 867 1676 928 mei,

117 962 364 1032 percipite
411 978 622 1031 regnum
658 959 797 1030 quod
834 959 973 1014 vobis
999 968 1240 1028 paratum
1283 967 1357 1012 est
1394 957 1458 1012 ab
1486 957 1681 1026 origine

119 1051 305 1103 mundi
331 1049 542 1120 (Matth.
574 1064 700 1113 xxv,
727 1047 837 1118 54).

192 1137 370 1191 Nostri
409 1137 638 1192 nominis
682 1137 992 1190 memoriam
1036 1150 1134 1204 per
1175 1135 1428 1189 ecclesias
1465 1134 1682 1190 ditionis

118 1235 331 1289 vestrm,
360 1226 634 1295 deprecor,
662 1224 766 1279 illis
785 1232 844 1278 ut
860 1224 1092 1293 jubcatis
1120 1223 1254 1278 ﬁeri.
1284 1223 1500 1277 Gaudeo
1524 1222 1683 1291 siqui-

119 1315 244 1368 dem
273 1315 343 1369 de
384 1315 535 1369 vobis
558 1327 770 1381 semper
801 1312 1019 1366 meliora
1053 1312 1259 1374 audire,
1289 1310 1464 1365 sciens
1490 1309 1683 1363 multo-

123 1419 242 1458 rum
276 1418 398 1458 esse
441 1403 848 1472 prosperitatem
895 1409 996 1454 tua:
1039 1400 1291 1455 bonitatis
1334 1400 1581 1468 pietatem
1628 1399 1680 1450 in

122 1495 350 1550 servitio
378 1494 610 1549 Christi.

187 1583 352 1637 Plura
379 1583 638 1652 siquidem
677 1581 1007 1650 scripsissem
1052 1579 1294 1649 dignitati
1333 1587 1454 1640 tuae,
1483 1577 1527 1631 si
1564 1577 1683 1630 talis

112 1671 360 1740 cognitio
389 1671 528 1725 inter
552 1685 650 1725 nos
695 1678 855 1732 esset,
883 1676 943 1722 ut
979 1666 1440 1737 praesumptiosum
1473 1680 1576 1718 non
1607 1664 1683 1716 vi-

119 1763 362 1825 deretur,
403 1775 488 1814 me
515 1759 691 1814 subito
713 1767 905 1812 vestrae
936 1757 1262 1812 excellentia:
1284 1758 1544 1825 ingerere.
1579 1755 1683 1810 Sed

115 1851 263 1919 quod
288 1864 412 1904 cum
445 1848 648 1904 Christi
671 1848 936 1902 charitate
979 1847 1192 1914 scripsi,
1232 1845 1456 1900 obsecro
1490 1853 1550 1897 ut
1586 1843 1684 1897 hu-

1779 685 1846 739 ad
1872 683 2166 767 Ch‘istum,
2203 681 2386 750 jacens
2413 689 2536 734 ante
2563 695 2686 734 eum
2724 678 2925 732 clama:
2976 676 3332 731 Misericordia

1781 787 1895 825 mea
1919 765 1986 826 cf
1995 771 2254 840 refugium
2285 785 2462 823 meum
2487 785 2500 832 ;
2533 777 2810 836 susceptor
2833 781 2982 822 meus
3003 775 3058 838 et
3085 765 3335 819 liberatur

1779 874 1968 922 mens,
2018 858 2069 910 in
2119 860 2232 925 ipso
2259 857 2492 927 speravit
2518 870 2612 910 cor
2656 870 2855 910 meum.
2904 854 3088 910 Valete
3114 854 3336 908 inomni

1779 948 2152 1015 prosperitate.

2202 1052 2205 1054 ’
2233 1067 2251 1092 ³
2276 1053 2602 1110 EPISTOLA
2649 1055 2848 1111 CCXX.

2293 1145 2314 1183 τ
2343 1162 2410 1200 an
2443 1162 2794 1200 nexsntcrun.

1783 1261 2068 1326 Quemdant
2106 1266 2342 1334 fratrem,
2388 1279 2537 1334 quem
2566 1262 2916 1334 ﬁliumsuum
2945 1270 3121 1323 vocat,
3168 1263 3323 1334 chari-

1849 1335 1976 1395 tati;
2024 1350 2079 1387 se
2103 1330 2218 1388 vero
2256 1333 2310 1384 in
2336 1330 2515 1385 satruli
2540 1331 2779 1399 ﬂuctibus
2811 1330 3066 1398 jactatum
3107 1332 3338 1399 precibu-

1847 1401 1986 1454 illius
2022 1401 2364 1456 commendat.
2415 1399 2515 1452 Pro
2540 1398 2709 1452 herbis
2730 1398 3121 1452 medicinalibus
3143 1403 3336 1468 gratius

1847 1470 2024 1538 refert,
2063 1481 2168 1526 etc.

1847 1579 2134 1636 Benedicto
2156 1579 2321 1644 Patri,
2356 1580 2556 1632 utinam
2597 1580 2649 1631 in
2671 1577 2887 1632 Christo
2914 1577 3192 1651 benedicto
3219 1592 3336 1646 per

1780 1679 1994 1737 petitam
2015 1670 2262 1724 salutem.

1853 1759 2014 1813 Valde
2040 1760 2170 1814 milii
2213 1759 2384 1829 placet
2413 1759 2759 1821 ﬁdesvestra:
2800 1757 3098 1812 devotionis
3125 1765 3179 1810 et
3214 1757 3340 1810 clla--

1781 1849 1958 1904 ritatis
1986 1849 2037 1902 in
2081 1847 2298 1902 fratrem
2339 1855 2572 1901 vestrum
2615 1855 2669 1899 et
2701 1847 2867 1901 ﬁlium
2913 1853 3170 1908 nostrum,
3215 1845 3338 1913 quia

113 1939 320 1992 mihi"
342 1937 517 2008 ιθεθνθ
537 1937 804 2006 digneris;
834 1950 954 1989 nam
983 1935 1142 2004 272
1167 1949 1400 2002 Immens
1420 1932 1576 2000 huius
1603 1934 1686 1986 iﬂ-
1716 1920 1759 1981 Β
1783 1938 1988 1993 amicus
2010 1938 2062 1992 in
2089 1939 2405 1992 necessitate
2430 1937 2826 2005 comprobatur,
2866 1950 2972 2004 quo
3004 1935 3234 1988 maxime
3277 1936 3342 1988 de.

116 2027 281 2081 diculi
318 2027 548 2095 portitor
567 2036 591 2065 ι
625 2023 741 2089 Lul,
784 2023 1100 2078 venerabilis
1125 2023 1311 2088 abbas,
1339 2030 1568 2076 vestram
1595 2036 1681 2075 so-

115 2117 263 2171 lebat
301 2113 440 2184 apud
482 2129 568 2168 me
600 2113 819 2167 laudare
851 2112 1182 2175 bonitatem;
1230 2125 1292 2188 ea
1339 2110 1530 2164 ﬁducia
1579 2111 1680 2165 bas

114 2207 282 2258 etiam
310 2204 518 2257 litteras
542 2202 870 2269 scripsimus,
893 2215 1052 2269 quem
1075 2199 1300 2268 benigne
1326 2199 1380 2252 in
1406 2198 1517 2252 suis
1555 2211 1680 2250 cau-

114 2296 191 2348 sis
229 2301 288 2348 ut
312 2293 611 2362 suscipiatis
634 2291 982 2360 deprecamur
1003 2289 1094 2342 tali
1121 2288 1316 2357 pietate
1337 2285 1486 2358 [Ms.,
1513 2286 1680 2355 pieta-

117 2384 232 2456 tis],
262 2383 476 2453 qualem
503 2383 656 2436 nobis
680 2383 746 2436 de
767 2381 915 2435 vobis
944 2379 1144 2434 referre
1169 2379 1388 2434 solebat.

187 2475 327 2544 Opto
363 2482 420 2526 ut
459 2471 684 2527 feliciter
717 2473 952 2540 longaeva
981 2471 1333 2539 prosperitate
1377 2470 1429 2523 in
1460 2469 1559 2524 hoc
1583 2484 1680 2523 sm-

116 2565 247 2618 eulo
264 2564 432 2626 vivas,
477 2569 531 2616 et
553 2569 677 2630 post
725 2559 882 2627 hujus
921 2560 1044 2613 vita:
1087 2559 1395 2622 terminum,
1437 2557 1546 2613 Deo
1588 2559 1679 2612 do-

117 2660 302 2715 nante,
339 2651 407 2704 ad
452 2658 720 2719 perpetua:
759 2647 1102 2703 beatitudinis
1147 2663 1369 2716 regnum
1405 2648 1681 2716 pervenire

114 2739 398 2804 merearis,
427 2739 512 2791 vir
537 2738 862 2792 nobilissime
891 2737 1151 2805 nobisque
1171 2736 1537 2790 amantissime
1561 2737 1573 2788 !

584 2826 612 2865 ιδ
639 2825 968 2880 EPISTOLA
1005 2824 1230 2880 CCXIX.

512 2933 578 2972 Δυ
605 2932 950 2972 ιευτςιιευωι
980 2932 1280 2972 EPISCOI’UI.

465 3006 683 3062 Solatur
708 3006 854 3060 illum
892 3009 946 3060 in
982 3008 1330 3062 tribulatione.

188 3095 540 3151 Sauctissimo
567 3095 714 3150 Patri
740 3104 794 3150 et
817 3083 1183 3152 amantissimo
1207 3097 1314 3152 ﬁlio
1342 3108 1365 3136 ε
1397 3098 1683 3154 Leutfredo

116 3187 368 3256 episcopo
389 3184 612 3238 Albinus
639 3185 886 3240 salutem.

1782 2029 1882 2082 hac
1920 2029 2028 2082 vita
2058 2028 2284 2096 quisque
2327 2027 2591 2081 transiens
2618 2027 2853 2095 indiget,
2897 2032 2957 2078 ut
3002 2024 3230 2078 fraterna
3261 2025 3340 2076 iu-

1781 2118 2105 2172 tercessione
2125 2118 2318 2187 judicis
2354 2117 2435 2170 sui
2465 2115 2652 2171 faciem
2685 2117 2861 2170 videat
2888 2113 3219 2171 clementem.
3260 2115 3338 2168 Tu

1780 2207 1951 2272 illum,
1973 2216 2229 2275 quantum
2257 2206 2456 2269 valeas,
2472 2207 2650 2259 verbis
2671 2205 2946 2259 consolare
2969 2211 3023 2258 et
3050 2204 3222 2268 factis,
3248 2207 3339 2258 do-

1779 2311 1878 2351 nec
1900 2297 2080 2350 videas
2102 2296 2228 2365 quid
2256 2296 2320 2349 de
2342 2295 2432 2348 illo
2455 2293 2616 2347 faciat
2653 2294 2811 2348 Deus.

1847 2387 2007 2457 273
2040 2387 2121 2441 lle
2157 2401 2284 2441 vero
2320 2385 2496 2441 smeuli
2537 2385 2728 2439 ﬂuctus
2758 2385 2982 2439 diversis
3016 2385 3181 2453 agitat
3219 2398 3335 2437 mo-

1780 2481 1952 2544 tibus;
1998 2488 2052 2533 tu
2081 2494 2208 2532 vero
2235 2494 2356 2532 cum
2387 2477 2639 2530 fratribus
2668 2477 2793 2538 tuis,
2829 2477 2969 2529 sicut
3009 2475 3296 2543 promisisti
3321 2515 3335 2533 .

1779 2567 2111 2621 orationibus
2137 2566 2390 2633 adjuvare
2418 2580 2522 2618 non
2552 2578 2720 2625 cessa,
2746 2577 2812 2615 ne
2833 2561 3114 2630 cujuslibet
3136 2562 3339 2630 cupidi-

1780 2655 1906 2707 tatis
1929 2653 2011 2708 vel
2036 2653 2241 2721 peccati
2278 2667 2363 2705 me
2395 2666 2592 2719 vorago
2621 2652 2960 2716 submergat;
2992 2663 3179 2701 causas
3212 2663 3338 2702 vero

1779 2751 1832 2796 et
1859 2743 2090 2797 rationes
2117 2742 2274 2810 hujus
2299 2741 2403 2795 mei
2429 2748 2651 2795 eventus
2679 2739 2774 2793 tibi
2799 2739 2918 2791 viva
2947 2754 3098 2801 voce,
3128 2738 3338 2790 volente

1779 2832 1908 2895 Deo,
1937 2833 2186 2900 pandam,
2217 2839 2270 2885 et
2294 2831 2433 2899 quod
2465 2830 2641 2899 petisti
2669 2829 2862 2883 faciam
2897 2829 3224 2897 temporibus
3246 2842 3338 2895 op-

1778 2922 2040 2986 portunis.
2093 2920 2312 2988 Semper
2359 2934 2491 2973 mese
2531 2919 2808 2987 parvitatis
2843 2919 3106 2972 litterulas
3147 2927 3336 2972 vestrae.

1779 3009 2007 3078 dirigere
2042 3009 2291 3063 charitati
2335 3009 2607 3082 recordor,
2652 3017 2964 3078 vestrasque
3003 3014 3184 3062 mutua
3222 3009 3337 3062 vice

1779 3100 2017 3166 accipere
2046 3100 2330 3166 deprecor;
2363 3098 2586 3152 obsecro
2617 3107 2674 3152 ut
2699 3097 3014 3151 ﬁducialiter
3059 3099 3188 3152 mihi
3228 3107 3337 3151 stn-

1779 3190 1906 3245 deas
1932 3189 1996 3244 de
2040 3190 2231 3243 vestris
2272 3187 2597 3258 profe:tibus
2621 3189 2701 3242 vel
2733 3190 3175 3258 prosperitatibus
3215 3191 3338 3244 inti-

191 3277 332 3330 νει-ε
361 3273 530 3328 fateor
572 3275 712 3342 quod
742 3275 1011 3330 tribulatio
1060 3285 1151 3331 tua
1196 3287 1405 3347 torquet
1446 3275 1683 3334 animum
1709 3269 1756 3331 C
1786 3293 1950 3333 mare.

121 3378 298 3418 meum
322 3403 339 3429 ,
368 3365 494 3418 dum
520 3364 676 3418 audio
699 3370 751 3416 te
774 3364 829 3416 in
867 3364 1101 3432 periculo
1125 3380 1243 3421 esse
1267 3376 1546 3433 statutum,
1583 3385 1681 3424 nec

118 3452 281 3508 cilicii
307 3453 384 3506 tui
404 3451 622 3520 implere
641 3466 797 3521 posse
817 3454 1193 3519 ministerium,
1216 3457 1311 3511 sed
1334 3457 1556 3513 bellator
1582 3459 1684 3528 spi-

123 3540 315 3603 ritalis,
355 3539 578 3594 bellator
609 3541 816 3608 cogitur
849 3553 968 3594 esse
1009 3542 1256 3611 carnalis.
1307 3544 1507 3599 Tamen
1532 3562 1679 3616 Spem

122 3628 319 3683 habeto
345 3628 401 3682 in
425 3629 554 3701 Deo,
603 3637 657 3683 et
685 3629 960 3698 consolare
1004 3624 1229 3700 teipsum
1262 3633 1315 3686 in
1355 3633 1450 3689 Dei
1473 3636 1682 3691 miseri-

122 3718 325 3782 cordia,
373 3731 594 3787 sperans
619 3717 673 3770 in
699 3718 838 3772 illius
875 3728 1182 3788 perpetuam
1210 3719 1520 3788 bonitatem,
1561 3739 1680 3793 qua:

122 3820 396 3874 nunquam
426 3805 624 3860 deserit
663 3815 936 3874 sperantes
982 3808 1036 3860 in
1073 3823 1149 3862 se.
1196 3809 1491 3864 Tribulatio
1521 3827 1682 3881 super

123 3895 524 3968 tribulationem
551 3894 825 3960 incumbit,
864 3896 987 3965 quia
1014 3906 1293 3965 peccatum
1315 3914 1472 3970 super
1493 3915 1680 3970 pecca-

125 3995 239 4039 tum
267 3986 542 4040 accrescit.
592 3983 730 4051 Quid
767 3999 892 4040 vero
933 3985 1032 4057 [in]
1063 3999 1126 4039 ea
1153 3987 1490 4054 tribulatione
1519 4005 1679 4059 quam

123 4077 327 4145 pateris
354 4076 615 4145 agendum
657 4077 748 4143 sit,
787 4076 815 4116 ἀ
845 4079 1132 4133 Benedicto
1159 4079 1311 4134 fratri
1357 4082 1506 4143 dixi;
1553 4084 1679 4153 quid

122 4181 252 4220 vero
271 4164 337 4218 de
364 4179 448 4218 me
477 4173 654 4218 actum
679 4165 769 4232 sit,
799 4165 976 4219 omnia
1002 4165 1252 4220 charitati
1282 4176 1384 4222 tua:
1395 4169 1484 4223 ille
1503 4179 1681 4225 osten-

124 4255 252 4308 dere
278 4252 493 4322 poterit.

193 4343 559 4412 Deprecemini
590 4343 683 4399 Dei
709 4345 1044 4400 clementiam
1069 4362 1228 4418 super
1255 4363 1370 4413 nos,
1401 4356 1462 4402 ut
1487 4349 1680 4420 dirigat

122 4433 238 4486 vias
283 4440 528 4499 nostras,
571 4434 710 4502 quod
737 4449 844 4488 sua:
869 4436 1019 4490 bona:
1059 4436 1317 4490 voluntati
1355 4435 1588 4505 placeat,
1625 4444 1680 4490 et

125 4523 279 4578 nobis
313 4524 381 4577 ad
408 4533 713 4592 perpetuam
753 4525 998 4593 proﬁciat
1041 4527 1284 4580 salutem.
1332 4526 1439 4581 Nec
1478 4535 1530 4580 te
1568 4527 1678 4581 bel-

153 4659 174 4776 "
211 4653 340 4776 1ἐιιί
361 4655 656 4708 venerabilis
679 4656 854 4709 abbas.
876 4656 992 4710 Vid.
1018 4664 1172 4710 notas
1199 4657 1542 4724 praecedentis
1566 4662 1675 4725 epi-

174 4739 209 4776 ο
283 4762 296 4774 .

125 4733 296 4778 σιοιω.

199 4794 225 4833 b
256 4791 482 4860 Froben.
507 4793 659 4860 epist.
690 4791 812 4847 208.

197 4873 220 4899 ο
252 4859 526 4932 Leutfredo
543 4859 815 4932 episcopo.
832 4859 1110 4932 Leidrado,
1131 4862 1226 4917 abs
1249 4863 1406 4917 dubio
1428 4863 1674 4932 episcopo

126 4929 462 5000 Lugdunensi
489 4946 513 5000 ;_
548 4931 696 4983 varie
733 4929 1004 5000 enimboc
1046 4946 1236 5000 nomen
1264 4946 1294 4984 a
1324 4929 1675 5000 scriptoribus

125 4996 398 5065 veteribus
447 4998 621 5065 minus
655 4999 933 5065 accuratis
975 4999 1326 5065 exprimitur;
1377 4996 1672 5055 Ldedredue

127 5063 431 5138 vocatur-in
453 5064 628 5138 epist._
643 5063 698 5129 2,
729 5063 1016 5119 Liobradtts
1038 5063 1096 5119 et
1123 5066 1413 5125 Liodradus
1441 5068 1496 5123 in
1515 5069 1671 5138 epist.

126 5134 217 5198 89,
244 5132 371 5195 alibi
401 5131 711 5186 Laidradtts.

193 5201 220 5240 ά
251 5200 526 5282 Benedicto
562 5201 741 5282 fratri.
787 5199 978 5254 Abbati
1019 5200 1303 5282 bnoianensi
1324 5243 1338 5266 ,
1375 5203 1443 5282 de
1485 5217 1590 5282 quo
1619 5204 1670 5269 ip

128 5269 467 5338 sequentibus
491 5269 726 5337 epistolis
751 5284 768 5332 ;
820 5283 850 5321 a
887 5285 994 5337 quo
1018 5270 1308 5325 Laidradus
1340 5269 1526 5338 viginti
1553 5287 1670 5326 mo-

129 5337 329 5391 nachos
355 5340 558 5404 accepit
579 5353 676 5405 pro
714 5339 1035 5393 monasterio
1061 5339 1248 5394 Insula:
1274 5337 1520 5394 Barbara:
1541 5355 1570 5392 a
1613 5355 1672 5395 se

130 5406 378 5479 fundato,
420 5413 481 5458 ut
519 5413 754 5479 testatur
778 5405 920 5460 Ardo
953 5407 1414 5479 seu‘Smaragdns
1445 5409 1503 5479 in
1553 5409 1670 5479 Vita

130 5472 364 5543 ejusdem
391 5473 557 5526 sancti
582 5474 808 5538 abbatis.
840 5490 988 5529 num.
1023 5473 1091 5529 56
1137 5472 1304 5543 apud'
1319 5476 1517 5532 Mabill.
1547 5477 1665 5532 Act.

131 5540 228 5599 SS.
251 5555 380 5613 sese.
412 5556 484 5606 tv,
515 5549 654 5613 part.
676 5557 718 5613 ι,
741 5556 862 5613 pag.
886 5543 1010 5600 205.
1171 5540 1188 5543 “
1477 5607 1482 5612 ,

201 5621 226 5649 ο
251 5608 461 5664 Froben
487 5608 640 5666 epist.
668 5608 794 5666 209.

201 5678 220 5717 ί
251 5678 332 5731 Ad
356 5677 981 5740 Benedictumdbbatem
1001 5680 1372 5741 Anianensem,
1387 5680 1527 5735 fama
1547 5697 1666 5735 san-

131 5748 329 5819 ctitatis
349 5761 412 5800 ac
437 5748 692 5819 doctrina:
715 5756 872 5819 atque
895 5751 1152 5805 restituta:
1175 5751 1465 5819 disciplinae
1485 5765 1666 5804 mona-

135 5814 636 5871 stico-Benedictinte
680 5814 1099 5883 celeberrimum,
1145 5814 1370 5888 quocum
1416 5819 1665 5874 Alcuinus

1852 3369 2056 3423 llerbas
2091 3370 2432 3424 medicinalcs
2454 3385 2587 3438 quas
2617 3371 2876 3434 direxisti,
2901 3372 3129 3441 gratanti
3161 3373 3338 3424 animo

1781 3460 1981 3528 accepi,
2019 3468 2073 3513 et
2098 3461 2234 3514 sicut
2263 3461 2524 3528 corporali
2553 3476 2638 3514 me
2671 3463 2899 3516 sanitate
2925 3464 3206 3531 providere
3245 3478 3336 3516 cu—

1782 3548 1928 3611 rasti,
1968 3549 2042 3601 ita
2069 3559 2172 3603 tute
2211 3536 2433 3618 spiritali
2481 3549 2638 3602 saluti
2671 3551 2931 3618 provideri
2962 3566 3171 3620 semper
3199 3552 3338 3606 desi-

1781 3639 1928 3702 dero,
1958 3647 2150 3706 optans
2191 3646 2243 3693 te
2282 3639 2334 3691 in
2362 3653 2424 3691 eo
2463 3647 2678 3692 strenue
2720 3638 2975 3706 perlicere
3013 3655 3172 3708 opere
3196 3643 3336 3710 quod

1779 3729 2009 3795 coepisti,
2035 3736 2090 3781 et
2143 3731 2169 3767 ε
2193 3743 2406 3798 gregem
2434 3729 2732 3794 gubernare
2756 3729 2983 3782 ﬁdeliter
3007 3745 3164 3798 quem
3204 3745 3335 3782 eon—

1780 3816 2032 3886 gregasti.
2070 3815 2378 3870 Nullatcnus
2407 3816 2644 3885 fatigeris
2677 3817 2756 3871 vel
2780 3818 3157 3884 cogitatimnun
3196 3819 3336 3872 desi-

1777 3904 1882 3968 dia,
1915 3905 1997 3959 vel
2024 3906 2091 3960 ab
2114 3906 2412 3973 aliquorum
2439 3906 2776 3973 negligentia.
2808 3907 2904 3971 Qui
2935 3907 3054 3975 plus
3088 3907 3328 3974 laborat,

1778 3993 1896 4061 plus
1922 3993 2182 4064 mercedis
2206 3993 2450 4060 accipiat.
2481 3993 2700 4046 Multum
2730 4002 2779 4047 te
2806 3995 2906 4047 isto
2927 4009 3066 4048 anno
3087 3999 3329 4063 pmsenti

1777 4084 1958 4136 videre
1986 4081 2248 4145 desidero,
2276 4082 2319 4135 si
2351 4081 2464 4136 ﬁeri
2491 4091 2683 4150 potest,
2715 4084 2837 4151 quia
2868 4083 3201 4138 familiaritas
3229 4087 3328 4139 lm-

1778 4172 2018 4226 militatis
2064 4183 2257 4227 vestra:
2300 4172 2525 4226 multum
2594 4174 2773 4226 animo
2823 4190 2942 4228 meo
2985 4177 3327 4244 complacuit.

1779 4260 2076 4330 Aiqualitas
2100 4263 2396 4316 animorum
2424 4263 2755 4317 dulcedinem
2779 4279 3033 4332 generare
3051 4267 3183 4320 solet
3203 4268 3329 4323 dile-

1777 4352 1985 4416 ctionis,
2016 4361 2070 4406 et
2095 4352 2136 4407 si
2166 4353 2395 4421 disparia
2419 4355 2524 4407 sint
2552 4367 2770 4422 operum
2798 4356 3010 4418 merita,
3037 4366 3210 4411 tamen
3235 4375 3330 4426 par

1777 4451 1953 4508 potest
1978 4458 2096 4497 esse
2121 4444 2442 4498 desiderium
2469 4444 2682 4508 salutis;
2731 4461 2853 4498 nam
2900 4446 3140 4500 inﬁrmus
3177 4462 3326 4504 suam

1761 4531 2043 4586 desiderat
2068 4533 2369 4597 sanitatem,
2399 4534 2536 4588 sicut
2560 4543 2613 4588 et
2636 4535 2893 4598 medicus,
2919 4534 3040 4589 licet
3063 4535 3148 4590 ille
3164 4552 3327 4604 a'gro—

1703 4593 1756 4654 υ

1779 4662 1938 4714 multa
1967 4670 2022 4716 et
2047 4661 2292 4715 familiari
2322 4678 2449 4717 usus
2473 4672 2553 4716 est
2578 4666 2828 4719 amicitia.
2861 4684 2878 4714 ι
2904 4665 2952 4719 ls
2977 4666 3116 4718 enim
3147 4669 3322 4722 audita

1770 4738 2096 4811 espertaque
2125 4733 2222 4784 viri
2263 4733 2353 4810 [lci
2401 4735 2697 4811 sanctitatis
2745 4733 2906 4811 fama,
2954 4735 3236 4811 inviolalrili
3269 4755 3326 4811 se

1774 4799 1846 4850 illi
1877 4799 2133 4870 charitatc
2181 4799 2474 4868 conjunxit,
2509 4802 2580 4854 ita
2628 4811 2685 4854 ut
2729 4817 2791 4854 ex
2821 4804 2932 4856 suis
2983 4805 3220 4870 epistulis
3271 4808 3317 4859 ei

1772 4882 1914 4939 surpe
1945 4867 2180 4939 directis,
2230 4871 2526 4939 aggreg’atis
2556 4872 2605 4923 in
2637 4887 2818 4935 unum,
2863 4867 3321 4927 unus'mnlicere-

1773 4943 1859 5008 tur
1887 4937 2114 5008 libellus,
2149 4959 2167 4990 ι
2203 4937 2510 4992 υιὼειιιιιιι·
2557 4940 2699 4994 Ardo
2731 4940 3179 5008 seuIStnaragdus
3217 4942 3316 4994 loc.

1772 5005 1862 5058 cit.
1895 5005 2186 5060 Dolendum
2221 5021 2348 5060 vero
2391 5008 2675 5074 maximam
2699 5005 3172 5074 epistolarum'hie
3209 5025 3320 5063 me-

1772 5081 2098 5127 moratarum
2125 5082 2332 5140 partem
2363 5073 2716 5137 intercidisse,
2740 5073 2847 5129 nec
2874 5075 2975 5129 nisi
3003 5077 3134 5131 duas
3162 5078 3320 5134 hasce

1772 5141 1826 5193 in
1851 5141 1970 5210 cod.
2006 5141 2288 5195 Harleiano
2319 5150 2559 5210 repertas
2585 5157 2891 5210 superesse.

1842 5209 1870 5286 ξ
1895 5207 2108 5286 Gregem
2139 5225 2288 5286 quem
2313 5207 2666 5286 congregafti.‘
2682 5211 2741 5286 in
2763 5214 3090 5286 monasterio
3116 5214 3318 5286 scilicet

1769 5273 2079 5350 Anianensi,
2127 5273 2270 5350 quod
2299 5273 2517 5350 sanctus
2552 5280 2864 5350 BenediCtus
2889 5281 3318 5350 suisimpendiis

1769 5292 2079 5356 antanenSI,
2127 5292 2270 5400 (Enna
2299 5292 2514 5334 sanctus
2552 5292 2864 5358 Benedictus
2889 5295 3001 5334 suis
3035 5292 3314 5350 impendiis

1769 5352 2048 5424 cruentavit;
2087 5363 2105 5396 ι
2211 5349 2538 5424 monasterio
2558 5348 2818 5424 siquidem
2855 5349 3314 5424 sanetiSequani,

1770 5413 1856 5464 ubi
1879 5414 2060 5482 capitis
2102 5431 2304 5467 comam
2329 5414 2578 5482 deposuit,
2609 5413 2658 5469 et
2685 5417 2788 5468 veri
2814 5419 3052 5471 monachi
3085 5413 3315 5475 habitam

1768 5483 2005 5554 sumpsit,
2039 5497 2306 5554 egressus,
2336 5492 2614 5554 postquam
2643 5486 3038 5554 annos‘aliquot
3077 5489 3130 5540 in
3159 5489 3310 5550 cella,

1766 5564 1930 5620 prope
1952 5549 2213 5620 Anianum
2238 5549 2529 5616 exstructa,
2558 5553 2690 5606 vixit
2715 5569 2836 5609 cum
2865 5549 3135 5620 discipulis
3171 5549 3310 5620 suis,

1766 5618 1964 5696 grande
2005 5619 2327 5696 crenobium,
2377 5623 2632 5696 Anionem
2667 5623 2891 5696 dictum,
2932 5618 3230 5696 aediﬁcavit.
3259 5618 3313 5683 et

1767 5684 2443 5761 basilicaniﬁalvatorisfac
2469 5692 2636 5746 beata:
2667 5691 2844 5745 Mariae
2883 5694 3174 5761 nuncupari
3197 5684 3312 5761 jus—

1767 5755 1862 5829 sit.
1887 5774 1904 5803 ι
1955 5753 2284 5829 Mabillonius
2313 5759 2591 5814 Observat.
2643 5776 2803 5829 [ιι-ων.
2837 5761 2889 5814 in
2931 5759 3029 5813 Vit.
3063 5753 3132 5816 'S.
3179 5753 3307 5820 Ben.

1765 5822 1952 5873 Animi.
1981 5839 2125 5876 num.
2155 5825 2206 5878 4.
