  <div class='ocr_page' id='page_1' title='image "/cluster/home/n/w/nwhite01/storage/ocr_20150623/99-100/uc1.31175006946845/895.png"; bbox 0 0 4428 6410; ppageno 0'>
   <div class='ocr_carea' id='block_1_1' title="bbox 904 535 1010 590">
    <p class='ocr_par' dir='ltr' id='par_1_1' title="bbox 904 535 1010 590">
     <span class='ocr_line' id='line_1_1' title="bbox 904 535 1010 590; baseline 0 0"><span class='ocrx_word' id='word_1_1' title='bbox 904 535 1010 590; x_wconf 68' lang='grc'><strong>495</strong></span> 
     </span>
    </p>
   </div>
   <div class='ocr_carea' id='block_1_2' title="bbox 1752 503 3266 613">
    <p class='ocr_par' dir='ltr' id='par_1_2' title="bbox 1752 503 3266 613">
     <span class='ocr_line' id='line_1_2' title="bbox 1752 503 3266 613; baseline -0.007 -30"><span class='ocrx_word' id='word_1_2' title='bbox 1752 526 1811 583; x_wconf 83' lang='lat' dir='ltr'><strong>n.</strong></span> <span class='ocrx_word' id='word_1_3' title='bbox 1859 528 1921 582; x_wconf 69' lang='grc' dir='ltr'><strong>ιτ.</strong></span> <span class='ocrx_word' id='word_1_4' title='bbox 1960 524 2184 605; x_wconf 57' lang='lat' dir='ltr'><strong>sum</strong></span> <span class='ocrx_word' id='word_1_5' title='bbox 2221 521 2352 581; x_wconf 73' lang='lat' dir='ltr'><strong>seu</strong></span> <span class='ocrx_word' id='word_1_6' title='bbox 2389 503 2662 613; x_wconf 65' lang='lat' dir='ltr'><strong>statim</strong></span> <span class='ocrx_word' id='word_1_7' title='bbox 2700 517 2979 577; x_wconf 76' lang='lat' dir='ltr'><strong>OPERUM</strong></span> <span class='ocrx_word' id='word_1_8' title='bbox 3018 518 3195 574; x_wconf 66' lang='lat' dir='ltr'><strong>rans</strong></span> <span class='ocrx_word' id='word_1_9' title='bbox 3227 516 3266 573; x_wconf 77' lang='grc' dir='ltr'><strong>ι</strong></span> 
     </span>
    </p>
   </div>
   <div class='ocr_carea' id='block_1_3' title="bbox 4018 518 4115 573">
    <p class='ocr_par' dir='ltr' id='par_1_3' title="bbox 4018 518 4115 573">
     <span class='ocr_line' id='line_1_3' title="bbox 4018 518 4115 573; baseline 0.021 -2"><span class='ocrx_word' id='word_1_10' title='bbox 4018 518 4115 573; x_wconf 73' lang='grc' dir='ltr'>ωε</span> 
     </span>
    </p>
   </div>
   <div class='ocr_carea' id='block_1_4' title="bbox 908 618 4118 713">
    <p class='ocr_par' dir='ltr' id='par_1_4' title="bbox 908 618 4118 713">
     <span class='ocr_line' id='line_1_4' title="bbox 908 618 4118 713; baseline -0.005 -14"><span class='ocrx_word' id='word_1_11' title='bbox 908 646 1202 713; x_wconf 80' lang='lat' dir='ltr'><strong>tusiaceat,</strong></span> <span class='ocrx_word' id='word_1_12' title='bbox 1228 651 1282 697; x_wconf 86' lang='lat' dir='ltr'><strong>et</strong></span> <span class='ocrx_word' id='word_1_13' title='bbox 1301 642 1401 697; x_wconf 83' lang='lat' dir='ltr'><strong>iste</strong></span> <span class='ocrx_word' id='word_1_14' title='bbox 1425 655 1555 696; x_wconf 88' lang='lat' dir='ltr'><strong>sano</strong></span> <span class='ocrx_word' id='word_1_15' title='bbox 1580 640 1749 710; x_wconf 83' lang='lat' dir='ltr'><strong>vigeat</strong></span> <span class='ocrx_word' id='word_1_16' title='bbox 1772 654 2014 710; x_wconf 90' lang='lat' dir='ltr'><strong>corpore.</strong></span> <span class='ocrx_word' id='word_1_17' title='bbox 2038 638 2206 693; x_wconf 83' lang='lat' dir='ltr'><strong>Tuam</strong></span> <span class='ocrx_word' id='word_1_18' title='bbox 2226 618 2462 707; x_wconf 85' lang='lat' dir='ltr'><strong>paterni—</strong></span> <span class='ocrx_word' id='word_1_19' title='bbox 2495 640 2538 697; x_wconf 78' lang='grc' dir='ltr'><strong>Α</strong></span> <span class='ocrx_word' id='word_1_20' title='bbox 2566 630 2769 687; x_wconf 91' lang='lat' dir='ltr'><strong>idcirco</strong></span> <span class='ocrx_word' id='word_1_21' title='bbox 2815 624 3104 684; x_wconf 74' lang='lat' dir='ltr'><strong>studiosius</strong></span> <span class='ocrx_word' id='word_1_22' title='bbox 3157 642 3331 682; x_wconf 89' lang='lat' dir='ltr'><strong>meam</strong></span> <span class='ocrx_word' id='word_1_23' title='bbox 3366 626 3528 697; x_wconf 66' lang='lat'><strong>279</strong></span> <span class='ocrx_word' id='word_1_24' title='bbox 3555 627 3867 696; x_wconf 71' lang='lat' dir='ltr'><strong>parvitatem</strong></span> <span class='ocrx_word' id='word_1_25' title='bbox 3924 630 4118 682; x_wconf 85' lang='lat' dir='ltr'><strong>sanctis</strong></span> 
     </span>
    </p>
   </div>
   <div class='ocr_carea' id='block_1_5' title="bbox 910 726 2466 809">
    <p class='ocr_par' dir='ltr' id='par_1_5' title="bbox 910 726 2466 809">
     <span class='ocr_line' id='line_1_5' title="bbox 910 726 2466 809; baseline -0.008 -18"><span class='ocrx_word' id='word_1_26' title='bbox 910 743 1075 791; x_wconf 85' lang='lat' dir='ltr'><strong>tatem</strong></span> <span class='ocrx_word' id='word_1_27' title='bbox 1110 746 1207 804; x_wconf 87' lang='lat' dir='ltr'><strong>pro</strong></span> <span class='ocrx_word' id='word_1_28' title='bbox 1232 732 1386 787; x_wconf 89' lang='lat' dir='ltr'><strong>nobis</strong></span> <span class='ocrx_word' id='word_1_29' title='bbox 1434 730 1847 786; x_wconf 84' lang='lat' dir='ltr'><strong>intercedentem</strong></span> <span class='ocrx_word' id='word_1_30' title='bbox 1893 730 2014 800; x_wconf 91' lang='lat' dir='ltr'><strong>pius</strong></span> <span class='ocrx_word' id='word_1_31' title='bbox 2059 728 2201 783; x_wconf 87' lang='lat' dir='ltr'><strong>Deus</strong></span> <span class='ocrx_word' id='word_1_32' title='bbox 2237 728 2291 781; x_wconf 91' lang='lat' dir='ltr'><strong>in</strong></span> <span class='ocrx_word' id='word_1_33' title='bbox 2319 726 2466 809; x_wconf 85' lang='lat' dir='ltr'><strong>omni</strong></span> 
     </span>
    </p>
   </div>
   <div class='ocr_carea' id='block_1_6' title="bbox 910 819 1540 894">
    <p class='ocr_par' dir='ltr' id='par_1_6' title="bbox 910 819 1540 894">
     <span class='ocr_line' id='line_1_6' title="bbox 910 819 1540 894; baseline -0.016 -11"><span class='ocrx_word' id='word_1_34' title='bbox 910 825 1052 882; x_wconf 84' lang='lat' dir='ltr'><strong>bono</strong></span> <span class='ocrx_word' id='word_1_35' title='bbox 1072 821 1333 894; x_wconf 79' lang='lat' dir='ltr'><strong>prolicere</strong></span> <span class='ocrx_word' id='word_1_36' title='bbox 1360 819 1540 875; x_wconf 88' lang='lat' dir='ltr'><strong>faciat.</strong></span> 
     </span>
    </p>
   </div>
   <div class='ocr_carea' id='block_1_7' title="bbox 1371 914 2010 987">
    <p class='ocr_par' dir='ltr' id='par_1_7' title="bbox 1371 914 2010 987">
     <span class='ocr_line' id='line_1_7' title="bbox 1371 914 2010 987; baseline -0.009 1"><span class='ocrx_word' id='word_1_37' title='bbox 1371 946 1397 975; x_wconf 83' lang='grc' dir='ltr'><strong>ι</strong></span> <span class='ocrx_word' id='word_1_38' title='bbox 1420 931 1748 987; x_wconf 72' lang='grc' dir='ltr'><strong>ΕΡιδτοιΑ</strong></span> <span class='ocrx_word' id='word_1_39' title='bbox 1784 914 2010 986; x_wconf 73' lang='lat' dir='ltr'><strong>ccxxi.</strong></span> 
     </span>
    </p>
   </div>
   <div class='ocr_carea' id='block_1_8' title="bbox 1521 1058 1861 1101">
    <p class='ocr_par' dir='ltr' id='par_1_8' title="bbox 1521 1058 1861 1101">
     <span class='ocr_line' id='line_1_8' title="bbox 1521 1058 1861 1101; baseline -0.021 0"><span class='ocrx_word' id='word_1_40' title='bbox 1521 1061 1589 1101; x_wconf 66' lang='lat' dir='ltr'><strong>AD</strong></span> <span class='ocrx_word' id='word_1_41' title='bbox 1628 1058 1861 1098; x_wconf 75' lang='grc' dir='ltr'><strong>ευιωιι.</strong></span> 
     </span>
    </p>
   </div>
   <div class='ocr_carea' id='block_1_9' title="bbox 915 1147 2465 1227">
    <p class='ocr_par' dir='ltr' id='par_1_9' title="bbox 915 1147 2465 1227">
     <span class='ocr_line' id='line_1_9' title="bbox 915 1147 2465 1227; baseline -0.008 -16"><span class='ocrx_word' id='word_1_42' title='bbox 915 1156 1179 1227; x_wconf 72' lang='lat' dir='ltr'><strong>Ipistolas</strong></span> <span class='ocrx_word' id='word_1_43' title='bbox 1201 1156 1355 1209; x_wconf 84' lang='lat' dir='ltr'><strong>mittit</strong></span> <span class='ocrx_word' id='word_1_44' title='bbox 1386 1154 1492 1227; x_wconf 70' lang='lat' dir='ltr'><strong>regi</strong></span> <span class='ocrx_word' id='word_1_45' title='bbox 1536 1161 1583 1206; x_wconf 85' lang='lat' dir='ltr'><strong>et</strong></span> <span class='ocrx_word' id='word_1_46' title='bbox 1604 1151 1743 1227; x_wconf 32' lang='lat' dir='ltr'><strong>‘aliis</strong></span> <span class='ocrx_word' id='word_1_47' title='bbox 1788 1167 1820 1227; x_wconf 72' lang='grc' dir='ltr'><strong>ᾳ</strong></span> <span class='ocrx_word' id='word_1_48' title='bbox 1848 1148 2122 1227; x_wconf 60' lang='lat' dir='ltr'><strong>Benedicto</strong></span> <span class='ocrx_word' id='word_1_49' title='bbox 2149 1147 2465 1227; x_wconf 66' lang='lat' dir='ltr'><strong>tradendae;</strong></span> 
     </span>
    </p>
   </div>
   <div class='ocr_carea' id='block_1_10' title="bbox 1123 1216 2254 1295">
    <p class='ocr_par' dir='ltr' id='par_1_10' title="bbox 1123 1216 2254 1295">
     <span class='ocr_line' id='line_1_10' title="bbox 1123 1216 2254 1295; baseline -0.009 -16"><span class='ocrx_word' id='word_1_50' title='bbox 1123 1234 1262 1295; x_wconf 86' lang='lat' dir='ltr'><strong>optat</strong></span> <span class='ocrx_word' id='word_1_51' title='bbox 1287 1216 1475 1293; x_wconf 62' lang='lat' dir='ltr'><strong>sapiu}</strong></span> <span class='ocrx_word' id='word_1_52' title='bbox 1504 1222 1736 1291; x_wconf 84' lang='lat' dir='ltr'><strong>accipere</strong></span> <span class='ocrx_word' id='word_1_53' title='bbox 1761 1220 1824 1279; x_wconf 83' lang='lat' dir='ltr'><strong>ab</strong></span> <span class='ocrx_word' id='word_1_54' title='bbox 1852 1221 1963 1288; x_wconf 86' lang='lat' dir='ltr'><strong>ipso</strong></span> <span class='ocrx_word' id='word_1_55' title='bbox 1992 1216 2254 1287; x_wconf 82' lang='lat' dir='ltr'><strong>epistolas.</strong></span> 
     </span>
    </p>
   </div>
   <div class='ocr_carea' id='block_1_11' title="bbox 983 1329 2467 1393">
    <p class='ocr_par' dir='ltr' id='par_1_11' title="bbox 983 1329 2467 1393">
     <span class='ocr_line' id='line_1_11' title="bbox 983 1329 2467 1393; baseline -0.007 1"><span class='ocrx_word' id='word_1_56' title='bbox 983 1337 1298 1393; x_wconf 79' lang='lat' dir='ltr'><strong>Benedictus</strong></span> <span class='ocrx_word' id='word_1_57' title='bbox 1344 1335 1484 1390; x_wconf 91' lang='lat' dir='ltr'><strong>Deus</strong></span> <span class='ocrx_word' id='word_1_58' title='bbox 1530 1332 1818 1389; x_wconf 83' lang='lat' dir='ltr'><strong>Benedicto</strong></span> <span class='ocrx_word' id='word_1_59' title='bbox 1862 1329 2007 1385; x_wconf 83' lang='lat' dir='ltr'><strong>Patri</strong></span> <span class='ocrx_word' id='word_1_60' title='bbox 2044 1330 2467 1386; x_wconf 75' lang='lat' dir='ltr'><strong>benedictionem</strong></span> 
     </span>
    </p>
   </div>
   <div class='ocr_carea' id='block_1_12' title="bbox 914 1430 1304 1497">
    <p class='ocr_par' dir='ltr' id='par_1_12' title="bbox 914 1430 1304 1497">
     <span class='ocr_line' id='line_1_12' title="bbox 914 1430 1304 1497; baseline -0.018 -13"><span class='ocrx_word' id='word_1_61' title='bbox 914 1430 1003 1483; x_wconf 84' lang='lat' dir='ltr'><strong>det</strong></span> <span class='ocrx_word' id='word_1_62' title='bbox 1027 1435 1304 1497; x_wconf 67' lang='lat' dir='ltr'><strong>aeternam.</strong></span> 
     </span>
    </p>
   </div>
   <div class='ocr_carea' id='block_1_13' title="bbox 987 1508 2468 1583">
    <p class='ocr_par' dir='ltr' id='par_1_13' title="bbox 987 1508 2468 1583">
     <span class='ocr_line' id='line_1_13' title="bbox 987 1508 2468 1583; baseline -0.005 -14"><span class='ocrx_word' id='word_1_63' title='bbox 987 1515 1018 1557; x_wconf 69' lang='grc' dir='ltr'>δ</span> <span class='ocrx_word' id='word_1_64' title='bbox 1044 1513 1242 1583; x_wconf 81' lang='lat' dir='ltr'><strong>Scripsi</strong></span> <span class='ocrx_word' id='word_1_65' title='bbox 1288 1510 1666 1582; x_wconf 90' lang='lat' dir='ltr'><strong>epistiunculas</strong></span> <span class='ocrx_word' id='word_1_66' title='bbox 1716 1510 1943 1580; x_wconf 85' lang='lat' dir='ltr'><strong>aliquas,</strong></span> <span class='ocrx_word' id='word_1_67' title='bbox 1992 1509 2132 1564; x_wconf 83' lang='lat' dir='ltr'><strong>sicut</strong></span> <span class='ocrx_word' id='word_1_68' title='bbox 2172 1508 2468 1579; x_wconf 77' lang='lat' dir='ltr'><strong>intelligere</strong></span> 
     </span>
    </p>
   </div>
   <div class='ocr_carea' id='block_1_14' title="bbox 918 1598 2465 1673">
    <p class='ocr_par' dir='ltr' id='par_1_14' title="bbox 918 1598 2465 1673">
     <span class='ocr_line' id='line_1_14' title="bbox 918 1598 2465 1673; baseline -0.006 -12"><span class='ocrx_word' id='word_1_69' title='bbox 918 1621 1100 1661; x_wconf 85' lang='lat' dir='ltr'><strong>earum</strong></span> <span class='ocrx_word' id='word_1_70' title='bbox 1153 1606 1378 1660; x_wconf 85' lang='lat' dir='ltr'><strong>lectione</strong></span> <span class='ocrx_word' id='word_1_71' title='bbox 1420 1603 1651 1673; x_wconf 84' lang='lat' dir='ltr'><strong>poteris;</strong></span> <span class='ocrx_word' id='word_1_72' title='bbox 1705 1602 1749 1656; x_wconf 93' lang='lat' dir='ltr'><strong>si</strong></span> <span class='ocrx_word' id='word_1_73' title='bbox 1781 1602 1882 1656; x_wconf 82' lang='lat' dir='ltr'><strong>tibi</strong></span> <span class='ocrx_word' id='word_1_74' title='bbox 1930 1601 2147 1669; x_wconf 89' lang='lat' dir='ltr'><strong>dignum</strong></span> <span class='ocrx_word' id='word_1_75' title='bbox 2203 1598 2465 1653; x_wconf 89' lang='lat' dir='ltr'><strong>videatur.</strong></span> 
     </span>
    </p>
   </div>
   <div class='ocr_carea' id='block_1_15' title="bbox 915 1686 2471 1763">
    <p class='ocr_par' dir='ltr' id='par_1_15' title="bbox 915 1686 2471 1763">
     <span class='ocr_line' id='line_1_15' title="bbox 915 1686 2471 1763; baseline -0.006 -14"><span class='ocrx_word' id='word_1_76' title='bbox 915 1692 1098 1750; x_wconf 77' lang='lat' dir='ltr'><strong>Redde</strong></span> <span class='ocrx_word' id='word_1_77' title='bbox 1126 1692 1345 1763; x_wconf 77' lang='lat' dir='ltr'><strong>singulis</strong></span> <span class='ocrx_word' id='word_1_78' title='bbox 1372 1691 1632 1760; x_wconf 87' lang='lat' dir='ltr'><strong>singulas;</strong></span> <span class='ocrx_word' id='word_1_79' title='bbox 1673 1690 1784 1758; x_wconf 89' lang='lat' dir='ltr'><strong>regi</strong></span> <span class='ocrx_word' id='word_1_80' title='bbox 1811 1704 1936 1743; x_wconf 90' lang='lat' dir='ltr'><strong>vero</strong></span> <span class='ocrx_word' id='word_1_81' title='bbox 1963 1704 2115 1743; x_wconf 86' lang='lat' dir='ltr'><strong>suam</strong></span> <span class='ocrx_word' id='word_1_82' title='bbox 2139 1703 2261 1742; x_wconf 90' lang='lat' dir='ltr'><strong>cum</strong></span> <span class='ocrx_word' id='word_1_83' title='bbox 2290 1686 2471 1740; x_wconf 90' lang='lat' dir='ltr'><strong>multis</strong></span> 
     </span>
    </p>
   </div>
   <div class='ocr_carea' id='block_1_16' title="bbox 916 1778 2471 1837">
    <p class='ocr_par' dir='ltr' id='par_1_16' title="bbox 916 1778 2471 1837">
     <span class='ocr_line' id='line_1_16' title="bbox 916 1778 2471 1837; baseline -0.004 0"><span class='ocrx_word' id='word_1_84' title='bbox 916 1782 1250 1837; x_wconf 71' lang='lat' dir='ltr'><strong>salutationis</strong></span> <span class='ocrx_word' id='word_1_85' title='bbox 1272 1781 1457 1835; x_wconf 82' lang='lat' dir='ltr'><strong>verbis</strong></span> <span class='ocrx_word' id='word_1_86' title='bbox 1488 1795 1503 1832; x_wconf 91' lang='lat'><strong>:</strong></span> <span class='ocrx_word' id='word_1_87' title='bbox 1530 1788 1583 1834; x_wconf 91' lang='lat' dir='ltr'><strong>et</strong></span> <span class='ocrx_word' id='word_1_88' title='bbox 1607 1780 1801 1833; x_wconf 87' lang='lat' dir='ltr'><strong>melius</strong></span> <span class='ocrx_word' id='word_1_89' title='bbox 1839 1779 1968 1833; x_wconf 89' lang='lat' dir='ltr'><strong>mihi</strong></span> <span class='ocrx_word' id='word_1_90' title='bbox 2004 1778 2177 1833; x_wconf 87' lang='lat' dir='ltr'><strong>visum</strong></span> <span class='ocrx_word' id='word_1_91' title='bbox 2203 1786 2286 1832; x_wconf 89' lang='lat' dir='ltr'><strong>est</strong></span> <span class='ocrx_word' id='word_1_92' title='bbox 2312 1786 2363 1832; x_wconf 87' lang='lat' dir='ltr'><strong>te</strong></span> <span class='ocrx_word' id='word_1_93' title='bbox 2391 1778 2471 1832; x_wconf 85' lang='lat' dir='ltr'><strong>di-</strong></span> 
     </span>
    </p>
   </div>
   <div class='ocr_carea' id='block_1_17' title="bbox 2564 717 4118 789">
    <p class='ocr_par' dir='ltr' id='par_1_17' title="bbox 2564 717 4118 789">
     <span class='ocr_line' id='line_1_17' title="bbox 2564 717 4118 789; baseline -0.001 -12"><span class='ocrx_word' id='word_1_94' title='bbox 2564 721 2896 778; x_wconf 85' lang='lat' dir='ltr'><strong>orationibus</strong></span> <span class='ocrx_word' id='word_1_95' title='bbox 2919 719 3115 774; x_wconf 83' lang='lat' dir='ltr'><strong>vestris</strong></span> <span class='ocrx_word' id='word_1_96' title='bbox 3138 718 3514 774; x_wconf 82' lang='lat' dir='ltr'><strong>commendare</strong></span> <span class='ocrx_word' id='word_1_97' title='bbox 3536 733 3803 784; x_wconf 79' lang='lat' dir='ltr'><strong>curamus,</strong></span> <span class='ocrx_word' id='word_1_98' title='bbox 3832 717 4118 789; x_wconf 82' lang='lat' dir='ltr'><strong>deprecan-</strong></span> 
     </span>
    </p>
   </div>
   <div class='ocr_carea' id='block_1_18' title="bbox 2566 807 4115 877">
    <p class='ocr_par' dir='ltr' id='par_1_18' title="bbox 2566 807 4115 877">
     <span class='ocr_line' id='line_1_18' title="bbox 2566 807 4115 877; baseline -0.002 -11"><span class='ocrx_word' id='word_1_99' title='bbox 2566 821 2647 866; x_wconf 86' lang='lat' dir='ltr'><strong>tes</strong></span> <span class='ocrx_word' id='word_1_100' title='bbox 2670 819 2729 865; x_wconf 89' lang='lat' dir='ltr'><strong>ut</strong></span> <span class='ocrx_word' id='word_1_101' title='bbox 2748 809 2918 864; x_wconf 88' lang='lat' dir='ltr'><strong>nostri</strong></span> <span class='ocrx_word' id='word_1_102' title='bbox 2947 808 3176 863; x_wconf 86' lang='lat' dir='ltr'><strong>nominis</strong></span> <span class='ocrx_word' id='word_1_103' title='bbox 3219 807 3418 862; x_wconf 87' lang='lat' dir='ltr'><strong>habere</strong></span> <span class='ocrx_word' id='word_1_104' title='bbox 3453 807 3741 877; x_wconf 75' lang='lat' dir='ltr'><strong>dignemini</strong></span> <span class='ocrx_word' id='word_1_105' title='bbox 3763 808 4072 863; x_wconf 88' lang='lat' dir='ltr'><strong>memoriam</strong></span> <span class='ocrx_word' id='word_1_106' title='bbox 4101 826 4115 873; x_wconf 86' lang='lat'><strong>;</strong></span> 
     </span>
    </p>
   </div>
   <div class='ocr_carea' id='block_1_19' title="bbox 2565 895 4117 954">
    <p class='ocr_par' dir='ltr' id='par_1_19' title="bbox 2565 895 4117 954">
     <span class='ocr_line' id='line_1_19' title="bbox 2565 895 4117 954; baseline -0.001 0"><span class='ocrx_word' id='word_1_107' title='bbox 2565 899 2707 954; x_wconf 81' lang='lat' dir='ltr'><strong>sicut</strong></span> <span class='ocrx_word' id='word_1_108' title='bbox 2730 899 2901 953; x_wconf 61' lang='lat' dir='ltr'><strong>beattn</strong></span> <span class='ocrx_word' id='word_1_109' title='bbox 2922 897 3193 951; x_wconf 63' lang='lat' dir='ltr'><strong>memoriae</strong></span> <span class='ocrx_word' id='word_1_110' title='bbox 3217 907 3240 934; x_wconf 73' lang='grc' dir='ltr'><strong>ο</strong></span> <span class='ocrx_word' id='word_1_111' title='bbox 3265 895 3423 949; x_wconf 85' lang='lat' dir='ltr'><strong>Pater</strong></span> <span class='ocrx_word' id='word_1_112' title='bbox 3443 904 3619 951; x_wconf 83' lang='lat' dir='ltr'><strong>vester</strong></span> <span class='ocrx_word' id='word_1_113' title='bbox 3640 898 3970 953; x_wconf 81' lang='lat' dir='ltr'><strong>venerandus</strong></span> <span class='ocrx_word' id='word_1_114' title='bbox 3993 896 4117 952; x_wconf 86' lang='lat' dir='ltr'><strong>olim</strong></span> 
     </span>
    </p>
   </div>
   <div class='ocr_carea' id='block_1_20' title="bbox 2566 980 4117 1057">
    <p class='ocr_par' dir='ltr' id='par_1_20' title="bbox 2566 980 4117 1057">
     <span class='ocr_line' id='line_1_20' title="bbox 2566 980 4117 1057; baseline -0.003 -14"><span class='ocrx_word' id='word_1_115' title='bbox 2566 988 2697 1043; x_wconf 89' lang='lat' dir='ltr'><strong>mihi</strong></span> <span class='ocrx_word' id='word_1_116' title='bbox 2728 988 3080 1057; x_wconf 86' lang='lat' dir='ltr'><strong>perdonatum</strong></span> <span class='ocrx_word' id='word_1_117' title='bbox 3107 980 3305 1040; x_wconf 84' lang='lat' dir='ltr'><strong>habere</strong></span> <span class='ocrx_word' id='word_1_118' title='bbox 3334 985 3598 1040; x_wconf 86' lang='lat' dir='ltr'><strong>credimus</strong></span> <span class='ocrx_word' id='word_1_119' title='bbox 3623 1025 3639 1051; x_wconf 94' lang='lat'><strong>,</strong></span> <span class='ocrx_word' id='word_1_120' title='bbox 3674 986 3814 1055; x_wconf 91' lang='lat' dir='ltr'><strong>quod</strong></span> <span class='ocrx_word' id='word_1_121' title='bbox 3864 986 3951 1041; x_wconf 87' lang='lat' dir='ltr'><strong>bis</strong></span> <span class='ocrx_word' id='word_1_122' title='bbox 3979 986 4117 1041; x_wconf 78' lang='lat' dir='ltr'><strong>litte—</strong></span> 
     </span>
    </p>
   </div>
   <div class='ocr_carea' id='block_1_21' title="bbox 2565 1076 4118 1148">
    <p class='ocr_par' dir='ltr' id='par_1_21' title="bbox 2565 1076 4118 1148">
     <span class='ocr_line' id='line_1_21' title="bbox 2565 1076 4118 1148; baseline -0.003 -13"><span class='ocrx_word' id='word_1_123' title='bbox 2565 1081 2643 1136; x_wconf 86' lang='lat' dir='ltr'><strong>ris</strong></span> <span class='ocrx_word' id='word_1_124' title='bbox 2673 1081 2967 1148; x_wconf 85' lang='lat' dir='ltr'><strong>horumque</strong></span> <span class='ocrx_word' id='word_1_125' title='bbox 3002 1078 3159 1133; x_wconf 90' lang='lat' dir='ltr'><strong>simul</strong></span> <span class='ocrx_word' id='word_1_126' title='bbox 3196 1076 3422 1131; x_wconf 80' lang='lat' dir='ltr'><strong>fratrum</strong></span> <span class='ocrx_word' id='word_1_127' title='bbox 3468 1078 3808 1148; x_wconf 76' lang='lat' dir='ltr'><strong>suggestione</strong></span> <span class='ocrx_word' id='word_1_128' title='bbox 3860 1092 4118 1131; x_wconf 84' lang='lat' dir='ltr'><strong>renovare</strong></span> 
     </span>
    </p>
   </div>
   <div class='ocr_carea' id='block_1_22' title="bbox 2566 1166 4120 1245">
    <p class='ocr_par' dir='ltr' id='par_1_22' title="bbox 2566 1166 4120 1245">
     <span class='ocr_line' id='line_1_22' title="bbox 2566 1166 4120 1245; baseline -0.001 -20"><span class='ocrx_word' id='word_1_129' title='bbox 2566 1171 2880 1235; x_wconf 86' lang='lat' dir='ltr'><strong>studemus;</strong></span> <span class='ocrx_word' id='word_1_130' title='bbox 2925 1169 3052 1239; x_wconf 91' lang='lat' dir='ltr'><strong>quia</strong></span> <span class='ocrx_word' id='word_1_131' title='bbox 3105 1182 3393 1245; x_wconf 86' lang='lat' dir='ltr'><strong>magnam,</strong></span> <span class='ocrx_word' id='word_1_132' title='bbox 3430 1177 3489 1223; x_wconf 90' lang='lat' dir='ltr'><strong>ut</strong></span> <span class='ocrx_word' id='word_1_133' title='bbox 3536 1166 3726 1233; x_wconf 87' lang='lat' dir='ltr'><strong>fateor,</strong></span> <span class='ocrx_word' id='word_1_134' title='bbox 3779 1168 4024 1222; x_wconf 80' lang='lat' dir='ltr'><strong>fiduciam</strong></span> <span class='ocrx_word' id='word_1_135' title='bbox 4056 1170 4120 1223; x_wconf 90' lang='lat' dir='ltr'><strong>de</strong></span> 
     </span>
    </p>
   </div>
   <div class='ocr_carea' id='block_1_23' title="bbox 2569 1258 4120 1318">
    <p class='ocr_par' dir='ltr' id='par_1_23' title="bbox 2569 1258 4120 1318">
     <span class='ocr_line' id='line_1_23' title="bbox 2569 1258 4120 1318; baseline -0.004 1"><span class='ocrx_word' id='word_1_136' title='bbox 2569 1262 2677 1318; x_wconf 89' lang='lat' dir='ltr'><strong>Deo</strong></span> <span class='ocrx_word' id='word_1_137' title='bbox 2725 1261 3073 1317; x_wconf 81' lang='lat' dir='ltr'><strong>servientium</strong></span> <span class='ocrx_word' id='word_1_138' title='bbox 3122 1258 3503 1314; x_wconf 82' lang='lat' dir='ltr'><strong>intercessione</strong></span> <span class='ocrx_word' id='word_1_139' title='bbox 3551 1260 3605 1314; x_wconf 93' lang='lat' dir='ltr'><strong>in</strong></span> <span class='ocrx_word' id='word_1_140' title='bbox 3635 1258 3812 1313; x_wconf 90' lang='lat' dir='ltr'><strong>cordis</strong></span> <span class='ocrx_word' id='word_1_141' title='bbox 3846 1258 4120 1313; x_wconf 76' lang='lat' dir='ltr'><strong>dulcedine</strong></span> 
     </span>
    </p>
   </div>
   <div class='ocr_carea' id='block_1_24' title="bbox 2566 1347 4119 1417">
    <p class='ocr_par' dir='ltr' id='par_1_24' title="bbox 2566 1347 4119 1417">
     <span class='ocr_line' id='line_1_24' title="bbox 2566 1347 4119 1417; baseline -0.002 -13"><span class='ocrx_word' id='word_1_142' title='bbox 2566 1350 2853 1413; x_wconf 83' lang='lat' dir='ltr'><strong>habemus;</strong></span> <span class='ocrx_word' id='word_1_143' title='bbox 2886 1348 3011 1417; x_wconf 86' lang='lat' dir='ltr'><strong>quia</strong></span> <span class='ocrx_word' id='word_1_144' title='bbox 3040 1348 3181 1416; x_wconf 93' lang='lat' dir='ltr'><strong>quod</strong></span> <span class='ocrx_word' id='word_1_145' title='bbox 3209 1348 3339 1401; x_wconf 90' lang='lat' dir='ltr'><strong>mihi</strong></span> <span class='ocrx_word' id='word_1_146' title='bbox 3365 1348 3515 1403; x_wconf 89' lang='lat' dir='ltr'><strong>deest</strong></span> <span class='ocrx_word' id='word_1_147' title='bbox 3536 1347 3589 1401; x_wconf 94' lang='lat' dir='ltr'><strong>in</strong></span> <span class='ocrx_word' id='word_1_148' title='bbox 3617 1348 3821 1402; x_wconf 87' lang='lat' dir='ltr'><strong>meritis</strong></span> <span class='ocrx_word' id='word_1_149' title='bbox 3845 1388 3860 1413; x_wconf 95' lang='lat'><strong>,</strong></span> <span class='ocrx_word' id='word_1_150' title='bbox 3912 1347 4119 1402; x_wconf 90' lang='lat' dir='ltr'><strong>illorum</strong></span> 
     </span>
    </p>
   </div>
   <div class='ocr_carea' id='block_1_25' title="bbox 2566 1437 4118 1511">
    <p class='ocr_par' dir='ltr' id='par_1_25' title="bbox 2566 1437 4118 1511">
     <span class='ocr_line' id='line_1_25' title="bbox 2566 1437 4118 1511; baseline -0.001 -17"><span class='ocrx_word' id='word_1_151' title='bbox 2566 1440 2831 1509; x_wconf 86' lang='lat' dir='ltr'><strong>precibus,</strong></span> <span class='ocrx_word' id='word_1_152' title='bbox 2860 1438 3121 1511; x_wconf 79' lang='lat' dir='ltr'><strong>largiente</strong></span> <span class='ocrx_word' id='word_1_153' title='bbox 3145 1437 3322 1491; x_wconf 91' lang='lat' dir='ltr'><strong>divina</strong></span> <span class='ocrx_word' id='word_1_154' title='bbox 3342 1438 3512 1508; x_wconf 88' lang='lat' dir='ltr'><strong>gratia</strong></span> <span class='ocrx_word' id='word_1_155' title='bbox 3530 1478 3544 1505; x_wconf 95' lang='lat'><strong>,</strong></span> <span class='ocrx_word' id='word_1_156' title='bbox 3570 1439 3842 1509; x_wconf 89' lang='lat' dir='ltr'><strong>possidere</strong></span> <span class='ocrx_word' id='word_1_157' title='bbox 3857 1448 4118 1508; x_wconf 85' lang='lat' dir='ltr'><strong>optamus.</strong></span> 
     </span>
    </p>
   </div>
   <div class='ocr_carea' id='block_1_26' title="bbox 2569 1527 4122 1604">
    <p class='ocr_par' dir='ltr' id='par_1_26' title="bbox 2569 1527 4122 1604">
     <span class='ocr_line' id='line_1_26' title="bbox 2569 1527 4122 1604; baseline -0.001 -21"><span class='ocrx_word' id='word_1_158' title='bbox 2569 1528 2706 1595; x_wconf 88' lang='lat' dir='ltr'><strong>Quid</strong></span> <span class='ocrx_word' id='word_1_159' title='bbox 2729 1536 2811 1583; x_wconf 90' lang='lat' dir='ltr'><strong>est</strong></span> <span class='ocrx_word' id='word_1_160' title='bbox 2838 1528 2979 1596; x_wconf 91' lang='lat' dir='ltr'><strong>quod</strong></span> <span class='ocrx_word' id='word_1_161' title='bbox 3005 1528 3095 1597; x_wconf 88' lang='lat' dir='ltr'><strong>pia</strong></span> <span class='ocrx_word' id='word_1_162' title='bbox 3116 1527 3439 1604; x_wconf 83' lang='lat' dir='ltr'><strong>unanimitas</strong></span> <span class='ocrx_word' id='word_1_163' title='bbox 3478 1537 3676 1581; x_wconf 71' lang='lat' dir='ltr'><strong>sancta:</strong></span> <span class='ocrx_word' id='word_1_164' title='bbox 3704 1527 4122 1597; x_wconf 83' lang='lat' dir='ltr'><strong>congregationis</strong></span> 
     </span>
    </p>
   </div>
   <div class='ocr_carea' id='block_1_27' title="bbox 2567 1614 4122 1687">
    <p class='ocr_par' dir='ltr' id='par_1_27' title="bbox 2567 1614 4122 1687">
     <span class='ocr_line' id='line_1_27' title="bbox 2567 1614 4122 1687; baseline -0.001 -15"><span class='ocrx_word' id='word_1_165' title='bbox 2567 1633 2676 1672; x_wconf 89' lang='lat' dir='ltr'><strong>non</strong></span> <span class='ocrx_word' id='word_1_166' title='bbox 2702 1618 2877 1672; x_wconf 85' lang='lat' dir='ltr'><strong>valeat</strong></span> <span class='ocrx_word' id='word_1_167' title='bbox 2925 1617 3214 1685; x_wconf 88' lang='lat' dir='ltr'><strong>impetrare</strong></span> <span class='ocrx_word' id='word_1_168' title='bbox 3256 1616 3396 1687; x_wconf 91' lang='lat' dir='ltr'><strong>apud</strong></span> <span class='ocrx_word' id='word_1_169' title='bbox 3444 1631 3566 1671; x_wconf 85' lang='lat' dir='ltr'><strong>eum</strong></span> <span class='ocrx_word' id='word_1_170' title='bbox 3614 1617 3705 1686; x_wconf 90' lang='lat' dir='ltr'><strong>qui</strong></span> <span class='ocrx_word' id='word_1_171' title='bbox 3751 1618 3863 1671; x_wconf 89' lang='lat' dir='ltr'><strong>ait:</strong></span> <span class='ocrx_word' id='word_1_172' title='bbox 3892 1614 3990 1671; x_wconf 79' lang='lat' dir='ltr'><strong>Ubi</strong></span> <span class='ocrx_word' id='word_1_173' title='bbox 4018 1618 4122 1671; x_wconf 73' lang='lat' dir='ltr'><strong>duo</strong></span> 
     </span>
    </p>
   </div>
   <div class='ocr_carea' id='block_1_28' title="bbox 2568 1705 4123 1775">
    <p class='ocr_par' dir='ltr' id='par_1_28' title="bbox 2568 1705 4123 1775">
     <span class='ocr_line' id='line_1_28' title="bbox 2568 1705 4123 1775; baseline -0.001 -14"><span class='ocrx_word' id='word_1_174' title='bbox 2568 1708 2647 1761; x_wconf 78' lang='lat' dir='ltr'><strong>vel</strong></span> <span class='ocrx_word' id='word_1_175' title='bbox 2672 1717 2775 1760; x_wconf 87' lang='lat' dir='ltr'><strong>tres</strong></span> <span class='ocrx_word' id='word_1_176' title='bbox 2802 1706 3094 1775; x_wconf 83' lang='lat' dir='ltr'><strong>congregati</strong></span> <span class='ocrx_word' id='word_1_177' title='bbox 3122 1706 3177 1757; x_wconf 84' lang='lat' dir='ltr'><strong>in</strong></span> <span class='ocrx_word' id='word_1_178' title='bbox 3210 1708 3414 1760; x_wconf 82' lang='lat' dir='ltr'><strong>nomine</strong></span> <span class='ocrx_word' id='word_1_179' title='bbox 3436 1723 3549 1759; x_wconf 87' lang='lat' dir='ltr'><strong>meo</strong></span> <span class='ocrx_word' id='word_1_180' title='bbox 3571 1746 3585 1770; x_wconf 91' lang='lat'><strong>,</strong></span> <span class='ocrx_word' id='word_1_181' title='bbox 3615 1706 3686 1758; x_wconf 79' lang='lat' dir='ltr'><strong>ibi</strong></span> <span class='ocrx_word' id='word_1_182' title='bbox 3712 1722 3825 1759; x_wconf 82' lang='lat' dir='ltr'><strong>sum</strong></span> <span class='ocrx_word' id='word_1_183' title='bbox 3862 1707 3916 1759; x_wconf 80' lang='lat' dir='ltr'><strong>its</strong></span> <span class='ocrx_word' id='word_1_184' title='bbox 3958 1705 4123 1760; x_wconf 81' lang='lat' dir='ltr'><strong>medio</strong></span> 
     </span>
    </p>
   </div>
   <div class='ocr_carea' id='block_1_29' title="bbox 2564 1795 4125 1867">
    <p class='ocr_par' dir='ltr' id='par_1_29' title="bbox 2564 1795 4125 1867">
     <span class='ocr_line' id='line_1_29' title="bbox 2564 1795 4125 1867; baseline 0.001 -17"><span class='ocrx_word' id='word_1_185' title='bbox 2564 1813 2746 1850; x_wconf 83' lang='lat' dir='ltr'><strong>eorum</strong></span> <span class='ocrx_word' id='word_1_186' title='bbox 2777 1795 2991 1867; x_wconf 80' lang='lat' dir='ltr'><strong>(Matth.</strong></span> <span class='ocrx_word' id='word_1_187' title='bbox 3024 1811 3174 1860; x_wconf 79' lang='lat' dir='ltr'><strong>xvm,</strong></span> <span class='ocrx_word' id='word_1_188' title='bbox 3220 1796 3355 1867; x_wconf 70' lang='lat'><strong>20)?</strong></span> <span class='ocrx_word' id='word_1_189' title='bbox 3407 1796 3544 1862; x_wconf 84' lang='lat' dir='ltr'><strong>Quid</strong></span> <span class='ocrx_word' id='word_1_190' title='bbox 3589 1806 3672 1852; x_wconf 88' lang='lat' dir='ltr'><strong>est</strong></span> <span class='ocrx_word' id='word_1_191' title='bbox 3723 1796 3927 1851; x_wconf 90' lang='lat' dir='ltr'><strong>dulcius</strong></span> <span class='ocrx_word' id='word_1_192' title='bbox 3965 1812 4125 1865; x_wconf 88' lang='lat' dir='ltr'><strong>quam</strong></span> 
     </span>
    </p>
   </div>
   <div class='ocr_carea' id='block_1_30' title="bbox 920 1868 2669 1956">
    <p class='ocr_par' dir='ltr' id='par_1_30' title="bbox 920 1868 2669 1941">
     <span class='ocr_line' id='line_1_30' title="bbox 920 1868 2669 1941; baseline -0.001 -15"><span class='ocrx_word' id='word_1_193' title='bbox 920 1886 1044 1927; x_wconf 85' lang='lat' dir='ltr'><strong>cere</strong></span> <span class='ocrx_word' id='word_1_194' title='bbox 1071 1868 1183 1938; x_wconf 85' lang='lat' dir='ltr'><strong>ejus</strong></span> <span class='ocrx_word' id='word_1_195' title='bbox 1211 1870 1395 1939; x_wconf 89' lang='lat' dir='ltr'><strong>pietati</strong></span> <span class='ocrx_word' id='word_1_196' title='bbox 1410 1869 1478 1924; x_wconf 91' lang='lat' dir='ltr'><strong>de</strong></span> <span class='ocrx_word' id='word_1_197' title='bbox 1490 1870 1642 1924; x_wconf 90' lang='lat' dir='ltr'><strong>nobis</strong></span> <span class='ocrx_word' id='word_1_198' title='bbox 1663 1877 1948 1937; x_wconf 89' lang='lat' dir='ltr'><strong>nostraque</strong></span> <span class='ocrx_word' id='word_1_199' title='bbox 1961 1869 2253 1935; x_wconf 81' lang='lat' dir='ltr'><strong>voluntate,</strong></span> <span class='ocrx_word' id='word_1_200' title='bbox 2268 1879 2322 1924; x_wconf 90' lang='lat' dir='ltr'><strong>et</strong></span> <span class='ocrx_word' id='word_1_201' title='bbox 2361 1868 2471 1923; x_wconf 84' lang='lat' dir='ltr'><strong>tilio</strong></span> <span class='ocrx_word' id='word_1_202' title='bbox 2573 1886 2669 1941; x_wconf 68' lang='lat' dir='ltr'><strong>Ch.</strong></span> 
     </span>
    </p>
   </div>
   <div class='ocr_carea' id='block_1_31' title="bbox 2375 1868 4124 1956">
    <p class='ocr_par' dir='ltr' id='par_1_31' title="bbox 2375 1868 4124 1956">
     <span class='ocr_line' id='line_1_31' title="bbox 2375 1868 4124 1956; baseline 0.001 -18"><span class='ocrx_word' id='word_1_203' title='bbox 2375 1868 2471 1923; x_wconf 65' lang='grc' dir='ltr'><strong>Ῑιίο</strong></span> <span class='ocrx_word' id='word_1_204' title='bbox 2573 1886 2847 1941; x_wconf 82' lang='lat' dir='ltr'><strong>Christum</strong></span> <span class='ocrx_word' id='word_1_205' title='bbox 2875 1900 3085 1953; x_wconf 84' lang='lat' dir='ltr'><strong>semper</strong></span> <span class='ocrx_word' id='word_1_206' title='bbox 3111 1886 3309 1939; x_wconf 82' lang='lat' dir='ltr'><strong>habere</strong></span> <span class='ocrx_word' id='word_1_207' title='bbox 3340 1895 3687 1953; x_wconf 72' lang='lat' dir='ltr'><strong>przesentem;</strong></span> <span class='ocrx_word' id='word_1_208' title='bbox 3717 1900 3872 1956; x_wconf 89' lang='lat' dir='ltr'><strong>quam</strong></span> <span class='ocrx_word' id='word_1_209' title='bbox 3913 1884 4007 1939; x_wconf 86' lang='lat' dir='ltr'><strong>lilii</strong></span> <span class='ocrx_word' id='word_1_210' title='bbox 4032 1885 4124 1940; x_wconf 84' lang='lat' dir='ltr'><strong>Dei</strong></span> 
     </span>
    </p>
   </div>
   <div class='ocr_carea' id='block_1_32' title="bbox 919 1959 2668 2046">
    <p class='ocr_par' dir='ltr' id='par_1_32' title="bbox 919 1959 2668 2033">
     <span class='ocr_line' id='line_1_32' title="bbox 919 1959 2668 2033; baseline -0.003 -14"><span class='ocrx_word' id='word_1_211' title='bbox 919 1971 1126 2027; x_wconf 89' lang='lat' dir='ltr'><strong>nostro,</strong></span> <span class='ocrx_word' id='word_1_212' title='bbox 1154 1977 1314 2031; x_wconf 89' lang='lat' dir='ltr'><strong>quam</strong></span> <span class='ocrx_word' id='word_1_213' title='bbox 1340 1962 1463 2016; x_wconf 91' lang='lat' dir='ltr'><strong>inde</strong></span> <span class='ocrx_word' id='word_1_214' title='bbox 1503 1960 1703 2029; x_wconf 88' lang='lat' dir='ltr'><strong>aliquid</strong></span> <span class='ocrx_word' id='word_1_215' title='bbox 1731 1960 2088 2027; x_wconf 88' lang='lat' dir='ltr'><strong>scripsissem,</strong></span> <span class='ocrx_word' id='word_1_216' title='bbox 2121 1960 2244 2027; x_wconf 86' lang='lat' dir='ltr'><strong>quia</strong></span> <span class='ocrx_word' id='word_1_217' title='bbox 2284 1959 2474 2015; x_wconf 72' lang='lat' dir='ltr'><strong>littera:</strong></span> <span class='ocrx_word' id='word_1_218' title='bbox 2504 1961 2549 2022; x_wconf 77' lang='grc' dir='ltr'><strong><em>Β</em></strong></span> <span class='ocrx_word' id='word_1_219' title='bbox 2573 1994 2668 2033; x_wconf 69' lang='grc' dir='ltr'><strong>γορ</strong></span> 
     </span>
    </p>
   </div>
   <div class='ocr_carea' id='block_1_33' title="bbox 2374 1959 4123 2046">
    <p class='ocr_par' dir='ltr' id='par_1_33' title="bbox 2374 1961 4123 2046">
     <span class='ocr_line' id='line_1_33' title="bbox 2374 1961 4123 2046; baseline -0.003 -13"><span class='ocrx_word' id='word_1_220' title='bbox 2374 1976 2474 2015; x_wconf 58' lang='grc' dir='ltr'><strong>θη</strong></span> <span class='ocrx_word' id='word_1_221' title='bbox 2504 1961 2549 2022; x_wconf 68' lang='grc' dir='ltr'><strong><em>Β</em></strong></span> <span class='ocrx_word' id='word_1_222' title='bbox 2573 1978 2784 2041; x_wconf 88' lang='lat' dir='ltr'><strong>vocari,</strong></span> <span class='ocrx_word' id='word_1_223' title='bbox 2840 1977 2954 2045; x_wconf 92' lang='lat' dir='ltr'><strong>ipsa</strong></span> <span class='ocrx_word' id='word_1_224' title='bbox 3008 1975 3247 2030; x_wconf 69' lang='lat' dir='ltr'><strong>V’eritate</strong></span> <span class='ocrx_word' id='word_1_225' title='bbox 3277 1976 3484 2029; x_wconf 90' lang='lat' dir='ltr'><strong>dicente</strong></span> <span class='ocrx_word' id='word_1_226' title='bbox 3518 1992 3529 2027; x_wconf 95' lang='lat'>:</span> <span class='ocrx_word' id='word_1_227' title='bbox 3562 1975 3709 2029; x_wconf 80' lang='lat' dir='ltr'><strong>Beati</strong></span> <span class='ocrx_word' id='word_1_228' title='bbox 3744 1975 3970 2046; x_wconf 78' lang='lat' dir='ltr'><strong>paciﬁci,</strong></span> <span class='ocrx_word' id='word_1_229' title='bbox 3995 1990 4123 2045; x_wconf 75' lang='lat' dir='ltr'><strong>quo—</strong></span> 
     </span>
    </p>
   </div>
   <div class='ocr_carea' id='block_1_34' title="bbox 916 2049 2474 2125">
    <p class='ocr_par' dir='ltr' id='par_1_34' title="bbox 916 2049 2474 2125">
     <span class='ocr_line' id='line_1_34' title="bbox 916 2049 2474 2125; baseline -0.001 -18"><span class='ocrx_word' id='word_1_230' title='bbox 916 2068 1012 2125; x_wconf 88' lang='lat' dir='ltr'><strong>per</strong></span> <span class='ocrx_word' id='word_1_231' title='bbox 1039 2066 1232 2107; x_wconf 87' lang='lat' dir='ltr'><strong>manus</strong></span> <span class='ocrx_word' id='word_1_232' title='bbox 1273 2058 1497 2105; x_wconf 87' lang='lat' dir='ltr'><strong>currunt</strong></span> <span class='ocrx_word' id='word_1_233' title='bbox 1520 2050 1835 2115; x_wconf 88' lang='lat' dir='ltr'><strong>multorum;</strong></span> <span class='ocrx_word' id='word_1_234' title='bbox 1868 2050 2027 2104; x_wconf 91' lang='lat' dir='ltr'><strong>verba</strong></span> <span class='ocrx_word' id='word_1_235' title='bbox 2057 2065 2183 2104; x_wconf 90' lang='lat' dir='ltr'><strong>vero</strong></span> <span class='ocrx_word' id='word_1_236' title='bbox 2221 2049 2277 2103; x_wconf 82' lang='lat' dir='ltr'><strong>in</strong></span> <span class='ocrx_word' id='word_1_237' title='bbox 2306 2051 2474 2105; x_wconf 80' lang='lat' dir='ltr'><strong>corde</strong></span> 
     </span>
    </p>
   </div>
   <div class='ocr_carea' id='block_1_35' title="bbox 917 2139 2475 2217">
    <p class='ocr_par' dir='ltr' id='par_1_35' title="bbox 917 2139 2475 2217">
     <span class='ocr_line' id='line_1_35' title="bbox 917 2139 2475 2217; baseline -0.002 -18"><span class='ocrx_word' id='word_1_238' title='bbox 917 2150 1232 2217; x_wconf 80' lang='lat' dir='ltr'><strong>permanent</strong></span> <span class='ocrx_word' id='word_1_239' title='bbox 1261 2140 1421 2197; x_wconf 81' lang='lat' dir='ltr'><strong>ﬁdeli.</strong></span> <span class='ocrx_word' id='word_1_240' title='bbox 1450 2140 1736 2211; x_wconf 74' lang='lat' dir='ltr'><strong>Epistulam</strong></span> <span class='ocrx_word' id='word_1_241' title='bbox 1772 2155 1898 2195; x_wconf 93' lang='lat' dir='ltr'><strong>vero</strong></span> <span class='ocrx_word' id='word_1_242' title='bbox 1938 2141 2005 2195; x_wconf 92' lang='lat' dir='ltr'><strong>ad</strong></span> <span class='ocrx_word' id='word_1_243' title='bbox 2040 2139 2238 2195; x_wconf 81' lang='lat' dir='ltr'><strong>fratres</strong></span> <span class='ocrx_word' id='word_1_244' title='bbox 2262 2149 2475 2197; x_wconf 88' lang='lat' dir='ltr'><strong>nostros</strong></span> 
     </span>
    </p>
   </div>
   <div class='ocr_carea' id='block_1_36' title="bbox 916 2229 2473 2302">
    <p class='ocr_par' dir='ltr' id='par_1_36' title="bbox 916 2229 2473 2302">
     <span class='ocr_line' id='line_1_36' title="bbox 916 2229 2473 2302; baseline -0.004 -12"><span class='ocrx_word' id='word_1_245' title='bbox 916 2233 1271 2290; x_wconf 83' lang='lat' dir='ltr'><strong>communiter</strong></span> <span class='ocrx_word' id='word_1_246' title='bbox 1298 2232 1517 2302; x_wconf 89' lang='lat' dir='ltr'><strong>scripsi;</strong></span> <span class='ocrx_word' id='word_1_247' title='bbox 1547 2232 1591 2285; x_wconf 90' lang='lat' dir='ltr'><strong>si</strong></span> <span class='ocrx_word' id='word_1_248' title='bbox 1620 2231 1832 2299; x_wconf 85' lang='lat' dir='ltr'><strong>dignum</strong></span> <span class='ocrx_word' id='word_1_249' title='bbox 1863 2229 1990 2300; x_wconf 88' lang='lat' dir='ltr'><strong>quid</strong></span> <span class='ocrx_word' id='word_1_250' title='bbox 2034 2229 2087 2284; x_wconf 93' lang='lat' dir='ltr'><strong>in</strong></span> <span class='ocrx_word' id='word_1_251' title='bbox 2117 2244 2179 2283; x_wconf 90' lang='lat' dir='ltr'><strong>ea</strong></span> <span class='ocrx_word' id='word_1_252' title='bbox 2211 2230 2473 2295; x_wconf 79' lang='lat' dir='ltr'><strong>invenies,</strong></span> 
     </span>
    </p>
   </div>
   <div class='ocr_carea' id='block_1_37' title="bbox 909 2318 2473 2394">
    <p class='ocr_par' dir='ltr' id='par_1_37' title="bbox 909 2318 2473 2394">
     <span class='ocr_line' id='line_1_37' title="bbox 909 2318 2473 2394; baseline -0.003 -15"><span class='ocrx_word' id='word_1_253' title='bbox 909 2322 1130 2391; x_wconf 84' lang='lat' dir='ltr'><strong>iubeam</strong></span> <span class='ocrx_word' id='word_1_254' title='bbox 1177 2320 1382 2394; x_wconf 85' lang='lat' dir='ltr'><strong>[Forte,</strong></span> <span class='ocrx_word' id='word_1_255' title='bbox 1420 2320 1633 2393; x_wconf 90' lang='lat' dir='ltr'><strong>iubeas]</strong></span> <span class='ocrx_word' id='word_1_256' title='bbox 1688 2321 1877 2375; x_wconf 90' lang='lat' dir='ltr'><strong>melius</strong></span> <span class='ocrx_word' id='word_1_257' title='bbox 1921 2318 2272 2390; x_wconf 87' lang='lat' dir='ltr'><strong>perscribere,</strong></span> <span class='ocrx_word' id='word_1_258' title='bbox 2324 2326 2380 2374; x_wconf 91' lang='lat' dir='ltr'><strong>et</strong></span> <span class='ocrx_word' id='word_1_259' title='bbox 2430 2321 2473 2375; x_wconf 92' lang='lat' dir='ltr'><strong>si</strong></span> 
     </span>
    </p>
   </div>
   <div class='ocr_carea' id='block_1_38' title="bbox 919 2410 2474 2483">
    <p class='ocr_par' dir='ltr' id='par_1_38' title="bbox 919 2410 2474 2483">
     <span class='ocr_line' id='line_1_38' title="bbox 919 2410 2474 2483; baseline -0.003 -16"><span class='ocrx_word' id='word_1_260' title='bbox 919 2412 1047 2483; x_wconf 89' lang='lat' dir='ltr'><strong>quid</strong></span> <span class='ocrx_word' id='word_1_261' title='bbox 1073 2412 1374 2467; x_wconf 82' lang='lat' dir='ltr'><strong>addendum</strong></span> <span class='ocrx_word' id='word_1_262' title='bbox 1402 2412 1655 2475; x_wconf 79' lang='lat' dir='ltr'><strong>:estimas,</strong></span> <span class='ocrx_word' id='word_1_263' title='bbox 1688 2410 1772 2465; x_wconf 90' lang='lat' dir='ltr'><strong>fac</strong></span> <span class='ocrx_word' id='word_1_264' title='bbox 1815 2410 2109 2465; x_wconf 85' lang='lat' dir='ltr'><strong>secundum</strong></span> <span class='ocrx_word' id='word_1_265' title='bbox 2155 2410 2438 2464; x_wconf 86' lang='lat' dir='ltr'><strong>consilium</strong></span> <span class='ocrx_word' id='word_1_266' title='bbox 2458 2450 2474 2474; x_wconf 96' lang='lat'><strong>,</strong></span> 
     </span>
    </p>
   </div>
   <div class='ocr_carea' id='block_1_39' title="bbox 915 2500 2477 2574">
    <p class='ocr_par' dir='ltr' id='par_1_39' title="bbox 915 2500 2477 2574">
     <span class='ocr_line' id='line_1_39' title="bbox 915 2500 2477 2574; baseline -0.002 -16"><span class='ocrx_word' id='word_1_267' title='bbox 915 2504 1041 2574; x_wconf 85' lang='lat' dir='ltr'><strong>quia</strong></span> <span class='ocrx_word' id='word_1_268' title='bbox 1071 2502 1171 2557; x_wconf 87' lang='lat' dir='ltr'><strong>sub</strong></span> <span class='ocrx_word' id='word_1_269' title='bbox 1205 2502 1547 2557; x_wconf 80' lang='lat' dir='ltr'><strong>festinatione</strong></span> <span class='ocrx_word' id='word_1_270' title='bbox 1567 2501 1766 2555; x_wconf 87' lang='lat' dir='ltr'><strong>dictata</strong></span> <span class='ocrx_word' id='word_1_271' title='bbox 1793 2500 1893 2554; x_wconf 83' lang='lat' dir='ltr'><strong>fuit</strong></span> <span class='ocrx_word' id='word_1_272' title='bbox 1909 2502 1985 2555; x_wconf 87' lang='lat' dir='ltr'><strong>ad</strong></span> <span class='ocrx_word' id='word_1_273' title='bbox 2014 2502 2477 2556; x_wconf 90' lang='lat' dir='ltr'><strong>rememorandum</strong></span> 
     </span>
    </p>
   </div>
   <div class='ocr_carea' id='block_1_40' title="bbox 919 2589 2478 2659">
    <p class='ocr_par' dir='ltr' id='par_1_40' title="bbox 919 2589 2478 2659">
     <span class='ocr_line' id='line_1_40' title="bbox 919 2589 2478 2659; baseline 0.001 -16"><span class='ocrx_word' id='word_1_274' title='bbox 919 2591 1169 2645; x_wconf 65' lang='lat' dir='ltr'><strong>amicitia:</strong></span> <span class='ocrx_word' id='word_1_275' title='bbox 1192 2589 1598 2658; x_wconf 89' lang='lat' dir='ltr'><strong>iucunditatem,</strong></span> <span class='ocrx_word' id='word_1_276' title='bbox 1630 2597 1682 2643; x_wconf 92' lang='lat' dir='ltr'><strong>et</strong></span> <span class='ocrx_word' id='word_1_277' title='bbox 1707 2590 2009 2645; x_wconf 81' lang='lat' dir='ltr'><strong>orationum</strong></span> <span class='ocrx_word' id='word_1_278' title='bbox 2030 2606 2127 2659; x_wconf 87' lang='lat' dir='ltr'><strong>pro</strong></span> <span class='ocrx_word' id='word_1_279' title='bbox 2146 2591 2304 2645; x_wconf 85' lang='lat' dir='ltr'><strong>nobis</strong></span> <span class='ocrx_word' id='word_1_280' title='bbox 2324 2591 2478 2645; x_wconf 84' lang='lat' dir='ltr'><strong>sedu-</strong></span> 
     </span>
    </p>
   </div>
   <div class='ocr_carea' id='block_1_41' title="bbox 896 2666 2473 2747">
    <p class='ocr_par' dir='ltr' id='par_1_41' title="bbox 896 2666 2473 2747">
     <span class='ocr_line' id='line_1_41' title="bbox 896 2666 2473 2747; baseline -0.001 -12"><span class='ocrx_word' id='word_1_281' title='bbox 896 2666 1121 2735; x_wconf 34' lang='lat' dir='ltr'><strong>&#39;litatem</strong></span> <span class='ocrx_word' id='word_1_282' title='bbox 1139 2720 1153 2743; x_wconf 94' lang='lat'><strong>,</strong></span> <span class='ocrx_word' id='word_1_283' title='bbox 1189 2679 1327 2734; x_wconf 88' lang='lat' dir='ltr'><strong>sicut</strong></span> <span class='ocrx_word' id='word_1_284' title='bbox 1355 2678 1462 2734; x_wconf 92' lang='lat' dir='ltr'><strong>scis</strong></span> <span class='ocrx_word' id='word_1_285' title='bbox 1486 2694 1735 2747; x_wconf 87' lang='lat' dir='ltr'><strong>magnum</strong></span> <span class='ocrx_word' id='word_1_286' title='bbox 1780 2694 1879 2733; x_wconf 92' lang='lat' dir='ltr'><strong>nos</strong></span> <span class='ocrx_word' id='word_1_287' title='bbox 1903 2679 2099 2734; x_wconf 86' lang='lat' dir='ltr'><strong>habere</strong></span> <span class='ocrx_word' id='word_1_288' title='bbox 2125 2680 2473 2744; x_wconf 87' lang='lat' dir='ltr'><strong>desiderium,</strong></span> 
     </span>
    </p>
   </div>
   <div class='ocr_carea' id='block_1_42' title="bbox 917 2768 2477 2840">
    <p class='ocr_par' dir='ltr' id='par_1_42' title="bbox 917 2768 2477 2840">
     <span class='ocr_line' id='line_1_42' title="bbox 917 2768 2477 2840; baseline -0.004 -13"><span class='ocrx_word' id='word_1_289' title='bbox 917 2785 1164 2840; x_wconf 82' lang='lat' dir='ltr'><strong>magnam</strong></span> <span class='ocrx_word' id='word_1_290' title='bbox 1190 2770 1351 2823; x_wconf 88' lang='lat' dir='ltr'><strong>etiam</strong></span> <span class='ocrx_word' id='word_1_291' title='bbox 1377 2769 1769 2831; x_wconf 88' lang='lat' dir='ltr'><strong>necessitatem,</strong></span> <span class='ocrx_word' id='word_1_292' title='bbox 1808 2783 2059 2837; x_wconf 88' lang='lat' dir='ltr'><strong>spemque</strong></span> <span class='ocrx_word' id='word_1_293' title='bbox 2084 2770 2281 2823; x_wconf 88' lang='lat' dir='ltr'><strong>bonam</strong></span> <span class='ocrx_word' id='word_1_294' title='bbox 2307 2768 2374 2823; x_wconf 91' lang='lat' dir='ltr'><strong>de</strong></span> <span class='ocrx_word' id='word_1_295' title='bbox 2410 2768 2477 2821; x_wconf 88' lang='lat' dir='ltr'><strong>il-</strong></span> 
     </span>
    </p>
   </div>
   <div class='ocr_carea' id='block_1_43' title="bbox 917 2855 2478 2921">
    <p class='ocr_par' dir='ltr' id='par_1_43' title="bbox 917 2855 2478 2921">
     <span class='ocr_line' id='line_1_43' title="bbox 917 2855 2478 2921; baseline -0.001 -10"><span class='ocrx_word' id='word_1_296' title='bbox 917 2858 1090 2914; x_wconf 90' lang='lat' dir='ltr'><strong>lorum</strong></span> <span class='ocrx_word' id='word_1_297' title='bbox 1134 2858 1330 2911; x_wconf 86' lang='lat' dir='ltr'><strong>habere</strong></span> <span class='ocrx_word' id='word_1_298' title='bbox 1356 2857 1737 2912; x_wconf 86' lang='lat' dir='ltr'><strong>sacratissimis</strong></span> <span class='ocrx_word' id='word_1_299' title='bbox 1762 2856 2116 2911; x_wconf 84' lang='lat' dir='ltr'><strong>orationibus.</strong></span> <span class='ocrx_word' id='word_1_300' title='bbox 2146 2855 2248 2911; x_wconf 84' lang='lat' dir='ltr'><strong>Ubi</strong></span> <span class='ocrx_word' id='word_1_301' title='bbox 2295 2864 2372 2921; x_wconf 90' lang='lat' dir='ltr'><strong>tu,</strong></span> <span class='ocrx_word' id='word_1_302' title='bbox 2406 2856 2478 2911; x_wconf 89' lang='lat' dir='ltr'><strong>ibi</strong></span> 
     </span>
    </p>
   </div>
   <div class='ocr_carea' id='block_1_44' title="bbox 917 2944 2046 3016">
    <p class='ocr_par' dir='ltr' id='par_1_44' title="bbox 917 2944 2046 3016">
     <span class='ocr_line' id='line_1_44' title="bbox 917 2944 2046 3016; baseline -0.004 -13"><span class='ocrx_word' id='word_1_303' title='bbox 917 2957 973 3003; x_wconf 87' lang='lat' dir='ltr'><strong>et</strong></span> <span class='ocrx_word' id='word_1_304' title='bbox 993 2962 1115 3016; x_wconf 80' lang='lat' dir='ltr'><strong>ego,</strong></span> <span class='ocrx_word' id='word_1_305' title='bbox 1140 2954 1195 3002; x_wconf 92' lang='lat' dir='ltr'><strong>et</strong></span> <span class='ocrx_word' id='word_1_306' title='bbox 1224 2944 1363 2999; x_wconf 90' lang='lat' dir='ltr'><strong>Deus</strong></span> <span class='ocrx_word' id='word_1_307' title='bbox 1383 2945 1658 2999; x_wconf 89' lang='lat' dir='ltr'><strong>uobiscum</strong></span> <span class='ocrx_word' id='word_1_308' title='bbox 1688 2946 1743 2999; x_wconf 94' lang='lat' dir='ltr'><strong>in</strong></span> <span class='ocrx_word' id='word_1_309' title='bbox 1767 2954 2046 3000; x_wconf 66' lang='lat' dir='ltr'><strong>aeternum.</strong></span> 
     </span>
    </p>
   </div>
   <div class='ocr_carea' id='block_1_45' title="bbox 990 3036 2481 3105">
    <p class='ocr_par' dir='ltr' id='par_1_45' title="bbox 990 3036 2481 3105">
     <span class='ocr_line' id='line_1_45' title="bbox 990 3036 2481 3105; baseline -0.001 -13"><span class='ocrx_word' id='word_1_310' title='bbox 990 3036 1293 3092; x_wconf 90' lang='lat' dir='ltr'><strong>Secundum</strong></span> <span class='ocrx_word' id='word_1_311' title='bbox 1310 3036 1757 3105; x_wconf 81' lang='lat' dir='ltr'><strong>Opportunitatem</strong></span> <span class='ocrx_word' id='word_1_312' title='bbox 1779 3036 2053 3105; x_wconf 89' lang='lat' dir='ltr'><strong>portitoris</strong></span> <span class='ocrx_word' id='word_1_313' title='bbox 2073 3037 2268 3105; x_wconf 69' lang='lat' dir='ltr'><strong>saepius</strong></span> <span class='ocrx_word' id='word_1_314' title='bbox 2290 3036 2481 3091; x_wconf 76' lang='lat' dir='ltr'><strong>littera:</strong></span> 
     </span>
    </p>
   </div>
   <div class='ocr_carea' id='block_1_46' title="bbox 919 3124 2478 3193">
    <p class='ocr_par' dir='ltr' id='par_1_46' title="bbox 919 3124 2478 3193">
     <span class='ocr_line' id='line_1_46' title="bbox 919 3124 2478 3193; baseline -0.001 -14"><span class='ocrx_word' id='word_1_315' title='bbox 919 3127 1156 3191; x_wconf 76' lang='lat' dir='ltr'><strong>veniant,</strong></span> <span class='ocrx_word' id='word_1_316' title='bbox 1197 3140 1297 3179; x_wconf 89' lang='lat' dir='ltr'><strong>nec</strong></span> <span class='ocrx_word' id='word_1_317' title='bbox 1340 3124 1640 3188; x_wconf 86' lang='lat' dir='ltr'><strong>rusticitas,</strong></span> <span class='ocrx_word' id='word_1_318' title='bbox 1669 3125 1733 3179; x_wconf 94' lang='lat' dir='ltr'><strong>de</strong></span> <span class='ocrx_word' id='word_1_319' title='bbox 1774 3139 1879 3193; x_wconf 88' lang='lat' dir='ltr'><strong>qua</strong></span> <span class='ocrx_word' id='word_1_320' title='bbox 1910 3132 1962 3179; x_wconf 87' lang='lat' dir='ltr'><strong>te</strong></span> <span class='ocrx_word' id='word_1_321' title='bbox 2002 3140 2261 3180; x_wconf 82' lang='lat' dir='ltr'><strong>excusare</strong></span> <span class='ocrx_word' id='word_1_322' title='bbox 2307 3126 2478 3189; x_wconf 89' lang='lat' dir='ltr'><strong>soles,</strong></span> 
     </span>
    </p>
   </div>
   <div class='ocr_carea' id='block_1_47' title="bbox 918 3213 2481 3278">
    <p class='ocr_par' dir='ltr' id='par_1_47' title="bbox 918 3213 2481 3278">
     <span class='ocr_line' id='line_1_47' title="bbox 918 3213 2481 3278; baseline -0.003 -7"><span class='ocrx_word' id='word_1_323' title='bbox 918 3216 1232 3271; x_wconf 84' lang='lat' dir='ltr'><strong>cbaritatem</strong></span> <span class='ocrx_word' id='word_1_324' title='bbox 1279 3222 1456 3269; x_wconf 89' lang='lat' dir='ltr'><strong>tacere</strong></span> <span class='ocrx_word' id='word_1_325' title='bbox 1479 3213 1661 3278; x_wconf 90' lang='lat' dir='ltr'><strong>faciat,</strong></span> <span class='ocrx_word' id='word_1_326' title='bbox 1689 3228 1756 3268; x_wconf 91' lang='lat' dir='ltr'><strong>ne</strong></span> <span class='ocrx_word' id='word_1_327' title='bbox 1794 3215 1971 3269; x_wconf 89' lang='lat' dir='ltr'><strong>minus</strong></span> <span class='ocrx_word' id='word_1_328' title='bbox 1992 3213 2204 3269; x_wconf 85' lang='lat' dir='ltr'><strong>flamma</strong></span> <span class='ocrx_word' id='word_1_329' title='bbox 2246 3215 2481 3269; x_wconf 89' lang='lat' dir='ltr'><strong>lucescat</strong></span> 
     </span>
    </p>
   </div>
   <div class='ocr_carea' id='block_1_48' title="bbox 921 3302 2550 3376">
    <p class='ocr_par' dir='ltr' id='par_1_48' title="bbox 921 3302 2550 3376">
     <span class='ocr_line' id='line_1_48' title="bbox 921 3302 2550 3376; baseline 0 -15"><span class='ocrx_word' id='word_1_330' title='bbox 921 3308 1083 3371; x_wconf 86' lang='lat' dir='ltr'><strong>illius,</strong></span> <span class='ocrx_word' id='word_1_331' title='bbox 1109 3306 1202 3361; x_wconf 83' lang='lat' dir='ltr'><strong>sed</strong></span> <span class='ocrx_word' id='word_1_332' title='bbox 1237 3305 1435 3376; x_wconf 86' lang='lat' dir='ltr'><strong>fulgeat</strong></span> <span class='ocrx_word' id='word_1_333' title='bbox 1460 3306 1530 3373; x_wconf 56' lang='lat' dir='ltr'><strong>fin</strong></span> <span class='ocrx_word' id='word_1_334' title='bbox 1561 3304 1841 3371; x_wconf 85' lang='lat' dir='ltr'><strong>chartulis,</strong></span> <span class='ocrx_word' id='word_1_335' title='bbox 1866 3320 1985 3374; x_wconf 67' lang='lat' dir='ltr'><strong>qua:</strong></span> <span class='ocrx_word' id='word_1_336' title='bbox 2016 3306 2069 3358; x_wconf 92' lang='lat' dir='ltr'><strong>in</strong></span> <span class='ocrx_word' id='word_1_337' title='bbox 2102 3304 2264 3359; x_wconf 88' lang='lat' dir='ltr'><strong>corde</strong></span> <span class='ocrx_word' id='word_1_338' title='bbox 2286 3318 2478 3375; x_wconf 89' lang='lat' dir='ltr'><strong>perpe-</strong></span> <span class='ocrx_word' id='word_1_339' title='bbox 2506 3302 2550 3361; x_wconf 87' lang='lat' dir='ltr'><strong>C</strong></span> 
     </span>
    </p>
   </div>
   <div class='ocr_carea' id='block_1_49' title="bbox 922 3395 2478 3460">
    <p class='ocr_par' dir='ltr' id='par_1_49' title="bbox 922 3395 2478 3460">
     <span class='ocr_line' id='line_1_49' title="bbox 922 3395 2478 3460; baseline 0 -10"><span class='ocrx_word' id='word_1_340' title='bbox 922 3395 1137 3450; x_wconf 86' lang='lat' dir='ltr'><strong>tualiter</strong></span> <span class='ocrx_word' id='word_1_341' title='bbox 1156 3395 1370 3450; x_wconf 86' lang='lat' dir='ltr'><strong>incensa</strong></span> <span class='ocrx_word' id='word_1_342' title='bbox 1402 3396 1573 3450; x_wconf 88' lang='lat' dir='ltr'><strong>ardet.</strong></span> <span class='ocrx_word' id='word_1_343' title='bbox 1609 3395 1820 3450; x_wconf 78' lang='lat' dir='ltr'><strong>Vadens</strong></span> <span class='ocrx_word' id='word_1_344' title='bbox 1850 3396 2005 3460; x_wconf 90' lang='lat' dir='ltr'><strong>vade,</strong></span> <span class='ocrx_word' id='word_1_345' title='bbox 2037 3395 2144 3450; x_wconf 92' lang='lat' dir='ltr'><strong>Deo</strong></span> <span class='ocrx_word' id='word_1_346' title='bbox 2170 3396 2478 3460; x_wconf 89' lang='lat' dir='ltr'><strong>miserante,</strong></span> 
     </span>
    </p>
   </div>
   <div class='ocr_carea' id='block_1_50' title="bbox 846 3484 2485 3555">
    <p class='ocr_par' dir='ltr' id='par_1_50' title="bbox 846 3484 2485 3555">
     <span class='ocr_line' id='line_1_50' title="bbox 846 3484 2485 3555; baseline -0.001 -13"><span class='ocrx_word' id='word_1_347' title='bbox 846 3500 851 3505; x_wconf 90' lang='lat'>&#39;</span> <span class='ocrx_word' id='word_1_348' title='bbox 920 3501 1046 3542; x_wconf 86' lang='lat' dir='ltr'><strong>eum</strong></span> <span class='ocrx_word' id='word_1_349' title='bbox 1073 3486 1217 3540; x_wconf 91' lang='lat' dir='ltr'><strong>omni</strong></span> <span class='ocrx_word' id='word_1_350' title='bbox 1243 3485 1611 3555; x_wconf 86' lang='lat' dir='ltr'><strong>prosperitate.</strong></span> <span class='ocrx_word' id='word_1_351' title='bbox 1635 3484 1825 3539; x_wconf 75' lang='lat' dir='ltr'><strong>Videat</strong></span> <span class='ocrx_word' id='word_1_352' title='bbox 1850 3492 1902 3538; x_wconf 92' lang='lat' dir='ltr'><strong>te</strong></span> <span class='ocrx_word' id='word_1_353' title='bbox 1927 3484 2111 3539; x_wconf 91' lang='lat' dir='ltr'><strong>oculus</strong></span> <span class='ocrx_word' id='word_1_354' title='bbox 2135 3499 2302 3551; x_wconf 89' lang='lat' dir='ltr'><strong>meus,</strong></span> <span class='ocrx_word' id='word_1_355' title='bbox 2333 3494 2485 3540; x_wconf 84' lang='lat' dir='ltr'><strong>ante-</strong></span> 
     </span>
    </p>
   </div>
   <div class='ocr_carea' id='block_1_51' title="bbox 920 3576 2484 3651">
    <p class='ocr_par' dir='ltr' id='par_1_51' title="bbox 920 3576 2484 3651">
     <span class='ocr_line' id='line_1_51' title="bbox 920 3576 2484 3651; baseline -0.001 -16"><span class='ocrx_word' id='word_1_356' title='bbox 920 3594 1079 3651; x_wconf 85' lang='lat' dir='ltr'><strong>quam</strong></span> <span class='ocrx_word' id='word_1_357' title='bbox 1119 3579 1340 3643; x_wconf 89' lang='lat' dir='ltr'><strong>moriar,</strong></span> <span class='ocrx_word' id='word_1_358' title='bbox 1371 3593 1475 3632; x_wconf 91' lang='lat' dir='ltr'><strong>non</strong></span> <span class='ocrx_word' id='word_1_359' title='bbox 1502 3576 1685 3640; x_wconf 88' lang='lat' dir='ltr'><strong>semel,</strong></span> <span class='ocrx_word' id='word_1_360' title='bbox 1730 3577 1825 3632; x_wconf 87' lang='lat' dir='ltr'><strong>sed</strong></span> <span class='ocrx_word' id='word_1_361' title='bbox 1869 3577 2086 3647; x_wconf 65' lang='lat' dir='ltr'><strong>saepius,</strong></span> <span class='ocrx_word' id='word_1_362' title='bbox 2113 3577 2346 3631; x_wconf 90' lang='lat' dir='ltr'><strong>donante</strong></span> <span class='ocrx_word' id='word_1_363' title='bbox 2374 3576 2484 3633; x_wconf 87' lang='lat' dir='ltr'><strong>Deo</strong></span> 
     </span>
    </p>
   </div>
   <div class='ocr_carea' id='block_1_52' title="bbox 921 3666 1731 3738">
    <p class='ocr_par' dir='ltr' id='par_1_52' title="bbox 921 3666 1731 3738">
     <span class='ocr_line' id='line_1_52' title="bbox 921 3666 1731 3738; baseline -0.006 -15"><span class='ocrx_word' id='word_1_364' title='bbox 921 3682 1135 3738; x_wconf 81' lang='lat' dir='ltr'><strong>semper</strong></span> <span class='ocrx_word' id='word_1_365' title='bbox 1165 3670 1217 3723; x_wconf 90' lang='lat' dir='ltr'><strong>in</strong></span> <span class='ocrx_word' id='word_1_366' title='bbox 1246 3676 1505 3722; x_wconf 65' lang='lat' dir='ltr'><strong>aeternum</strong></span> <span class='ocrx_word' id='word_1_367' title='bbox 1530 3666 1731 3719; x_wconf 89' lang='lat' dir='ltr'><strong>valeas.</strong></span> 
     </span>
    </p>
   </div>
   <div class='ocr_carea' id='block_1_53' title="bbox 1283 3777 2158 3849">
    <p class='ocr_par' dir='ltr' id='par_1_53' title="bbox 1283 3777 2158 3849">
     <span class='ocr_line' id='line_1_53' title="bbox 1283 3777 2158 3849; baseline -0.008 -11"><span class='ocrx_word' id='word_1_368' title='bbox 1283 3779 1445 3849; x_wconf 73' lang='grc'><strong>278</strong></span> <span class='ocrx_word' id='word_1_369' title='bbox 1483 3790 1504 3817; x_wconf 74' lang='grc' dir='ltr'><strong>ε</strong></span> <span class='ocrx_word' id='word_1_370' title='bbox 1547 3777 1875 3833; x_wconf 75' lang='lat' dir='ltr'><strong>EPISTOLA</strong></span> <span class='ocrx_word' id='word_1_371' title='bbox 1912 3777 2158 3833; x_wconf 73' lang='lat' dir='ltr'><strong>CCXXII.</strong></span> 
     </span>
    </p>
   </div>
   <div class='ocr_carea' id='block_1_54' title="bbox 1316 3868 2129 3924">
    <p class='ocr_par' dir='ltr' id='par_1_54' title="bbox 1316 3868 2129 3924">
     <span class='ocr_line' id='line_1_54' title="bbox 1316 3868 2129 3924; baseline -0.004 0"><span class='ocrx_word' id='word_1_372' title='bbox 1316 3868 1343 3908; x_wconf 74' lang='grc' dir='ltr'>ά</span> <span class='ocrx_word' id='word_1_373' title='bbox 1378 3885 1444 3924; x_wconf 68' lang='lat' dir='ltr'><strong>an</strong></span> <span class='ocrx_word' id='word_1_374' title='bbox 1480 3884 1839 3924; x_wconf 66' lang='lat' dir='ltr'><strong>BtLLlltll-ZNSES</strong></span> <span class='ocrx_word' id='word_1_375' title='bbox 1875 3883 2129 3923; x_wconf 67' lang='lat' dir='ltr'><strong>ruinas.</strong></span> 
     </span>
    </p>
   </div>
   <div class='ocr_carea' id='block_1_55' title="bbox 925 3982 2486 4053">
    <p class='ocr_par' dir='ltr' id='par_1_55' title="bbox 925 3982 2486 4053">
     <span class='ocr_line' id='line_1_55' title="bbox 925 3982 2486 4053; baseline -0.006 -9"><span class='ocrx_word' id='word_1_376' title='bbox 925 3986 1303 4043; x_wconf 75' lang='lat' dir='ltr'><strong>Commemorat</strong></span> <span class='ocrx_word' id='word_1_377' title='bbox 1354 3986 1548 4053; x_wconf 79' lang='lat' dir='ltr'><strong>famam</strong></span> <span class='ocrx_word' id='word_1_378' title='bbox 1584 3985 1729 4038; x_wconf 77' lang='lat' dir='ltr'><strong>bona:</strong></span> <span class='ocrx_word' id='word_1_379' title='bbox 1771 3982 1999 4053; x_wconf 7' lang='lat' dir='ltr'><strong>illorum,</strong></span> <span class='ocrx_word' id='word_1_380' title='bbox 2039 3982 2439 4053; x_wconf 80' lang='lat' dir='ltr'><strong>conversationis</strong></span> <span class='ocrx_word' id='word_1_381' title='bbox 2468 3999 2486 4035; x_wconf 90' lang='lat'><strong><em>:</em></strong></span> 
     </span>
    </p>
   </div>
   <div class='ocr_carea' id='block_1_56' title="bbox 997 4050 2489 4127">
    <p class='ocr_par' dir='ltr' id='par_1_56' title="bbox 997 4050 2489 4127">
     <span class='ocr_line' id='line_1_56' title="bbox 997 4050 2489 4127; baseline -0.003 -19"><span class='ocrx_word' id='word_1_382' title='bbox 997 4056 1231 4127; x_wconf 69' lang='lat' dir='ltr'><strong>precibus</strong></span> <span class='ocrx_word' id='word_1_383' title='bbox 1258 4050 1434 4127; x_wconf 67' lang='lat' dir='ltr'><strong>certius</strong></span> <span class='ocrx_word' id='word_1_384' title='bbox 1463 4069 1517 4107; x_wconf 86' lang='lat' dir='ltr'><strong>se</strong></span> <span class='ocrx_word' id='word_1_385' title='bbox 1544 4052 1867 4105; x_wconf 69' lang='lat' dir='ltr'><strong>commendat</strong></span> <span class='ocrx_word' id='word_1_386' title='bbox 1902 4066 1921 4105; x_wconf 89' lang='lat'><strong><em>:</em></strong></span> <span class='ocrx_word' id='word_1_387' title='bbox 1979 4050 2219 4105; x_wconf 71' lang='lat' dir='ltr'><strong>hortatur</strong></span> <span class='ocrx_word' id='word_1_388' title='bbox 2257 4050 2324 4105; x_wconf 83' lang='lat' dir='ltr'><strong>ad</strong></span> <span class='ocrx_word' id='word_1_389' title='bbox 2374 4067 2489 4103; x_wconf 75' lang='lat' dir='ltr'><strong>tnu-</strong></span> 
     </span>
    </p>
   </div>
   <div class='ocr_carea' id='block_1_57' title="bbox 1000 4124 1794 4191">
    <p class='ocr_par' dir='ltr' id='par_1_57' title="bbox 1000 4124 1794 4191">
     <span class='ocr_line' id='line_1_57' title="bbox 1000 4124 1794 4191; baseline -0.006 -14"><span class='ocrx_word' id='word_1_390' title='bbox 1000 4124 1147 4179; x_wconf 74' lang='lat' dir='ltr'><strong>tuam</strong></span> <span class='ocrx_word' id='word_1_391' title='bbox 1180 4124 1485 4177; x_wconf 78' lang='lat' dir='ltr'><strong>charitatem</strong></span> <span class='ocrx_word' id='word_1_392' title='bbox 1509 4130 1558 4175; x_wconf 85' lang='lat' dir='ltr'><strong>et</strong></span> <span class='ocrx_word' id='word_1_393' title='bbox 1589 4136 1794 4191; x_wconf 64' lang='lat' dir='ltr'><strong>pacem,</strong></span> 
     </span>
    </p>
   </div>
   <div class='ocr_carea' id='block_1_58' title="bbox 1000 4227 2490 4305">
    <p class='ocr_par' dir='ltr' id='par_1_58' title="bbox 1000 4227 2490 4305">
     <span class='ocr_line' id='line_1_58' title="bbox 1000 4227 2490 4305; baseline -0.004 -15"><span class='ocrx_word' id='word_1_394' title='bbox 1000 4231 1283 4305; x_wconf 68' lang='lat' dir='ltr'><strong>Religioste</strong></span> <span class='ocrx_word' id='word_1_395' title='bbox 1330 4228 1747 4300; x_wconf 80' lang='lat' dir='ltr'><strong>congregationi</strong></span> <span class='ocrx_word' id='word_1_396' title='bbox 1798 4228 2120 4283; x_wconf 85' lang='lat' dir='ltr'><strong>sanctissimi</strong></span> <span class='ocrx_word' id='word_1_397' title='bbox 2168 4227 2341 4283; x_wconf 86' lang='lat' dir='ltr'><strong>Patris</strong></span> <span class='ocrx_word' id='word_1_398' title='bbox 2384 4228 2490 4284; x_wconf 81' lang='lat' dir='ltr'><strong>Ho-</strong></span> 
     </span>
    </p>
   </div>
   <div class='ocr_carea' id='block_1_59' title="bbox 931 4317 1966 4386">
    <p class='ocr_par' dir='ltr' id='par_1_59' title="bbox 931 4317 1966 4386">
     <span class='ocr_line' id='line_1_59' title="bbox 931 4317 1966 4386; baseline -0.005 -9"><span class='ocrx_word' id='word_1_399' title='bbox 931 4323 1131 4386; x_wconf 86' lang='lat' dir='ltr'><strong>norati,</strong></span> <span class='ocrx_word' id='word_1_400' title='bbox 1160 4320 1415 4375; x_wconf 76' lang='lat' dir='ltr'><strong>Alcuinus</strong></span> <span class='ocrx_word' id='word_1_401' title='bbox 1439 4320 1692 4375; x_wconf 89' lang='lat' dir='ltr'><strong>diaconus</strong></span> <span class='ocrx_word' id='word_1_402' title='bbox 1719 4317 1966 4374; x_wconf 81' lang='lat' dir='ltr'><strong>salutem.</strong></span> 
     </span>
    </p>
   </div>
   <div class='ocr_carea' id='block_1_60' title="bbox 1008 4404 2492 4479">
    <p class='ocr_par' dir='ltr' id='par_1_60' title="bbox 1008 4404 2492 4479">
     <span class='ocr_line' id='line_1_60' title="bbox 1008 4404 2492 4479; baseline -0.001 -17"><span class='ocrx_word' id='word_1_403' title='bbox 1008 4408 1327 4479; x_wconf 83' lang='lat' dir='ltr'><strong>Congaudeo</strong></span> <span class='ocrx_word' id='word_1_404' title='bbox 1348 4407 1571 4466; x_wconf 86' lang='lat' dir='ltr'><strong>multum</strong></span> <span class='ocrx_word' id='word_1_405' title='bbox 1587 4404 1653 4461; x_wconf 86' lang='lat' dir='ltr'><strong>de</strong></span> <span class='ocrx_word' id='word_1_406' title='bbox 1675 4406 1877 4476; x_wconf 87' lang='lat' dir='ltr'><strong>optima</strong></span> <span class='ocrx_word' id='word_1_407' title='bbox 1902 4404 2047 4461; x_wconf 86' lang='lat' dir='ltr'><strong>fama</strong></span> <span class='ocrx_word' id='word_1_408' title='bbox 2070 4408 2492 4463; x_wconf 85' lang='lat' dir='ltr'><strong>conversationis</strong></span> 
     </span>
    </p>
   </div>
   <div class='ocr_carea' id='block_1_61' title="bbox 944 4495 2493 4567">
    <p class='ocr_par' dir='ltr' id='par_1_61' title="bbox 944 4495 2493 4567">
     <span class='ocr_line' id='line_1_61' title="bbox 944 4495 2493 4567; baseline 0.001 -16"><span class='ocrx_word' id='word_1_409' title='bbox 944 4506 1154 4562; x_wconf 68' lang='lat' dir='ltr'><strong>vestrae,</strong></span> <span class='ocrx_word' id='word_1_410' title='bbox 1192 4505 1248 4551; x_wconf 89' lang='lat' dir='ltr'><strong>et</strong></span> <span class='ocrx_word' id='word_1_411' title='bbox 1277 4496 1536 4567; x_wconf 86' lang='lat' dir='ltr'><strong>regularis</strong></span> <span class='ocrx_word' id='word_1_412' title='bbox 1563 4495 1689 4550; x_wconf 68' lang='lat' dir='ltr'><strong>vita</strong></span> <span class='ocrx_word' id='word_1_413' title='bbox 1712 4496 2104 4561; x_wconf 81' lang='lat' dir='ltr'><strong>observatione,</strong></span> <span class='ocrx_word' id='word_1_414' title='bbox 2138 4506 2194 4552; x_wconf 91' lang='lat' dir='ltr'><strong>et</strong></span> <span class='ocrx_word' id='word_1_415' title='bbox 2219 4498 2321 4567; x_wconf 64' lang='lat' dir='ltr'><strong>pia:</strong></span> <span class='ocrx_word' id='word_1_416' title='bbox 2347 4499 2493 4567; x_wconf 84' lang='lat' dir='ltr'><strong>pacis</strong></span> 
     </span>
    </p>
   </div>
   <div class='ocr_carea' id='block_1_62' title="bbox 2571 2063 4129 2135">
    <p class='ocr_par' dir='ltr' id='par_1_62' title="bbox 2571 2063 4129 2135">
     <span class='ocr_line' id='line_1_62' title="bbox 2571 2063 4129 2135; baseline -0.001 -15"><span class='ocrx_word' id='word_1_417' title='bbox 2571 2070 2714 2120; x_wconf 82' lang='lat' dir='ltr'><strong>niam</strong></span> <span class='ocrx_word' id='word_1_418' title='bbox 2741 2065 2841 2134; x_wconf 75' lang='lat' dir='ltr'><strong>filii</strong></span> <span class='ocrx_word' id='word_1_419' title='bbox 2880 2064 2975 2117; x_wconf 84' lang='lat' dir='ltr'><strong>Dei</strong></span> <span class='ocrx_word' id='word_1_420' title='bbox 3014 2064 3333 2118; x_wconf 65' lang='lat' dir='ltr'><strong>vocabuntur</strong></span> <span class='ocrx_word' id='word_1_421' title='bbox 3367 2063 3578 2135; x_wconf 73' lang='lat' dir='ltr'><strong>(Matth.</strong></span> <span class='ocrx_word' id='word_1_422' title='bbox 3601 2080 3653 2129; x_wconf 91' lang='lat' dir='ltr'><strong>v,</strong></span> <span class='ocrx_word' id='word_1_423' title='bbox 3679 2064 3912 2134; x_wconf 81' lang='lat' dir='ltr'><strong>9)?ldeo</strong></span> <span class='ocrx_word' id='word_1_424' title='bbox 3937 2080 4129 2133; x_wconf 80' lang='lat' dir='ltr'><strong>perne-</strong></span> 
     </span>
    </p>
   </div>
   <div class='ocr_carea' id='block_1_63' title="bbox 2569 2152 4130 2221">
    <p class='ocr_par' dir='ltr' id='par_1_63' title="bbox 2569 2152 4130 2221">
     <span class='ocr_line' id='line_1_63' title="bbox 2569 2152 4130 2221; baseline -0.002 -12"><span class='ocrx_word' id='word_1_425' title='bbox 2569 2154 2867 2209; x_wconf 86' lang='lat' dir='ltr'><strong>cessarium</strong></span> <span class='ocrx_word' id='word_1_426' title='bbox 2894 2161 2977 2208; x_wconf 90' lang='lat' dir='ltr'><strong>est</strong></span> <span class='ocrx_word' id='word_1_427' title='bbox 3004 2152 3277 2215; x_wconf 89' lang='lat' dir='ltr'><strong>omnibus,</strong></span> <span class='ocrx_word' id='word_1_428' title='bbox 3319 2152 3414 2206; x_wconf 90' lang='lat' dir='ltr'><strong>sed</strong></span> <span class='ocrx_word' id='word_1_429' title='bbox 3463 2154 3633 2221; x_wconf 87' lang='lat' dir='ltr'><strong>magis</strong></span> <span class='ocrx_word' id='word_1_430' title='bbox 3676 2153 3729 2206; x_wconf 92' lang='lat' dir='ltr'><strong>in</strong></span> <span class='ocrx_word' id='word_1_431' title='bbox 3764 2168 3915 2207; x_wconf 87' lang='lat' dir='ltr'><strong>sacro</strong></span> <span class='ocrx_word' id='word_1_432' title='bbox 3944 2154 4130 2208; x_wconf 83' lang='lat' dir='ltr'><strong>ordine</strong></span> 
     </span>
    </p>
   </div>
   <div class='ocr_carea' id='block_1_64' title="bbox 2573 2243 4130 2317">
    <p class='ocr_par' dir='ltr' id='par_1_64' title="bbox 2573 2243 4130 2317">
     <span class='ocr_line' id='line_1_64' title="bbox 2573 2243 4130 2317; baseline -0.003 -16"><span class='ocrx_word' id='word_1_433' title='bbox 2573 2246 2835 2317; x_wconf 85' lang='lat' dir='ltr'><strong>regularis</strong></span> <span class='ocrx_word' id='word_1_434' title='bbox 2872 2244 2993 2298; x_wconf 67' lang='lat' dir='ltr'><strong>vita:</strong></span> <span class='ocrx_word' id='word_1_435' title='bbox 3040 2243 3354 2310; x_wconf 82' lang='lat' dir='ltr'><strong>degentibus</strong></span> <span class='ocrx_word' id='word_1_436' title='bbox 3381 2282 3396 2307; x_wconf 94' lang='lat'><strong>,</strong></span> <span class='ocrx_word' id='word_1_437' title='bbox 3436 2244 3735 2298; x_wconf 75' lang='lat' dir='ltr'><strong>concordim</strong></span> <span class='ocrx_word' id='word_1_438' title='bbox 3761 2244 3957 2299; x_wconf 88' lang='lat' dir='ltr'><strong>bonum</strong></span> <span class='ocrx_word' id='word_1_439' title='bbox 3983 2245 4130 2297; x_wconf 89' lang='lat' dir='ltr'><strong>omni</strong></span> 
     </span>
    </p>
   </div>
   <div class='ocr_carea' id='block_1_65' title="bbox 2574 2333 4125 2402">
    <p class='ocr_par' dir='ltr' id='par_1_65' title="bbox 2574 2333 4125 2402">
     <span class='ocr_line' id='line_1_65' title="bbox 2574 2333 4125 2402; baseline -0.003 -13"><span class='ocrx_word' id='word_1_440' title='bbox 2574 2335 2751 2390; x_wconf 88' lang='lat' dir='ltr'><strong>studio</strong></span> <span class='ocrx_word' id='word_1_441' title='bbox 2800 2335 3103 2397; x_wconf 56' lang='lat' dir='ltr'><strong>observare,</strong></span> <span class='ocrx_word' id='word_1_442' title='bbox 3139 2341 3193 2386; x_wconf 88' lang='lat' dir='ltr'><strong>et</strong></span> <span class='ocrx_word' id='word_1_443' title='bbox 3234 2333 3381 2402; x_wconf 89' lang='lat' dir='ltr'><strong>pacis</strong></span> <span class='ocrx_word' id='word_1_444' title='bbox 3404 2334 3848 2398; x_wconf 81' lang='lat' dir='ltr'><strong>unanimitatem;</strong></span> <span class='ocrx_word' id='word_1_445' title='bbox 3883 2334 4005 2401; x_wconf 89' lang='lat' dir='ltr'><strong>quia</strong></span> <span class='ocrx_word' id='word_1_446' title='bbox 4038 2333 4125 2401; x_wconf 68' lang='lat' dir='ltr'><strong>qu’</strong></span> 
     </span>
    </p>
   </div>
   <div class='ocr_carea' id='block_1_66' title="bbox 2574 2421 4131 2491">
    <p class='ocr_par' dir='ltr' id='par_1_66' title="bbox 2574 2421 4131 2491">
     <span class='ocr_line' id='line_1_66' title="bbox 2574 2421 4131 2491; baseline -0.003 -15"><span class='ocrx_word' id='word_1_447' title='bbox 2574 2423 2853 2478; x_wconf 80' lang='lat' dir='ltr'><strong>veritatem</strong></span> <span class='ocrx_word' id='word_1_448' title='bbox 2881 2429 3078 2476; x_wconf 72' lang='lat' dir='ltr'><strong>sancta:</strong></span> <span class='ocrx_word' id='word_1_449' title='bbox 3121 2422 3272 2490; x_wconf 89' lang='lat' dir='ltr'><strong>pacis</strong></span> <span class='ocrx_word' id='word_1_450' title='bbox 3314 2437 3420 2475; x_wconf 92' lang='lat' dir='ltr'><strong>non</strong></span> <span class='ocrx_word' id='word_1_451' title='bbox 3457 2422 3781 2485; x_wconf 89' lang='lat' dir='ltr'><strong>custodiunt,</strong></span> <span class='ocrx_word' id='word_1_452' title='bbox 3819 2421 4131 2491; x_wconf 87' lang='lat' dir='ltr'><strong>dignitatem</strong></span> 
     </span>
    </p>
   </div>
   <div class='ocr_carea' id='block_1_67' title="bbox 2572 2508 4134 2582">
    <p class='ocr_par' dir='ltr' id='par_1_67' title="bbox 2572 2508 4134 2582">
     <span class='ocr_line' id='line_1_67' title="bbox 2572 2508 4134 2582; baseline -0.003 -15"><span class='ocrx_word' id='word_1_453' title='bbox 2572 2512 2670 2567; x_wconf 76' lang='lat' dir='ltr'><strong>lilii</strong></span> <span class='ocrx_word' id='word_1_454' title='bbox 2717 2512 2943 2582; x_wconf 88' lang='lat' dir='ltr'><strong>perdere</strong></span> <span class='ocrx_word' id='word_1_455' title='bbox 2972 2519 3177 2565; x_wconf 90' lang='lat' dir='ltr'><strong>certum</strong></span> <span class='ocrx_word' id='word_1_456' title='bbox 3204 2517 3288 2563; x_wconf 88' lang='lat' dir='ltr'><strong>est</strong></span> <span class='ocrx_word' id='word_1_457' title='bbox 3319 2526 3335 2562; x_wconf 86' lang='lat'><strong>:</strong></span> <span class='ocrx_word' id='word_1_458' title='bbox 3366 2509 3562 2575; x_wconf 77' lang='lat' dir='ltr'><strong>videte,</strong></span> <span class='ocrx_word' id='word_1_459' title='bbox 3586 2510 3718 2564; x_wconf 85' lang='lat' dir='ltr'><strong>dixit</strong></span> <span class='ocrx_word' id='word_1_460' title='bbox 3746 2511 3988 2580; x_wconf 86' lang='lat' dir='ltr'><strong>egregius</strong></span> <span class='ocrx_word' id='word_1_461' title='bbox 4038 2508 4134 2563; x_wconf 87' lang='lat' dir='ltr'><strong>do-</strong></span> 
     </span>
    </p>
   </div>
   <div class='ocr_carea' id='block_1_68' title="bbox 2570 2590 4133 2662">
    <p class='ocr_par' dir='ltr' id='par_1_68' title="bbox 2570 2590 4133 2662">
     <span class='ocr_line' id='line_1_68' title="bbox 2570 2590 4133 2662; baseline -0.003 -7"><span class='ocrx_word' id='word_1_462' title='bbox 2570 2610 2707 2661; x_wconf 85' lang='lat' dir='ltr'><strong>ctor.</strong></span> <span class='ocrx_word' id='word_1_463' title='bbox 2736 2603 2781 2655; x_wconf 89' lang='lat' dir='ltr'><strong>si</strong></span> <span class='ocrx_word' id='word_1_464' title='bbox 2807 2601 3021 2653; x_wconf 83' lang='lat' dir='ltr'><strong>invicem</strong></span> <span class='ocrx_word' id='word_1_465' title='bbox 3048 2598 3311 2662; x_wconf 76' lang='lat' dir='ltr'><strong>mordetis,</strong></span> <span class='ocrx_word' id='word_1_466' title='bbox 3359 2599 3663 2657; x_wconf 57' lang='lat' dir='ltr'><strong>aeinvicem</strong></span> <span class='ocrx_word' id='word_1_467' title='bbox 3701 2590 4133 2653; x_wconf 38' lang='lat' dir='ltr'><strong>co’nsumntomini</strong></span> 
     </span>
    </p>
   </div>
   <div class='ocr_carea' id='block_1_69' title="bbox 2577 2688 4132 2761">
    <p class='ocr_par' dir='ltr' id='par_1_69' title="bbox 2577 2688 4132 2761">
     <span class='ocr_line' id='line_1_69' title="bbox 2577 2688 4132 2761; baseline -0.003 -17"><span class='ocrx_word' id='word_1_468' title='bbox 2577 2689 2723 2761; x_wconf 84' lang='lat' dir='ltr'><strong>(Gal.</strong></span> <span class='ocrx_word' id='word_1_469' title='bbox 2752 2704 2802 2754; x_wconf 90' lang='lat' dir='ltr'><strong>v,</strong></span> <span class='ocrx_word' id='word_1_470' title='bbox 2836 2689 2935 2759; x_wconf 71' lang='lat'><strong>15).</strong></span> <span class='ocrx_word' id='word_1_471' title='bbox 2976 2688 3092 2743; x_wconf 86' lang='lat' dir='ltr'><strong>Non</strong></span> <span class='ocrx_word' id='word_1_472' title='bbox 3118 2696 3294 2759; x_wconf 89' lang='lat' dir='ltr'><strong>potest</strong></span> <span class='ocrx_word' id='word_1_473' title='bbox 3317 2698 3463 2743; x_wconf 86' lang='lat' dir='ltr'><strong>recte</strong></span> <span class='ocrx_word' id='word_1_474' title='bbox 3490 2689 3629 2743; x_wconf 80' lang='lat' dir='ltr'><strong>[ilius</strong></span> <span class='ocrx_word' id='word_1_475' title='bbox 3656 2689 3747 2743; x_wconf 90' lang='lat' dir='ltr'><strong>Dei</strong></span> <span class='ocrx_word' id='word_1_476' title='bbox 3774 2690 3897 2753; x_wconf 90' lang='lat' dir='ltr'><strong>dici,</strong></span> <span class='ocrx_word' id='word_1_477' title='bbox 3924 2690 4012 2758; x_wconf 91' lang='lat' dir='ltr'><strong>qui</strong></span> <span class='ocrx_word' id='word_1_478' title='bbox 4037 2704 4132 2758; x_wconf 87' lang='lat' dir='ltr'><strong>pa-</strong></span> 
     </span>
    </p>
   </div>
   <div class='ocr_carea' id='block_1_70' title="bbox 2578 2780 4136 2853">
    <p class='ocr_par' dir='ltr' id='par_1_70' title="bbox 2578 2780 4136 2853">
     <span class='ocr_line' id='line_1_70' title="bbox 2578 2780 4136 2853; baseline -0.004 -14"><span class='ocrx_word' id='word_1_479' title='bbox 2578 2797 2694 2839; x_wconf 90' lang='lat' dir='ltr'><strong>cem</strong></span> <span class='ocrx_word' id='word_1_480' title='bbox 2728 2799 2833 2839; x_wconf 82' lang='lat' dir='ltr'><strong>non</strong></span> <span class='ocrx_word' id='word_1_481' title='bbox 2880 2783 2991 2837; x_wconf 88' lang='lat' dir='ltr'><strong>vult</strong></span> <span class='ocrx_word' id='word_1_482' title='bbox 3025 2781 3293 2853; x_wconf 88' lang='lat' dir='ltr'><strong>amplecti.</strong></span> <span class='ocrx_word' id='word_1_483' title='bbox 3322 2781 3431 2835; x_wconf 78' lang='lat' dir='ltr'><strong>Pax</strong></span> <span class='ocrx_word' id='word_1_484' title='bbox 3471 2781 3810 2836; x_wconf 87' lang='lat' dir='ltr'><strong>concordiam</strong></span> <span class='ocrx_word' id='word_1_485' title='bbox 3830 2780 4055 2836; x_wconf 85' lang='lat' dir='ltr'><strong>fratrum</strong></span> <span class='ocrx_word' id='word_1_486' title='bbox 4081 2790 4136 2834; x_wconf 81' lang='lat' dir='ltr'><strong>et</strong></span> 
     </span>
    </p>
   </div>
   <div class='ocr_carea' id='block_1_71' title="bbox 2578 2870 4136 2941">
    <p class='ocr_par' dir='ltr' id='par_1_71' title="bbox 2578 2870 4136 2941">
     <span class='ocr_line' id='line_1_71' title="bbox 2578 2870 4136 2941; baseline -0.004 -12"><span class='ocrx_word' id='word_1_487' title='bbox 2578 2874 2895 2929; x_wconf 87' lang='lat' dir='ltr'><strong>cbaritatem</strong></span> <span class='ocrx_word' id='word_1_488' title='bbox 2919 2872 3132 2941; x_wconf 82' lang='lat' dir='ltr'><strong>copulat</strong></span> <span class='ocrx_word' id='word_1_489' title='bbox 3159 2872 3541 2941; x_wconf 78' lang='lat' dir='ltr'><strong>proximorum.</strong></span> <span class='ocrx_word' id='word_1_490' title='bbox 3574 2870 3760 2924; x_wconf 80' lang='lat' dir='ltr'><strong>Pacem</strong></span> <span class='ocrx_word' id='word_1_491' title='bbox 3781 2886 3967 2935; x_wconf 82' lang='lat' dir='ltr'><strong>meam,</strong></span> <span class='ocrx_word' id='word_1_492' title='bbox 4002 2870 4136 2925; x_wconf 77' lang='lat' dir='ltr'><strong>dixit</strong></span> 
     </span>
    </p>
   </div>
   <div class='ocr_carea' id='block_1_72' title="bbox 2579 2953 4134 3036">
    <p class='ocr_par' dir='ltr' id='par_1_72' title="bbox 2579 2953 4134 3036">
     <span class='ocr_line' id='line_1_72' title="bbox 2579 2953 4134 3036; baseline -0.004 -15"><span class='ocrx_word' id='word_1_493' title='bbox 2579 2968 2856 3031; x_wconf 89' lang='lat' dir='ltr'><strong>Dominus,</strong></span> <span class='ocrx_word' id='word_1_494' title='bbox 2884 2967 2949 3019; x_wconf 89' lang='lat' dir='ltr'><strong>do</strong></span> <span class='ocrx_word' id='word_1_495' title='bbox 2972 2966 3131 3028; x_wconf 73' lang='lat' dir='ltr'><strong>vobis,</strong></span> <span class='ocrx_word' id='word_1_496' title='bbox 3155 2980 3333 3033; x_wconf 82' lang='lat' dir='ltr'><strong>pacem</strong></span> <span class='ocrx_word' id='word_1_497' title='bbox 3357 2980 3521 3016; x_wconf 83' lang='lat' dir='ltr'><strong>meam</strong></span> <span class='ocrx_word' id='word_1_498' title='bbox 3540 2962 3769 3036; x_wconf 72' lang='lat' dir='ltr'><strong>relinquo</strong></span> <span class='ocrx_word' id='word_1_499' title='bbox 3792 2953 3929 3015; x_wconf 67' lang='lat' dir='ltr'><strong>vobis</strong></span> <span class='ocrx_word' id='word_1_500' title='bbox 3955 2961 4134 3033; x_wconf 71' lang='lat' dir='ltr'><strong>(loca.</strong></span> 
     </span>
    </p>
   </div>
   <div class='ocr_carea' id='block_1_73' title="bbox 2580 3050 4137 3125">
    <p class='ocr_par' dir='ltr' id='par_1_73' title="bbox 2580 3050 4137 3125">
     <span class='ocr_line' id='line_1_73' title="bbox 2580 3050 4137 3125; baseline -0.005 -16"><span class='ocrx_word' id='word_1_501' title='bbox 2580 3072 2687 3120; x_wconf 75' lang='lat' dir='ltr'><strong>siv,</strong></span> <span class='ocrx_word' id='word_1_502' title='bbox 2710 3056 2826 3125; x_wconf 77' lang='lat'><strong>27),</strong></span> <span class='ocrx_word' id='word_1_503' title='bbox 2847 3056 2901 3109; x_wconf 92' lang='lat' dir='ltr'><strong>id</strong></span> <span class='ocrx_word' id='word_1_504' title='bbox 2929 3062 3031 3117; x_wconf 89' lang='lat' dir='ltr'><strong>est,</strong></span> <span class='ocrx_word' id='word_1_505' title='bbox 3056 3055 3109 3107; x_wconf 84' lang='lat' dir='ltr'><strong>in</strong></span> <span class='ocrx_word' id='word_1_506' title='bbox 3138 3068 3271 3123; x_wconf 83' lang='lat' dir='ltr'><strong>pace</strong></span> <span class='ocrx_word' id='word_1_507' title='bbox 3299 3052 3475 3107; x_wconf 87' lang='lat' dir='ltr'><strong>dimisi</strong></span> <span class='ocrx_word' id='word_1_508' title='bbox 3497 3066 3608 3115; x_wconf 86' lang='lat' dir='ltr'><strong>vos,</strong></span> <span class='ocrx_word' id='word_1_509' title='bbox 3638 3050 3689 3104; x_wconf 91' lang='lat' dir='ltr'><strong>in</strong></span> <span class='ocrx_word' id='word_1_510' title='bbox 3716 3066 3845 3121; x_wconf 90' lang='lat' dir='ltr'><strong>pace</strong></span> <span class='ocrx_word' id='word_1_511' title='bbox 3872 3050 4137 3104; x_wconf 87' lang='lat' dir='ltr'><strong>inveniam</strong></span> 
     </span>
    </p>
   </div>
   <div class='ocr_carea' id='block_1_74' title="bbox 2576 3141 4141 3212">
    <p class='ocr_par' dir='ltr' id='par_1_74' title="bbox 2576 3141 4141 3212">
     <span class='ocr_line' id='line_1_74' title="bbox 2576 3141 4141 3212; baseline -0.005 -10"><span class='ocrx_word' id='word_1_512' title='bbox 2576 3162 2691 3202; x_wconf 83' lang='lat' dir='ltr'><strong>vos.</strong></span> <span class='ocrx_word' id='word_1_513' title='bbox 2736 3146 3089 3200; x_wconf 78' lang='lat' dir='ltr'><strong>Proﬁciscens</strong></span> <span class='ocrx_word' id='word_1_514' title='bbox 3117 3143 3283 3199; x_wconf 91' lang='lat' dir='ltr'><strong>voluit</strong></span> <span class='ocrx_word' id='word_1_515' title='bbox 3317 3144 3444 3198; x_wconf 90' lang='lat' dir='ltr'><strong>dare</strong></span> <span class='ocrx_word' id='word_1_516' title='bbox 3468 3184 3481 3207; x_wconf 96' lang='lat'><strong>,</strong></span> <span class='ocrx_word' id='word_1_517' title='bbox 3528 3158 3646 3212; x_wconf 66' lang='lat' dir='ltr'><strong>qum</strong></span> <span class='ocrx_word' id='word_1_518' title='bbox 3688 3141 4026 3197; x_wconf 83' lang='lat' dir='ltr'><strong>desiderabat</strong></span> <span class='ocrx_word' id='word_1_519' title='bbox 4058 3157 4141 3195; x_wconf 82' lang='lat' dir='ltr'><strong>re—</strong></span> 
     </span>
    </p>
   </div>
   <div class='ocr_carea' id='block_1_75' title="bbox 2581 3236 3366 3293">
    <p class='ocr_par' dir='ltr' id='par_1_75' title="bbox 2581 3236 3366 3293">
     <span class='ocr_line' id='line_1_75' title="bbox 2581 3236 3366 3293; baseline -0.005 0"><span class='ocrx_word' id='word_1_520' title='bbox 2581 3238 2733 3293; x_wconf 85' lang='lat' dir='ltr'><strong>diens</strong></span> <span class='ocrx_word' id='word_1_521' title='bbox 2759 3238 2812 3291; x_wconf 94' lang='lat' dir='ltr'><strong>in</strong></span> <span class='ocrx_word' id='word_1_522' title='bbox 2833 3236 3081 3291; x_wconf 89' lang='lat' dir='ltr'><strong>omnibus</strong></span> <span class='ocrx_word' id='word_1_523' title='bbox 3103 3236 3366 3290; x_wconf 88' lang='lat' dir='ltr'><strong>invenire.</strong></span> 
     </span>
    </p>
   </div>
   <div class='ocr_carea' id='block_1_76' title="bbox 2653 3349 4143 3420">
    <p class='ocr_par' dir='ltr' id='par_1_76' title="bbox 2653 3349 4143 3420">
     <span class='ocr_line' id='line_1_76' title="bbox 2653 3349 4143 3420; baseline -0.002 -15"><span class='ocrx_word' id='word_1_524' title='bbox 2653 3350 2727 3405; x_wconf 87' lang='lat' dir='ltr'><strong>De</strong></span> <span class='ocrx_word' id='word_1_525' title='bbox 2752 3351 2855 3405; x_wconf 85' lang='lat' dir='ltr'><strong>bac</strong></span> <span class='ocrx_word' id='word_1_526' title='bbox 2872 3350 2971 3420; x_wconf 72' lang='lat' dir='ltr'><strong>pia:</strong></span> <span class='ocrx_word' id='word_1_527' title='bbox 2998 3350 3145 3419; x_wconf 87' lang='lat' dir='ltr'><strong>pacis</strong></span> <span class='ocrx_word' id='word_1_528' title='bbox 3164 3350 3400 3404; x_wconf 87' lang='lat' dir='ltr'><strong>bonitate</strong></span> <span class='ocrx_word' id='word_1_529' title='bbox 3425 3349 3546 3404; x_wconf 91' lang='lat' dir='ltr'><strong>ideo</strong></span> <span class='ocrx_word' id='word_1_530' title='bbox 3588 3349 3889 3419; x_wconf 87' lang='lat' dir='ltr'><strong>diligentius</strong></span> <span class='ocrx_word' id='word_1_531' title='bbox 3914 3363 4143 3419; x_wconf 87' lang='lat' dir='ltr'><strong>suggero</strong></span> 
     </span>
    </p>
   </div>
   <div class='ocr_carea' id='block_1_77' title="bbox 2582 3438 4143 3509">
    <p class='ocr_par' dir='ltr' id='par_1_77' title="bbox 2582 3438 4143 3509">
     <span class='ocr_line' id='line_1_77' title="bbox 2582 3438 4143 3509; baseline 0 -16"><span class='ocrx_word' id='word_1_532' title='bbox 2582 3440 2754 3504; x_wconf 88' lang='lat' dir='ltr'><strong>vobis,</strong></span> <span class='ocrx_word' id='word_1_533' title='bbox 2783 3440 3084 3494; x_wconf 86' lang='lat' dir='ltr'><strong>cbarissimi</strong></span> <span class='ocrx_word' id='word_1_534' title='bbox 3127 3438 3345 3503; x_wconf 89' lang='lat' dir='ltr'><strong>fratres,</strong></span> <span class='ocrx_word' id='word_1_535' title='bbox 3371 3440 3497 3509; x_wconf 90' lang='lat' dir='ltr'><strong>quia</strong></span> <span class='ocrx_word' id='word_1_536' title='bbox 3524 3441 3757 3493; x_wconf 77' lang='lat' dir='ltr'><strong>maxime</strong></span> <span class='ocrx_word' id='word_1_537' title='bbox 3785 3439 3931 3494; x_wconf 69' lang='lat' dir='ltr'><strong>fraus</strong></span> <span class='ocrx_word' id='word_1_538' title='bbox 3957 3440 4143 3493; x_wconf 88' lang='lat' dir='ltr'><strong>diabo-</strong></span> 
     </span>
    </p>
   </div>
   <div class='ocr_carea' id='block_1_78' title="bbox 2584 3526 4144 3599">
    <p class='ocr_par' dir='ltr' id='par_1_78' title="bbox 2584 3526 4144 3599">
     <span class='ocr_line' id='line_1_78' title="bbox 2584 3526 4144 3599; baseline 0 -16"><span class='ocrx_word' id='word_1_539' title='bbox 2584 3528 2686 3583; x_wconf 85' lang='lat' dir='ltr'><strong>lica</strong></span> <span class='ocrx_word' id='word_1_540' title='bbox 2711 3527 3150 3583; x_wconf 88' lang='lat' dir='ltr'><strong>murmurationis</strong></span> <span class='ocrx_word' id='word_1_541' title='bbox 3197 3528 3445 3599; x_wconf 88' lang='lat' dir='ltr'><strong>sagittam</strong></span> <span class='ocrx_word' id='word_1_542' title='bbox 3474 3528 3614 3583; x_wconf 89' lang='lat' dir='ltr'><strong>inter</strong></span> <span class='ocrx_word' id='word_1_543' title='bbox 3633 3526 3827 3582; x_wconf 87' lang='lat' dir='ltr'><strong>fratres</strong></span> <span class='ocrx_word' id='word_1_544' title='bbox 3856 3529 4144 3583; x_wconf 85' lang='lat' dir='ltr'><strong>immittere</strong></span> 
     </span>
    </p>
   </div>
   <div class='ocr_carea' id='block_1_79' title="bbox 2586 3616 4143 3688">
    <p class='ocr_par' dir='ltr' id='par_1_79' title="bbox 2586 3616 4143 3688">
     <span class='ocr_line' id='line_1_79' title="bbox 2586 3616 4143 3688; baseline -0.001 -16"><span class='ocrx_word' id='word_1_545' title='bbox 2586 3618 2741 3683; x_wconf 87' lang='lat' dir='ltr'><strong>solet,</strong></span> <span class='ocrx_word' id='word_1_546' title='bbox 2768 3619 2944 3673; x_wconf 88' lang='lat' dir='ltr'><strong>sciens</strong></span> <span class='ocrx_word' id='word_1_547' title='bbox 2978 3616 3270 3688; x_wconf 87' lang='lat' dir='ltr'><strong>perfectam</strong></span> <span class='ocrx_word' id='word_1_548' title='bbox 3314 3618 3387 3672; x_wconf 91' lang='lat' dir='ltr'><strong>ibi</strong></span> <span class='ocrx_word' id='word_1_549' title='bbox 3416 3633 3522 3672; x_wconf 91' lang='lat' dir='ltr'><strong>non</strong></span> <span class='ocrx_word' id='word_1_550' title='bbox 3548 3633 3667 3673; x_wconf 89' lang='lat' dir='ltr'><strong>esse</strong></span> <span class='ocrx_word' id='word_1_551' title='bbox 3690 3618 4029 3683; x_wconf 86' lang='lat' dir='ltr'><strong>cbaritatem,</strong></span> <span class='ocrx_word' id='word_1_552' title='bbox 4054 3618 4143 3672; x_wconf 89' lang='lat' dir='ltr'><strong>ubi</strong></span> 
     </span>
    </p>
   </div>
   <div class='ocr_carea' id='block_1_80' title="bbox 2586 3697 4141 3761">
    <p class='ocr_par' dir='ltr' id='par_1_80' title="bbox 2586 3697 4141 3761">
     <span class='ocr_line' id='line_1_80' title="bbox 2586 3697 4141 3761; baseline 0 -3"><span class='ocrx_word' id='word_1_553' title='bbox 2586 3706 3025 3758; x_wconf 87' lang='lat' dir='ltr'><strong>murmurationis</strong></span> <span class='ocrx_word' id='word_1_554' title='bbox 3042 3705 3148 3759; x_wconf 88' lang='lat' dir='ltr'><strong>telo</strong></span> <span class='ocrx_word' id='word_1_555' title='bbox 3165 3697 3446 3760; x_wconf 84' lang='lat' dir='ltr'><strong>charitatis</strong></span> <span class='ocrx_word' id='word_1_556' title='bbox 3465 3706 3789 3761; x_wconf 88' lang='lat' dir='ltr'><strong>unanimitas</strong></span> <span class='ocrx_word' id='word_1_557' title='bbox 3810 3706 4141 3761; x_wconf 80' lang='lat' dir='ltr'><strong>vulneratur.</strong></span> 
     </span>
    </p>
   </div>
   <div class='ocr_carea' id='block_1_81' title="bbox 2587 3793 4147 3865">
    <p class='ocr_par' dir='ltr' id='par_1_81' title="bbox 2587 3793 4147 3865">
     <span class='ocr_line' id='line_1_81' title="bbox 2587 3793 4147 3865; baseline -0.001 -16"><span class='ocrx_word' id='word_1_558' title='bbox 2587 3793 2835 3849; x_wconf 88' lang='lat' dir='ltr'><strong>Charitas</strong></span> <span class='ocrx_word' id='word_1_559' title='bbox 2855 3801 2938 3848; x_wconf 90' lang='lat' dir='ltr'><strong>est</strong></span> <span class='ocrx_word' id='word_1_560' title='bbox 2955 3793 3207 3863; x_wconf 87' lang='lat' dir='ltr'><strong>quoniam</strong></span> <span class='ocrx_word' id='word_1_561' title='bbox 3227 3795 3468 3863; x_wconf 81' lang='lat' dir='ltr'><strong>coOperit</strong></span> <span class='ocrx_word' id='word_1_562' title='bbox 3489 3795 3878 3849; x_wconf 87' lang='lat' dir='ltr'><strong>multitudinem</strong></span> <span class='ocrx_word' id='word_1_563' title='bbox 3900 3804 4147 3865; x_wconf 81' lang='lat' dir='ltr'><strong>peccato-</strong></span> 
     </span>
    </p>
   </div>
   <div class='ocr_carea' id='block_1_82' title="bbox 2590 3874 4147 3955">
    <p class='ocr_par' dir='ltr' id='par_1_82' title="bbox 2590 3874 4147 3955">
     <span class='ocr_line' id='line_1_82' title="bbox 2590 3874 4147 3955; baseline 0 -18"><span class='ocrx_word' id='word_1_564' title='bbox 2590 3899 2710 3938; x_wconf 92' lang='lat' dir='ltr'><strong>rum</strong></span> <span class='ocrx_word' id='word_1_565' title='bbox 2760 3881 2812 3955; x_wconf 89' lang='lat' dir='ltr'><strong>(I</strong></span> <span class='ocrx_word' id='word_1_566' title='bbox 2846 3882 2990 3937; x_wconf 83' lang='lat' dir='ltr'><strong>Petr.</strong></span> <span class='ocrx_word' id='word_1_567' title='bbox 3024 3898 3099 3948; x_wconf 83' lang='lat' dir='ltr'><strong>tv,</strong></span> <span class='ocrx_word' id='word_1_568' title='bbox 3147 3882 3227 3955; x_wconf 90' lang='lat'><strong>8),</strong></span> <span class='ocrx_word' id='word_1_569' title='bbox 3279 3883 3394 3938; x_wconf 92' lang='lat' dir='ltr'><strong>sine</strong></span> <span class='ocrx_word' id='word_1_570' title='bbox 3443 3898 3547 3953; x_wconf 86' lang='lat' dir='ltr'><strong>qua</strong></span> <span class='ocrx_word' id='word_1_571' title='bbox 3572 3874 3751 3938; x_wconf 84' lang='lat' dir='ltr'><strong>etiam</strong></span> <span class='ocrx_word' id='word_1_572' title='bbox 3797 3892 4014 3953; x_wconf 89' lang='lat' dir='ltr'><strong>peccata</strong></span> <span class='ocrx_word' id='word_1_573' title='bbox 4039 3898 4147 3938; x_wconf 86' lang='lat' dir='ltr'><strong>non</strong></span> 
     </span>
    </p>
   </div>
   <div class='ocr_carea' id='block_1_83' title="bbox 2591 3971 4145 4043">
    <p class='ocr_par' dir='ltr' id='par_1_83' title="bbox 2591 3971 4145 4043">
     <span class='ocr_line' id='line_1_83' title="bbox 2591 3971 4145 4043; baseline 0.001 -18"><span class='ocrx_word' id='word_1_574' title='bbox 2591 3971 2930 4025; x_wconf 90' lang='lat' dir='ltr'><strong>dimittuntur</strong></span> <span class='ocrx_word' id='word_1_575' title='bbox 2960 3989 2973 4023; x_wconf 92' lang='lat'>:</span> <span class='ocrx_word' id='word_1_576' title='bbox 3001 3986 3162 4041; x_wconf 88' lang='lat' dir='ltr'><strong>quam</strong></span> <span class='ocrx_word' id='word_1_577' title='bbox 3184 3972 3375 4027; x_wconf 90' lang='lat' dir='ltr'><strong>beatus</strong></span> <span class='ocrx_word' id='word_1_578' title='bbox 3397 3971 3678 4043; x_wconf 83' lang='lat' dir='ltr'><strong>Apostolus</strong></span> <span class='ocrx_word' id='word_1_579' title='bbox 3702 3974 3755 4027; x_wconf 87' lang='lat' dir='ltr'><strong>in</strong></span> <span class='ocrx_word' id='word_1_580' title='bbox 3779 3981 3985 4028; x_wconf 82' lang='lat' dir='ltr'><strong>tantum</strong></span> <span class='ocrx_word' id='word_1_581' title='bbox 4028 3973 4145 4027; x_wconf 83' lang='lat' dir='ltr'><strong>lau-</strong></span> 
     </span>
    </p>
   </div>
   <div class='ocr_carea' id='block_1_84' title="bbox 2591 4062 4146 4132">
    <p class='ocr_par' dir='ltr' id='par_1_84' title="bbox 2591 4062 4146 4132">
     <span class='ocr_line' id='line_1_84' title="bbox 2591 4062 4146 4132; baseline 0.001 -16"><span class='ocrx_word' id='word_1_582' title='bbox 2591 4062 2755 4127; x_wconf 89' lang='lat' dir='ltr'><strong>davit,</strong></span> <span class='ocrx_word' id='word_1_583' title='bbox 2783 4070 2967 4117; x_wconf 90' lang='lat' dir='ltr'><strong>utnec</strong></span> <span class='ocrx_word' id='word_1_584' title='bbox 2994 4062 3343 4132; x_wconf 82' lang='lat' dir='ltr'><strong>martyrium,</strong></span> <span class='ocrx_word' id='word_1_585' title='bbox 3394 4077 3495 4117; x_wconf 91' lang='lat' dir='ltr'><strong>nec</strong></span> <span class='ocrx_word' id='word_1_586' title='bbox 3540 4062 3716 4116; x_wconf 67' lang='lat' dir='ltr'><strong>saeculi</strong></span> <span class='ocrx_word' id='word_1_587' title='bbox 3762 4070 4146 4132; x_wconf 87' lang='lat' dir='ltr'><strong>contemptum,</strong></span> 
     </span>
    </p>
   </div>
   <div class='ocr_carea' id='block_1_85' title="bbox 2592 4150 4149 4221">
    <p class='ocr_par' dir='ltr' id='par_1_85' title="bbox 2592 4150 4149 4221">
     <span class='ocr_line' id='line_1_85' title="bbox 2592 4150 4149 4221; baseline -0.001 -14"><span class='ocrx_word' id='word_1_588' title='bbox 2592 4166 2694 4207; x_wconf 91' lang='lat' dir='ltr'><strong>nec</strong></span> <span class='ocrx_word' id='word_1_589' title='bbox 2715 4150 3049 4205; x_wconf 80' lang='lat' dir='ltr'><strong>ﬂammarum</strong></span> <span class='ocrx_word' id='word_1_590' title='bbox 3074 4150 3319 4206; x_wconf 89' lang='lat' dir='ltr'><strong>incendia</strong></span> <span class='ocrx_word' id='word_1_591' title='bbox 3341 4151 3457 4205; x_wconf 90' lang='lat' dir='ltr'><strong>sine</strong></span> <span class='ocrx_word' id='word_1_592' title='bbox 3478 4150 3617 4205; x_wconf 85' lang='lat' dir='ltr'><strong>illius</strong></span> <span class='ocrx_word' id='word_1_593' title='bbox 3642 4150 3875 4205; x_wconf 89' lang='lat' dir='ltr'><strong>bonitate</strong></span> <span class='ocrx_word' id='word_1_594' title='bbox 3893 4150 4149 4221; x_wconf 85' lang='lat' dir='ltr'><strong>prodesse</strong></span> 
     </span>
    </p>
   </div>
   <div class='ocr_carea' id='block_1_86' title="bbox 2591 4236 4147 4309">
    <p class='ocr_par' dir='ltr' id='par_1_86' title="bbox 2591 4236 4147 4309">
     <span class='ocr_line' id='line_1_86' title="bbox 2591 4236 4147 4309; baseline -0.001 -15"><span class='ocrx_word' id='word_1_595' title='bbox 2591 4247 2847 4305; x_wconf 85' lang='lat' dir='ltr'><strong>testetur;</strong></span> <span class='ocrx_word' id='word_1_596' title='bbox 2876 4236 2941 4292; x_wconf 78' lang='lat' dir='ltr'><strong>In</strong></span> <span class='ocrx_word' id='word_1_597' title='bbox 2985 4238 3078 4291; x_wconf 82' lang='lat' dir='ltr'><strong>hoc</strong></span> <span class='ocrx_word' id='word_1_598' title='bbox 3104 4239 3263 4303; x_wconf 82' lang='lat' dir='ltr'><strong>enim,</strong></span> <span class='ocrx_word' id='word_1_599' title='bbox 3292 4239 3485 4309; x_wconf 90' lang='lat' dir='ltr'><strong>inquit,</strong></span> <span class='ocrx_word' id='word_1_600' title='bbox 3530 4239 3664 4293; x_wconf 80' lang='lat' dir='ltr'><strong>dixit</strong></span> <span class='ocrx_word' id='word_1_601' title='bbox 3689 4236 3943 4293; x_wconf 90' lang='lat' dir='ltr'><strong>Dominus</strong></span> <span class='ocrx_word' id='word_1_602' title='bbox 3968 4236 4147 4305; x_wconf 81' lang='lat' dir='ltr'><strong>Jesus,</strong></span> 
     </span>
    </p>
   </div>
   <div class='ocr_carea' id='block_1_87' title="bbox 2594 4329 4150 4401">
    <p class='ocr_par' dir='ltr' id='par_1_87' title="bbox 2594 4329 4150 4401">
     <span class='ocr_line' id='line_1_87' title="bbox 2594 4329 4150 4401; baseline -0.001 -16"><span class='ocrx_word' id='word_1_603' title='bbox 2594 4340 2894 4401; x_wconf 75' lang='lat' dir='ltr'><strong>cognoscent</strong></span> <span class='ocrx_word' id='word_1_604' title='bbox 2914 4345 3106 4395; x_wconf 82' lang='lat' dir='ltr'><strong>omnes,</strong></span> <span class='ocrx_word' id='word_1_605' title='bbox 3128 4330 3251 4399; x_wconf 80' lang='lat' dir='ltr'><strong>quia</strong></span> <span class='ocrx_word' id='word_1_606' title='bbox 3278 4332 3379 4385; x_wconf 84' lang='lat' dir='ltr'><strong>mei</strong></span> <span class='ocrx_word' id='word_1_607' title='bbox 3408 4330 3647 4399; x_wconf 74' lang='lat' dir='ltr'><strong>discipuli</strong></span> <span class='ocrx_word' id='word_1_608' title='bbox 3677 4332 3819 4395; x_wconf 84' lang='lat' dir='ltr'><strong>estis,</strong></span> <span class='ocrx_word' id='word_1_609' title='bbox 3847 4331 3893 4384; x_wconf 86' lang='lat' dir='ltr'><strong>si</strong></span> <span class='ocrx_word' id='word_1_610' title='bbox 3918 4329 4150 4384; x_wconf 80' lang='lat' dir='ltr'><strong>dilectio-</strong></span> 
     </span>
    </p>
   </div>
   <div class='ocr_carea' id='block_1_88' title="bbox 2596 4412 4149 4491">
    <p class='ocr_par' dir='ltr' id='par_1_88' title="bbox 2596 4412 4149 4491">
     <span class='ocr_line' id='line_1_88' title="bbox 2596 4412 4149 4491; baseline -0.001 -17"><span class='ocrx_word' id='word_1_611' title='bbox 2596 4435 2711 4474; x_wconf 83' lang='lat' dir='ltr'><strong>nem</strong></span> <span class='ocrx_word' id='word_1_612' title='bbox 2740 4412 3023 4472; x_wconf 76' lang='lat' dir='ltr'><strong>habueritis</strong></span> <span class='ocrx_word' id='word_1_613' title='bbox 3048 4418 3116 4471; x_wconf 83' lang='lat' dir='ltr'><strong>ad</strong></span> <span class='ocrx_word' id='word_1_614' title='bbox 3159 4418 3376 4472; x_wconf 78' lang='lat' dir='ltr'><strong>invicem</strong></span> <span class='ocrx_word' id='word_1_615' title='bbox 3403 4419 3603 4491; x_wconf 38' lang='lat' dir='ltr'><strong>.(loau.</strong></span> <span class='ocrx_word' id='word_1_616' title='bbox 3651 4432 3773 4482; x_wconf 79' lang='lat' dir='ltr'><strong>xm,</strong></span> <span class='ocrx_word' id='word_1_617' title='bbox 3823 4417 3933 4489; x_wconf 73' lang='lat'><strong>35).</strong></span> <span class='ocrx_word' id='word_1_618' title='bbox 3961 4417 4149 4473; x_wconf 84' lang='lat' dir='ltr'><strong>Omnis</strong></span> 
     </span>
    </p>
   </div>
   <div class='ocr_carea' id='block_1_89' title="bbox 2596 4505 4151 4575">
    <p class='ocr_par' dir='ltr' id='par_1_89' title="bbox 2596 4505 4151 4575">
     <span class='ocr_line' id='line_1_89' title="bbox 2596 4505 4151 4575; baseline 0 -13"><span class='ocrx_word' id='word_1_619' title='bbox 2596 4506 2931 4572; x_wconf 53' lang='lat' dir='ltr'><strong>obedientiam</strong></span> <span class='ocrx_word' id='word_1_620' title='bbox 2961 4505 3046 4561; x_wconf 88' lang='lat' dir='ltr'><strong>vel</strong></span> <span class='ocrx_word' id='word_1_621' title='bbox 3070 4506 3384 4562; x_wconf 83' lang='lat' dir='ltr'><strong>humilitatis</strong></span> <span class='ocrx_word' id='word_1_622' title='bbox 3424 4505 3681 4575; x_wconf 90' lang='lat' dir='ltr'><strong>subiectio</strong></span> <span class='ocrx_word' id='word_1_623' title='bbox 3710 4510 3763 4561; x_wconf 86' lang='lat' dir='ltr'><strong>in</strong></span> <span class='ocrx_word' id='word_1_624' title='bbox 3808 4508 4151 4562; x_wconf 82' lang='lat' dir='ltr'><strong>monasteriis</strong></span> 
     </span>
    </p>
   </div>
   <div class='ocr_carea' id='block_1_90' title="bbox 939 4584 4153 4694">
    <p class='ocr_par' dir='ltr' id='par_1_90' title="bbox 939 4584 4153 4694">
     <span class='ocr_line' id='line_1_90' title="bbox 939 4584 4153 4694; baseline -0.001 -42"><span class='ocrx_word' id='word_1_625' title='bbox 939 4586 1485 4694; x_wconf 66' lang='grc' dir='ltr'><strong>υωηίωίῑιῑθν</strong></span> <span class='ocrx_word' id='word_1_626' title='bbox 1507 4584 1811 4694; x_wconf 42' lang='lat' dir='ltr'><strong>ieiunio?“</strong></span> <span class='ocrx_word' id='word_1_627' title='bbox 1828 4594 2136 4694; x_wconf 57' lang='grc' dir='ltr'><strong>ηοειξοτυω</strong></span> <span class='ocrx_word' id='word_1_628' title='bbox 2162 4585 2244 4640; x_wconf 75' lang='grc' dir='ltr'><strong>νει</strong></span> <span class='ocrx_word' id='word_1_629' title='bbox 2270 4585 2494 4694; x_wconf 33' lang='lat' dir='ltr'><strong>ﬁliorum</strong></span> <span class='ocrx_word' id='word_1_630' title='bbox 2520 4633 2573 4694; x_wconf 65' lang='grc' dir='ltr'><strong><em>Β</em></strong></span> <span class='ocrx_word' id='word_1_631' title='bbox 2598 4594 2875 4650; x_wconf 87' lang='lat' dir='ltr'><strong>cbaritatis</strong></span> <span class='ocrx_word' id='word_1_632' title='bbox 2900 4594 3192 4649; x_wconf 88' lang='lat' dir='ltr'><strong>munimine</strong></span> <span class='ocrx_word' id='word_1_633' title='bbox 3225 4595 3471 4651; x_wconf 88' lang='lat' dir='ltr'><strong>roborari</strong></span> <span class='ocrx_word' id='word_1_634' title='bbox 3496 4594 3671 4660; x_wconf 88' lang='lat' dir='ltr'><strong>debet,</strong></span> <span class='ocrx_word' id='word_1_635' title='bbox 3704 4612 3824 4666; x_wconf 76' lang='lat' dir='ltr'><strong>qua:</strong></span> <span class='ocrx_word' id='word_1_636' title='bbox 3847 4595 3963 4651; x_wconf 67' lang='lat' dir='ltr'><strong>sine</strong></span> <span class='ocrx_word' id='word_1_637' title='bbox 3987 4596 4153 4652; x_wconf 58' lang='lat' dir='ltr'><strong>simu-</strong></span> 
     </span>
    </p>
   </div>
   <div class='ocr_carea' id='block_1_91' title="bbox 937 4674 4149 4757">
    <p class='ocr_par' dir='ltr' id='par_1_91' title="bbox 937 4674 4149 4757">
     <span class='ocr_line' id='line_1_91' title="bbox 937 4674 4149 4757; baseline 0.002 -21"><span class='ocrx_word' id='word_1_638' title='bbox 937 4679 1253 4736; x_wconf 85' lang='lat' dir='ltr'><strong>audivimus.</strong></span> <span class='ocrx_word' id='word_1_639' title='bbox 1307 4676 1414 4733; x_wconf 81' lang='lat' dir='ltr'><strong>Sed</strong></span> <span class='ocrx_word' id='word_1_640' title='bbox 1466 4677 1667 4733; x_wconf 88' lang='lat' dir='ltr'><strong>certius</strong></span> <span class='ocrx_word' id='word_1_641' title='bbox 1720 4675 1913 4732; x_wconf 86' lang='lat' dir='ltr'><strong>borum</strong></span> <span class='ocrx_word' id='word_1_642' title='bbox 1961 4674 2187 4731; x_wconf 83' lang='lat' dir='ltr'><strong>fratrum</strong></span> <span class='ocrx_word' id='word_1_643' title='bbox 2237 4676 2494 4734; x_wconf 88' lang='lat' dir='ltr'><strong>relatione</strong></span> <span class='ocrx_word' id='word_1_644' title='bbox 2520 4674 2571 4694; x_wconf 84' lang='lat'><strong>&quot;</strong></span> <span class='ocrx_word' id='word_1_645' title='bbox 2596 4681 2791 4739; x_wconf 87' lang='lat' dir='ltr'><strong>latione</strong></span> <span class='ocrx_word' id='word_1_646' title='bbox 2837 4680 2985 4739; x_wconf 76' lang='lat' dir='ltr'><strong>falsa:</strong></span> <span class='ocrx_word' id='word_1_647' title='bbox 3021 4684 3351 4740; x_wconf 80' lang='lat' dir='ltr'><strong>extrinsecus</strong></span> <span class='ocrx_word' id='word_1_648' title='bbox 3394 4686 3764 4741; x_wconf 89' lang='lat' dir='ltr'><strong>ostentationis</strong></span> <span class='ocrx_word' id='word_1_649' title='bbox 3800 4686 3853 4740; x_wconf 90' lang='lat' dir='ltr'><strong>in</strong></span> <span class='ocrx_word' id='word_1_650' title='bbox 3906 4700 4149 4757; x_wconf 84' lang='lat' dir='ltr'><strong>corpore.</strong></span> 
     </span>
    </p>
   </div>
   <div class='ocr_carea' id='block_1_92' title="bbox 944 4767 2495 4836">
    <p class='ocr_par' dir='ltr' id='par_1_92' title="bbox 944 4767 2495 4836">
     <span class='ocr_line' id='line_1_92' title="bbox 944 4767 2495 4836; baseline -0.001 -9"><span class='ocrx_word' id='word_1_651' title='bbox 944 4787 1104 4829; x_wconf 77' lang='lat' dir='ltr'><strong>came</strong></span> <span class='ocrx_word' id='word_1_652' title='bbox 1128 4772 1347 4835; x_wconf 87' lang='lat' dir='ltr'><strong>bonum,</strong></span> <span class='ocrx_word' id='word_1_653' title='bbox 1364 4770 1505 4825; x_wconf 87' lang='lat' dir='ltr'><strong>sicut</strong></span> <span class='ocrx_word' id='word_1_654' title='bbox 1528 4767 1911 4833; x_wconf 87' lang='lat' dir='ltr'><strong>desideramus,</strong></span> <span class='ocrx_word' id='word_1_655' title='bbox 1932 4767 1997 4823; x_wconf 87' lang='lat' dir='ltr'><strong>de</strong></span> <span class='ocrx_word' id='word_1_656' title='bbox 2015 4768 2167 4824; x_wconf 87' lang='lat' dir='ltr'><strong>vobis</strong></span> <span class='ocrx_word' id='word_1_657' title='bbox 2191 4768 2495 4836; x_wconf 68' lang='lat' dir='ltr'><strong>audientes;</strong></span> 
     </span>
    </p>
   </div>
   <div class='ocr_carea' id='block_1_93' title="bbox 1010 4923 1623 4993">
    <p class='ocr_par' dir='ltr' id='par_1_93' title="bbox 1010 4923 1623 4993">
     <span class='ocr_line' id='line_1_93' title="bbox 1010 4923 1623 4993; baseline -0.01 -12"><span class='ocrx_word' id='word_1_658' title='bbox 1010 4940 1036 4967; x_wconf 80' lang='grc' dir='ltr'><strong>ι</strong></span> <span class='ocrx_word' id='word_1_659' title='bbox 1060 4923 1472 4993; x_wconf 48' lang='grc' dir='ltr'><strong>Ὲῳδωεερὶει.</strong></span> <span class='ocrx_word' id='word_1_660' title='bbox 1499 4923 1623 4993; x_wconf 75' lang='lat' dir='ltr'><strong>sto.</strong></span> 
     </span>
    </p>
   </div>
   <div class='ocr_carea' id='block_1_94' title="bbox 1009 4990 2494 5065">
    <p class='ocr_par' dir='ltr' id='par_1_94' title="bbox 1009 4990 2494 5065">
     <span class='ocr_line' id='line_1_94' title="bbox 1009 4990 2494 5065; baseline -0.021 1"><span class='ocrx_word' id='word_1_661' title='bbox 1009 4992 1229 5065; x_wconf 65' lang='grc' dir='ltr'><strong>274ιὲ</strong></span> <span class='ocrx_word' id='word_1_662' title='bbox 1260 4990 1456 5065; x_wconf 54' lang='grc' dir='ltr'><strong>διῆρε</strong></span> <span class='ocrx_word' id='word_1_663' title='bbox 1478 4992 1845 5065; x_wconf 64' lang='grc' dir='ltr'><strong>φὶαἱαῖιειιζω</strong></span> <span class='ocrx_word' id='word_1_664' title='bbox 1868 4992 2141 5065; x_wconf 77' lang='lat' dir='ltr'><strong>quasdam.</strong></span> <span class='ocrx_word' id='word_1_665' title='bbox 2177 4990 2256 5044; x_wconf 79' lang='lat' dir='ltr'><strong>Ex</strong></span> <span class='ocrx_word' id='word_1_666' title='bbox 2296 4992 2379 5065; x_wconf 70' lang='lat' dir='ltr'><strong>bis</strong></span> <span class='ocrx_word' id='word_1_667' title='bbox 2404 5009 2494 5065; x_wconf 67' lang='grc' dir='ltr'><strong>φ-</strong></span> 
     </span>
    </p>
   </div>
   <div class='ocr_carea' id='block_1_95' title="bbox 940 5057 2497 5131">
    <p class='ocr_par' dir='ltr' id='par_1_95' title="bbox 940 5057 2497 5131">
     <span class='ocr_line' id='line_1_95' title="bbox 940 5057 2497 5131; baseline -0.001 -12"><span class='ocrx_word' id='word_1_668' title='bbox 940 5057 1060 5119; x_wconf 53' lang='lat' dir='ltr'><strong>luni-</strong></span> <span class='ocrx_word' id='word_1_669' title='bbox 1072 5057 1319 5131; x_wconf 60' lang='lat' dir='ltr'><strong>iuan</strong></span> <span class='ocrx_word' id='word_1_670' title='bbox 1339 5057 1574 5128; x_wconf 53' lang='lat' dir='ltr'><strong>epistolae.</strong></span> <span class='ocrx_word' id='word_1_671' title='bbox 1595 5057 1870 5128; x_wconf 82' lang='lat' dir='ltr'><strong>cuiusdam</strong></span> <span class='ocrx_word' id='word_1_672' title='bbox 1880 5057 1972 5131; x_wconf 13' lang='lat' dir='ltr'><strong>&#39;adg</strong></span> <span class='ocrx_word' id='word_1_673' title='bbox 1984 5074 2183 5131; x_wconf 84' lang='lat' dir='ltr'><strong>regem,</strong></span> <span class='ocrx_word' id='word_1_674' title='bbox 2208 5067 2262 5131; x_wconf 83' lang='lat' dir='ltr'><strong>et</strong></span> <span class='ocrx_word' id='word_1_675' title='bbox 2280 5059 2497 5117; x_wconf 89' lang='lat' dir='ltr'><strong>alterius</strong></span> 
     </span>
    </p>
   </div>
   <div class='ocr_carea' id='block_1_96' title="bbox 940 5127 2497 5197">
    <p class='ocr_par' dir='ltr' id='par_1_96' title="bbox 940 5127 2497 5197">
     <span class='ocr_line' id='line_1_96' title="bbox 940 5127 2497 5197; baseline -0.003 -8"><span class='ocrx_word' id='word_1_676' title='bbox 940 5131 1245 5189; x_wconf 82' lang='lat' dir='ltr'><strong>adftatres.</strong></span> <span class='ocrx_word' id='word_1_677' title='bbox 1272 5127 1414 5197; x_wconf 62' lang='lat' dir='ltr'><strong>fl‘res</strong></span> <span class='ocrx_word' id='word_1_678' title='bbox 1456 5127 1741 5197; x_wconf 79' lang='lat' dir='ltr'><strong>supersunt</strong></span> <span class='ocrx_word' id='word_1_679' title='bbox 1788 5128 2024 5197; x_wconf 67' lang='lat' dir='ltr'><strong>epistolae</strong></span> <span class='ocrx_word' id='word_1_680' title='bbox 2050 5127 2133 5184; x_wconf 60' lang='lat' dir='ltr'><strong>&#39;ad</strong></span> <span class='ocrx_word' id='word_1_681' title='bbox 2179 5130 2398 5197; x_wconf 82' lang='lat' dir='ltr'><strong>abbates</strong></span> <span class='ocrx_word' id='word_1_682' title='bbox 2442 5140 2497 5185; x_wconf 91' lang='lat' dir='ltr'><strong>et</strong></span> 
     </span>
    </p>
   </div>
   <div class='ocr_carea' id='block_1_97' title="bbox 942 5144 2497 5269">
    <p class='ocr_par' dir='ltr' id='par_1_97' title="bbox 942 5144 2497 5269">
     <span class='ocr_line' id='line_1_97' title="bbox 942 5144 2497 5197; baseline -0.002 -8"><span class='ocrx_word' id='word_1_683' title='bbox 942 5144 1245 5189; x_wconf 80' lang='lat' dir='ltr'><strong>adnatres.</strong></span> <span class='ocrx_word' id='word_1_684' title='bbox 1280 5144 1414 5183; x_wconf 75' lang='lat' dir='ltr'><strong>&#39;rres</strong></span> <span class='ocrx_word' id='word_1_685' title='bbox 1456 5144 1741 5197; x_wconf 77' lang='lat' dir='ltr'><strong>supersunt</strong></span> <span class='ocrx_word' id='word_1_686' title='bbox 1857 5144 2024 5195; x_wconf 71' lang='lat' dir='ltr'><strong>istoue</strong></span> <span class='ocrx_word' id='word_1_687' title='bbox 2066 5144 2133 5184; x_wconf 87' lang='lat' dir='ltr'><strong>aa</strong></span> <span class='ocrx_word' id='word_1_688' title='bbox 2179 5144 2398 5186; x_wconf 83' lang='lat' dir='ltr'><strong>annates</strong></span> <span class='ocrx_word' id='word_1_689' title='bbox 2442 5144 2497 5185; x_wconf 89' lang='lat' dir='ltr'><strong>et</strong></span> 
     </span>
     <span class='ocr_line' id='line_1_98' title="bbox 942 5144 2497 5269; baseline -0.002 -12"><span class='ocrx_word' id='word_1_690' title='bbox 1253 5196 1483 5269; x_wconf 63' lang='lat' dir='ltr'><strong>Gothiae,</strong></span> <span class='ocrx_word' id='word_1_691' title='bbox 1510 5144 1912 5269; x_wconf 45' lang='lat' dir='ltr'><strong>nimirumfgﬁ,</strong></span> <span class='ocrx_word' id='word_1_692' title='bbox 1945 5197 2070 5269; x_wconf 58' lang='lat' dir='ltr'><strong>l3},</strong></span> <span class='ocrx_word' id='word_1_693' title='bbox 2116 5196 2497 5269; x_wconf 14' lang='lat' dir='ltr'><strong>latalnsuper</strong></span> 
     </span>
    </p>
   </div>
   <div class='ocr_carea' id='block_1_98' title="bbox 943 5262 2495 5338">
    <p class='ocr_par' dir='ltr' id='par_1_98' title="bbox 943 5262 2495 5338">
     <span class='ocr_line' id='line_1_99' title="bbox 943 5262 2495 5338; baseline -0.001 -14"><span class='ocrx_word' id='word_1_694' title='bbox 943 5278 1001 5325; x_wconf 78' lang='lat' dir='ltr'><strong>et</strong></span> <span class='ocrx_word' id='word_1_695' title='bbox 1022 5268 1091 5322; x_wconf 78' lang='lat' dir='ltr'><strong>ad</strong></span> <span class='ocrx_word' id='word_1_696' title='bbox 1114 5266 1234 5338; x_wconf 64' lang='lat' dir='ltr'><strong>ilics</strong></span> <span class='ocrx_word' id='word_1_697' title='bbox 1253 5282 1345 5338; x_wconf 70' lang='lat' dir='ltr'><strong>per</strong></span> <span class='ocrx_word' id='word_1_698' title='bbox 1372 5266 1575 5338; x_wconf 62' lang='lat' dir='ltr'><strong>beatum</strong></span> <span class='ocrx_word' id='word_1_699' title='bbox 1597 5262 1929 5338; x_wconf 62' lang='lat' dir='ltr'><strong>Benedictum</strong></span> <span class='ocrx_word' id='word_1_700' title='bbox 1955 5267 2101 5338; x_wconf 70' lang='lat' dir='ltr'><strong>misit</strong></span> <span class='ocrx_word' id='word_1_701' title='bbox 2116 5336 2124 5338; x_wconf 21' lang='grc' dir='ltr'><em>Α</em></span> <span class='ocrx_word' id='word_1_702' title='bbox 2141 5267 2369 5323; x_wconf 75' lang='lat' dir='ltr'><strong>libellum</strong></span> 
     </span>
    </p>
   </div>
   <div class='ocr_carea' id='block_1_99' title="bbox 940 5332 2499 5398">
    <p class='ocr_par' dir='ltr' id='par_1_99' title="bbox 940 5332 2499 5398">
     <span class='ocr_line' id='line_1_100' title="bbox 940 5332 2499 5398; baseline 0 -7"><span class='ocrx_word' id='word_1_703' title='bbox 940 5347 1132 5391; x_wconf 76' lang='lat' dir='ltr'><strong>versus</strong></span> <span class='ocrx_word' id='word_1_704' title='bbox 1157 5332 1385 5390; x_wconf 58' lang='lat' dir='ltr'><strong>haresin</strong></span> <span class='ocrx_word' id='word_1_705' title='bbox 1410 5333 1603 5389; x_wconf 79' lang='lat' dir='ltr'><strong>Felicis</strong></span> <span class='ocrx_word' id='word_1_706' title='bbox 1620 5374 1634 5398; x_wconf 88' lang='lat'><strong>,</strong></span> <span class='ocrx_word' id='word_1_707' title='bbox 1663 5332 1946 5388; x_wconf 78' lang='lat' dir='ltr'><strong>initlorum</strong></span> <span class='ocrx_word' id='word_1_708' title='bbox 1973 5332 2217 5388; x_wconf 74' lang='lat' dir='ltr'><strong>solatium</strong></span> <span class='ocrx_word' id='word_1_709' title='bbox 2236 5346 2284 5390; x_wconf 80' lang='lat' dir='ltr'><strong>et</strong></span> <span class='ocrx_word' id='word_1_710' title='bbox 2308 5337 2499 5398; x_wconf 50' lang='lat' dir='ltr'><strong>conﬁrs</strong></span> 
     </span>
    </p>
   </div>
   <div class='ocr_carea' id='block_1_100' title="bbox 944 5401 2501 5543">
    <p class='ocr_par' dir='ltr' id='par_1_100' title="bbox 944 5401 2501 5543">
     <span class='ocr_line' id='line_1_101' title="bbox 944 5401 2495 5485; baseline 0 -26"><span class='ocrx_word' id='word_1_711' title='bbox 944 5404 1217 5460; x_wconf 74' lang='lat' dir='ltr'><strong>motionem</strong></span> <span class='ocrx_word' id='word_1_712' title='bbox 1238 5402 1654 5471; x_wconf 72' lang='lat' dir='ltr'><strong>ﬁdeicatltoliece,</strong></span> <span class='ocrx_word' id='word_1_713' title='bbox 1666 5410 1826 5473; x_wconf 89' lang='lat' dir='ltr'><strong>prout</strong></span> <span class='ocrx_word' id='word_1_714' title='bbox 1844 5401 2109 5485; x_wconf 76' lang='lat' dir='ltr'><strong>legitnrin</strong></span> <span class='ocrx_word' id='word_1_715' title='bbox 2128 5404 2351 5471; x_wconf 86' lang='lat' dir='ltr'><strong>epistola</strong></span> <span class='ocrx_word' id='word_1_716' title='bbox 2375 5401 2495 5460; x_wconf 73' lang='grc'><strong>132.</strong></span> 
     </span>
     <span class='ocr_line' id='line_1_102' title="bbox 944 5471 2501 5543; baseline 0 -14"><span class='ocrx_word' id='word_1_717' title='bbox 944 5475 1029 5529; x_wconf 70' lang='grc' dir='ltr'><strong>Διὶ</strong></span> <span class='ocrx_word' id='word_1_718' title='bbox 1052 5472 1119 5543; x_wconf 77' lang='lat' dir='ltr'><strong>de</strong></span> <span class='ocrx_word' id='word_1_719' title='bbox 1140 5484 1246 5525; x_wconf 88' lang='lat' dir='ltr'><strong>una</strong></span> <span class='ocrx_word' id='word_1_720' title='bbox 1270 5471 1464 5543; x_wconf 68' lang='lat' dir='ltr'><strong>ubis,</strong></span> <span class='ocrx_word' id='word_1_721' title='bbox 1487 5486 1555 5526; x_wconf 91' lang='lat' dir='ltr'><strong>an</strong></span> <span class='ocrx_word' id='word_1_722' title='bbox 1583 5471 1648 5527; x_wconf 87' lang='lat' dir='ltr'><strong>de</strong></span> <span class='ocrx_word' id='word_1_723' title='bbox 1677 5472 1781 5543; x_wconf 81' lang='lat' dir='ltr'><strong>alia</strong></span> <span class='ocrx_word' id='word_1_724' title='bbox 1811 5472 1988 5543; x_wconf 72' lang='lat' dir='ltr'><strong>aliqua</strong></span> <span class='ocrx_word' id='word_1_725' title='bbox 2017 5471 2243 5543; x_wconf 80' lang='lat' dir='ltr'><strong>epistola</strong></span> <span class='ocrx_word' id='word_1_726' title='bbox 2262 5512 2278 5543; x_wconf 82' lang='lat'><strong>,</strong></span> <span class='ocrx_word' id='word_1_727' title='bbox 2300 5474 2501 5530; x_wconf 78' lang='lat' dir='ltr'><strong>adhuc-</strong></span> 
     </span>
    </p>
   </div>
   <div class='ocr_carea' id='block_1_101' title="bbox 946 5512 2498 5611">
    <p class='ocr_par' dir='ltr' id='par_1_101' title="bbox 946 5512 2498 5611">
     <span class='ocr_line' id='line_1_103' title="bbox 946 5512 2498 5611; baseline 0.002 -16"><span class='ocrx_word' id='word_1_728' title='bbox 946 5512 1336 5611; x_wconf 59' lang='grc' dir='ltr'><strong>ξεστώἷειῖὲῖῷῖ</strong></span> <span class='ocrx_word' id='word_1_729' title='bbox 1346 5512 1991 5611; x_wconf 50' lang='grc' dir='ltr'><strong>ιζὶιῖῐυτῗοὶἣἿὲοἷ</strong></span> <span class='ocrx_word' id='word_1_730' title='bbox 2000 5512 2498 5611; x_wconf 52' lang='grc' dir='ltr'><strong>επῖἵὶἶιᾶᾘὲςῖ</strong></span> 
     </span>
    </p>
   </div>
   <div class='ocr_carea' id='block_1_102' title="bbox 946 5607 2502 5679">
    <p class='ocr_par' dir='ltr' id='par_1_102' title="bbox 946 5607 2502 5679">
     <span class='ocr_line' id='line_1_104' title="bbox 946 5607 2502 5679; baseline 0.001 -14"><span class='ocrx_word' id='word_1_731' title='bbox 946 5608 1214 5679; x_wconf 72' lang='lat' dir='ltr'><strong>Fortassis</strong></span> <span class='ocrx_word' id='word_1_732' title='bbox 1257 5607 1361 5663; x_wconf 78' lang='lat' dir='ltr'><strong>bac</strong></span> <span class='ocrx_word' id='word_1_733' title='bbox 1401 5607 1679 5664; x_wconf 79' lang='lat' dir='ltr'><strong>occasione</strong></span> <span class='ocrx_word' id='word_1_734' title='bbox 1716 5611 1879 5679; x_wconf 87' lang='lat' dir='ltr'><strong>etiam</strong></span> <span class='ocrx_word' id='word_1_735' title='bbox 1924 5609 2071 5665; x_wconf 86' lang='lat' dir='ltr'><strong>misit</strong></span> <span class='ocrx_word' id='word_1_736' title='bbox 2114 5607 2397 5679; x_wconf 73' lang='lat' dir='ltr'><strong>epistolam</strong></span> <span class='ocrx_word' id='word_1_737' title='bbox 2434 5612 2502 5667; x_wconf 90' lang='lat' dir='ltr'><strong>ad</strong></span> 
     </span>
    </p>
   </div>
   <div class='ocr_carea' id='block_1_103' title="bbox 950 5677 2503 5749">
    <p class='ocr_par' dir='ltr' id='par_1_103' title="bbox 950 5677 2503 5749">
     <span class='ocr_line' id='line_1_105' title="bbox 950 5677 2503 5749; baseline 0 -14"><span class='ocrx_word' id='word_1_738' title='bbox 950 5677 1293 5749; x_wconf 59' lang='lat' dir='ltr'><strong>Lemniadum</strong></span> <span class='ocrx_word' id='word_1_739' title='bbox 1344 5690 1466 5749; x_wconf 77' lang='lat' dir='ltr'><strong>mox</strong></span> <span class='ocrx_word' id='word_1_740' title='bbox 1508 5686 1661 5749; x_wconf 76' lang='lat' dir='ltr'><strong>antea</strong></span> <span class='ocrx_word' id='word_1_741' title='bbox 1695 5678 2016 5749; x_wconf 69' lang='lat' dir='ltr'><strong>esbibitam;</strong></span> <span class='ocrx_word' id='word_1_742' title='bbox 2047 5688 2103 5734; x_wconf 88' lang='lat' dir='ltr'><strong>et</strong></span> <span class='ocrx_word' id='word_1_743' title='bbox 2148 5677 2221 5736; x_wconf 77' lang='lat' dir='ltr'><strong>ad</strong></span> <span class='ocrx_word' id='word_1_744' title='bbox 2271 5681 2503 5736; x_wconf 84' lang='lat' dir='ltr'><strong>amicum</strong></span> 
     </span>
    </p>
   </div>
   <div class='ocr_carea' id='block_1_104' title="bbox 952 5745 2505 5817">
    <p class='ocr_par' dir='ltr' id='par_1_104' title="bbox 952 5745 2505 5817">
     <span class='ocr_line' id='line_1_106' title="bbox 952 5745 2505 5817; baseline 0.003 -16"><span class='ocrx_word' id='word_1_745' title='bbox 952 5760 1092 5801; x_wconf 75' lang='lat' dir='ltr'><strong>nunc</strong></span> <span class='ocrx_word' id='word_1_746' title='bbox 1124 5745 1507 5817; x_wconf 69' lang='lat' dir='ltr'><strong>exhibendam,</strong></span> <span class='ocrx_word' id='word_1_747' title='bbox 1524 5745 1677 5817; x_wconf 76' lang='lat' dir='ltr'><strong>_‘quas</strong></span> <span class='ocrx_word' id='word_1_748' title='bbox 1701 5757 1982 5817; x_wconf 76' lang='lat' dir='ltr'><strong>propterea</strong></span> <span class='ocrx_word' id='word_1_749' title='bbox 2000 5747 2150 5805; x_wconf 84' lang='lat' dir='ltr'><strong>hisce</strong></span> <span class='ocrx_word' id='word_1_750' title='bbox 2188 5748 2255 5805; x_wconf 91' lang='lat' dir='ltr'><strong>ad</strong></span> <span class='ocrx_word' id='word_1_751' title='bbox 2284 5749 2505 5805; x_wconf 81' lang='lat' dir='ltr'><strong>Benedi-</strong></span> 
     </span>
    </p>
   </div>
   <div class='ocr_carea' id='block_1_105' title="bbox 951 5812 1580 5936">
    <p class='ocr_par' dir='ltr' id='par_1_105' title="bbox 951 5812 1580 5936">
     <span class='ocr_line' id='line_1_107' title="bbox 951 5812 1580 5936; baseline 0.021 -12"><span class='ocrx_word' id='word_1_752' title='bbox 951 5812 1580 5936; x_wconf 52' lang='lat' dir='ltr'><strong>“ﬁmimi</strong></span> 
     </span>
    </p>
   </div>
   <div class='ocr_carea' id='block_1_106' title="bbox 1024 5880 1853 5955">
    <p class='ocr_par' dir='ltr' id='par_1_106' title="bbox 1024 5880 1853 5955">
     <span class='ocr_line' id='line_1_108' title="bbox 1024 5880 1853 5955; baseline 0.01 -20"><span class='ocrx_word' id='word_1_753' title='bbox 1024 5894 1042 5924; x_wconf 75' lang='grc' dir='ltr'><strong><em>σ</em></strong></span> <span class='ocrx_word' id='word_1_754' title='bbox 1080 5880 1246 5955; x_wconf 66' lang='lat' dir='ltr'><strong>Apud</strong></span> <span class='ocrx_word' id='word_1_755' title='bbox 1250 5880 1477 5940; x_wconf 72' lang='lat' dir='ltr'><strong>Froben.</strong></span> <span class='ocrx_word' id='word_1_756' title='bbox 1507 5884 1661 5955; x_wconf 79' lang='lat' dir='ltr'><strong>epist.</strong></span> <span class='ocrx_word' id='word_1_757' title='bbox 1692 5882 1810 5938; x_wconf 61' lang='lat' dir='ltr'><strong>illi.</strong></span> <span class='ocrx_word' id='word_1_758' title='bbox 1850 5940 1853 5943; x_wconf 89' lang='lat'><strong>.</strong></span> 
     </span>
    </p>
   </div>
   <div class='ocr_carea' id='block_1_107' title="bbox 2596 4775 4150 4849">
    <p class='ocr_par' dir='ltr' id='par_1_107' title="bbox 2596 4775 4150 4849">
     <span class='ocr_line' id='line_1_109' title="bbox 2596 4775 4150 4849; baseline -0.001 -19"><span class='ocrx_word' id='word_1_759' title='bbox 2596 4775 2715 4830; x_wconf 78' lang='lat' dir='ltr'><strong>ﬂeri</strong></span> <span class='ocrx_word' id='word_1_760' title='bbox 2744 4789 2965 4832; x_wconf 89' lang='lat' dir='ltr'><strong>necesse</strong></span> <span class='ocrx_word' id='word_1_761' title='bbox 2982 4784 3093 4843; x_wconf 88' lang='lat' dir='ltr'><strong>est;</strong></span> <span class='ocrx_word' id='word_1_762' title='bbox 3116 4775 3210 4831; x_wconf 88' lang='lat' dir='ltr'><strong>sed</strong></span> <span class='ocrx_word' id='word_1_763' title='bbox 3237 4792 3303 4832; x_wconf 81' lang='lat' dir='ltr'><strong>ex</strong></span> <span class='ocrx_word' id='word_1_764' title='bbox 3329 4777 3488 4832; x_wconf 90' lang='lat' dir='ltr'><strong>corde</strong></span> <span class='ocrx_word' id='word_1_765' title='bbox 3515 4776 3732 4849; x_wconf 87' lang='lat' dir='ltr'><strong>diligere</strong></span> <span class='ocrx_word' id='word_1_766' title='bbox 3758 4775 4150 4841; x_wconf 84' lang='lat' dir='ltr'><strong>nosdebemus,</strong></span> 
     </span>
    </p>
   </div>
   <div class='ocr_carea' id='block_1_108' title="bbox 2662 4925 4154 4997">
    <p class='ocr_par' dir='ltr' id='par_1_108' title="bbox 2662 4925 4154 4997">
     <span class='ocr_line' id='line_1_110' title="bbox 2662 4925 4154 4997; baseline -0.003 -15"><span class='ocrx_word' id='word_1_767' title='bbox 2662 4926 2689 4966; x_wconf 70' lang='grc' dir='ltr'><em>δ</em></span> <span class='ocrx_word' id='word_1_768' title='bbox 2734 4928 2819 4997; x_wconf 72' lang='lat' dir='ltr'><strong>Ad</strong></span> <span class='ocrx_word' id='word_1_769' title='bbox 2866 4926 3196 4997; x_wconf 75' lang='lat' dir='ltr'><strong>Hilliriettses</strong></span> <span class='ocrx_word' id='word_1_770' title='bbox 3240 4928 3448 4997; x_wconf 76' lang='lat' dir='ltr'><strong>fratres.</strong></span> <span class='ocrx_word' id='word_1_771' title='bbox 3506 4928 3583 4981; x_wconf 83' lang='lat' dir='ltr'><strong>Ita</strong></span> <span class='ocrx_word' id='word_1_772' title='bbox 3609 4925 3820 4997; x_wconf 84' lang='lat' dir='ltr'><strong>quidem</strong></span> <span class='ocrx_word' id='word_1_773' title='bbox 3859 4925 3947 4980; x_wconf 89' lang='lat' dir='ltr'><strong>bic</strong></span> <span class='ocrx_word' id='word_1_774' title='bbox 3972 4925 4154 4979; x_wconf 82' lang='lat' dir='ltr'><strong>titulus</strong></span> 
     </span>
    </p>
   </div>
   <div class='ocr_carea' id='block_1_109' title="bbox 2591 4994 4153 5119">
    <p class='ocr_par' dir='ltr' id='par_1_109' title="bbox 2591 4994 4153 5119">
     <span class='ocr_line' id='line_1_111' title="bbox 2591 4994 4151 5116; baseline 0.001 -68"><span class='ocrx_word' id='word_1_775' title='bbox 2591 4994 2785 5116; x_wconf 59' lang='lat' dir='ltr'><strong>legitur</strong></span> <span class='ocrx_word' id='word_1_776' title='bbox 2808 4995 2864 5050; x_wconf 93' lang='lat' dir='ltr'><strong>in</strong></span> <span class='ocrx_word' id='word_1_777' title='bbox 2895 4994 3013 5050; x_wconf 89' lang='lat' dir='ltr'><strong>cod.</strong></span> <span class='ocrx_word' id='word_1_778' title='bbox 3043 5010 3168 5059; x_wconf 91' lang='lat' dir='ltr'><strong>ms.,</strong></span> <span class='ocrx_word' id='word_1_779' title='bbox 3195 4994 3289 5051; x_wconf 86' lang='lat' dir='ltr'><strong>sed</strong></span> <span class='ocrx_word' id='word_1_780' title='bbox 3306 5010 3373 5050; x_wconf 75' lang='lat' dir='ltr'><strong>ex</strong></span> <span class='ocrx_word' id='word_1_781' title='bbox 3391 4994 3639 5078; x_wconf 72' lang='lat' dir='ltr'><strong>sequenti</strong></span> <span class='ocrx_word' id='word_1_782' title='bbox 3648 4996 3997 5077; x_wconf 73' lang='lat' dir='ltr'><strong>inscriptione</strong></span> <span class='ocrx_word' id='word_1_783' title='bbox 4036 5009 4151 5049; x_wconf 86' lang='lat' dir='ltr'><strong>ma-</strong></span> 
     </span>
     <span class='ocr_line' id='line_1_112' title="bbox 2594 5062 4153 5119; baseline -0.001 -1"><span class='ocrx_word' id='word_1_784' title='bbox 2594 5065 2649 5118; x_wconf 90' lang='lat' dir='ltr'><strong>ni</strong></span> <span class='ocrx_word' id='word_1_785' title='bbox 2672 5072 2849 5118; x_wconf 88' lang='lat' dir='ltr'><strong>estum</strong></span> <span class='ocrx_word' id='word_1_786' title='bbox 2874 5073 2973 5119; x_wconf 84' lang='lat' dir='ltr'><strong>est.</strong></span> <span class='ocrx_word' id='word_1_787' title='bbox 2997 5062 3278 5119; x_wconf 58' lang='lat' dir='ltr'><strong>legendum</strong></span> <span class='ocrx_word' id='word_1_788' title='bbox 3303 5078 3447 5119; x_wconf 86' lang='lat' dir='ltr'><strong>esse.</strong></span> <span class='ocrx_word' id='word_1_789' title='bbox 3470 5065 3540 5119; x_wconf 77' lang='lat' dir='ltr'><strong>ad</strong></span> <span class='ocrx_word' id='word_1_790' title='bbox 3562 5063 3869 5119; x_wconf 62' lang='lat' dir='ltr'><strong>Larisenses.</strong></span> <span class='ocrx_word' id='word_1_791' title='bbox 3897 5063 3955 5118; x_wconf 84' lang='lat' dir='ltr'><strong>In</strong></span> <span class='ocrx_word' id='word_1_792' title='bbox 3979 5062 4153 5119; x_wconf 79' lang='lat' dir='ltr'><strong>insula</strong></span> 
     </span>
    </p>
   </div>
   <div class='ocr_carea' id='block_1_110' title="bbox 2594 5073 3869 5133">
    <p class='ocr_par' dir='ltr' id='par_1_110' title="bbox 2594 5073 3869 5133">
     <span class='ocr_line' id='line_1_113' title="bbox 2594 5073 3869 5133; baseline 0 -15"><span class='ocrx_word' id='word_1_793' title='bbox 2594 5073 2849 5133; x_wconf 78' lang='lat' dir='ltr'><strong>anesum</strong></span> <span class='ocrx_word' id='word_1_794' title='bbox 2874 5073 2973 5133; x_wconf 73' lang='lat' dir='ltr'><strong>est,</strong></span> <span class='ocrx_word' id='word_1_795' title='bbox 2999 5073 3278 5133; x_wconf 77' lang='lat' dir='ltr'><strong>tegendum</strong></span> <span class='ocrx_word' id='word_1_796' title='bbox 3303 5078 3447 5131; x_wconf 85' lang='lat' dir='ltr'><strong>esse,</strong></span> <span class='ocrx_word' id='word_1_797' title='bbox 3470 5073 3540 5119; x_wconf 78' lang='lat' dir='ltr'><strong>ad</strong></span> <span class='ocrx_word' id='word_1_798' title='bbox 3562 5073 3869 5119; x_wconf 63' lang='lat' dir='ltr'><strong>unum.</strong></span> 
     </span>
    </p>
   </div>
   <div class='ocr_carea' id='block_1_111' title="bbox 2594 5130 4154 5203">
    <p class='ocr_par' dir='ltr' id='par_1_111' title="bbox 2594 5130 4154 5203">
     <span class='ocr_line' id='line_1_114' title="bbox 2594 5130 4154 5203; baseline -0.001 -16"><span class='ocrx_word' id='word_1_799' title='bbox 2594 5132 2855 5203; x_wconf 85' lang='lat' dir='ltr'><strong>siquidem</strong></span> <span class='ocrx_word' id='word_1_800' title='bbox 2890 5130 3167 5203; x_wconf 80' lang='lat' dir='ltr'><strong>Lirinensi</strong></span> <span class='ocrx_word' id='word_1_801' title='bbox 3208 5133 3335 5189; x_wconf 87' lang='lat' dir='ltr'><strong>illud</strong></span> <span class='ocrx_word' id='word_1_802' title='bbox 3383 5130 3767 5203; x_wconf 84' lang='lat' dir='ltr'><strong>monasterium</strong></span> <span class='ocrx_word' id='word_1_803' title='bbox 3808 5140 3913 5203; x_wconf 73' lang='lat' dir='ltr'><strong>est,</strong></span> <span class='ocrx_word' id='word_1_804' title='bbox 3941 5144 4039 5186; x_wconf 86' lang='lat' dir='ltr'><strong>seu</strong></span> <span class='ocrx_word' id='word_1_805' title='bbox 4066 5130 4154 5185; x_wconf 83' lang='lat' dir='ltr'><strong>illa</strong></span> 
     </span>
    </p>
   </div>
   <div class='ocr_carea' id='block_1_112' title="bbox 2594 5200 4155 5339">
    <p class='ocr_par' dir='ltr' id='par_1_112' title="bbox 2594 5200 4155 5339">
     <span class='ocr_line' id='line_1_115' title="bbox 2594 5200 4155 5325; baseline -0.003 -69"><span class='ocrx_word' id='word_1_806' title='bbox 2594 5200 2956 5325; x_wconf 39' lang='lat' dir='ltr'><strong>got—gregatio,</strong></span> <span class='ocrx_word' id='word_1_807' title='bbox 2986 5216 3147 5270; x_wconf 85' lang='lat' dir='ltr'><strong>quam</strong></span> <span class='ocrx_word' id='word_1_808' title='bbox 3195 5202 3348 5258; x_wconf 91' lang='lat' dir='ltr'><strong>initio</strong></span> <span class='ocrx_word' id='word_1_809' title='bbox 3371 5217 3493 5259; x_wconf 62' lang='lat' dir='ltr'><strong>sec.</strong></span> <span class='ocrx_word' id='word_1_810' title='bbox 3523 5217 3555 5256; x_wconf 88' lang='lat' dir='ltr'><strong>v</strong></span> <span class='ocrx_word' id='word_1_811' title='bbox 3581 5201 3653 5257; x_wconf 88' lang='lat' dir='ltr'><strong>ibi</strong></span> <span class='ocrx_word' id='word_1_812' title='bbox 3698 5200 3956 5265; x_wconf 59' lang='lat' dir='ltr'><strong>NndaVit,</strong></span> <span class='ocrx_word' id='word_1_813' title='bbox 3994 5208 4155 5281; x_wconf 75' lang='lat' dir='ltr'><strong>atque</strong></span> 
     </span>
     <span class='ocr_line' id='line_1_116' title="bbox 2733 5268 4152 5339; baseline -0.002 -14"><span class='ocrx_word' id='word_1_814' title='bbox 2733 5272 3030 5339; x_wconf 78' lang='lat' dir='ltr'><strong>sanctitate</strong></span> <span class='ocrx_word' id='word_1_815' title='bbox 3060 5271 3348 5339; x_wconf 73' lang='lat' dir='ltr'><strong>illustravit</strong></span> <span class='ocrx_word' id='word_1_816' title='bbox 3371 5280 3591 5327; x_wconf 86' lang='lat' dir='ltr'><strong>sanctus</strong></span> <span class='ocrx_word' id='word_1_817' title='bbox 3614 5268 3916 5339; x_wconf 72' lang='lat' dir='ltr'><strong>Honoratus</strong></span> <span class='ocrx_word' id='word_1_818' title='bbox 3940 5283 4152 5339; x_wconf 78' lang='lat' dir='ltr'><strong>episco-</strong></span> 
     </span>
    </p>
   </div>
   <div class='ocr_carea' id='block_1_113' title="bbox 2595 5336 4155 5477">
    <p class='ocr_par' dir='ltr' id='par_1_113' title="bbox 2595 5336 4155 5477">
     <span class='ocr_line' id='line_1_117' title="bbox 2595 5336 4155 5477; baseline -0.001 -17"><span class='ocrx_word' id='word_1_819' title='bbox 2595 5337 3044 5477; x_wconf 51' lang='lat' dir='ltr'><strong>‘J‘Jiiniihmi</strong></span> <span class='ocrx_word' id='word_1_820' title='bbox 3070 5337 3456 5464; x_wconf 44' lang='lat'><strong>22333333</strong></span> <span class='ocrx_word' id='word_1_821' title='bbox 3464 5336 4155 5477; x_wconf 58' lang='grc' dir='ltr'><strong>¹¹ἑῖ³⁰ιῖἓξ³ἶιηῖι¹¹ιιὶ¹ξ¹ῗι⁸³πῗέι⁶ἕέ</strong></span> 
     </span>
    </p>
   </div>
   <div class='ocr_carea' id='block_1_114' title="bbox 2666 5474 4153 5550">
    <p class='ocr_par' dir='ltr' id='par_1_114' title="bbox 2666 5474 4153 5550">
     <span class='ocr_line' id='line_1_118' title="bbox 2666 5474 4153 5550; baseline 0.003 -21"><span class='ocrx_word' id='word_1_822' title='bbox 2666 5474 2824 5550; x_wconf 76' lang='lat' dir='ltr'><strong>istola</strong></span> <span class='ocrx_word' id='word_1_823' title='bbox 2844 5475 3017 5532; x_wconf 82' lang='lat' dir='ltr'><strong>t90et</strong></span> <span class='ocrx_word' id='word_1_824' title='bbox 3045 5490 3123 5550; x_wconf 67' lang='lat' dir='ltr'><strong>es</strong></span> <span class='ocrx_word' id='word_1_825' title='bbox 3151 5479 3392 5550; x_wconf 85' lang='lat' dir='ltr'><strong>sequenti</strong></span> <span class='ocrx_word' id='word_1_826' title='bbox 3430 5484 3655 5550; x_wconf 77' lang='lat' dir='ltr'><strong>constat.</strong></span> <span class='ocrx_word' id='word_1_827' title='bbox 3703 5474 3921 5545; x_wconf 67' lang='lat' dir='ltr'><strong>Saepius</strong></span> <span class='ocrx_word' id='word_1_828' title='bbox 3943 5487 4153 5550; x_wconf 77' lang='lat' dir='ltr'><strong>quoque</strong></span> 
     </span>
    </p>
   </div>
   <div class='ocr_carea' id='block_1_115' title="bbox 2734 5544 4155 5616">
    <p class='ocr_par' dir='ltr' id='par_1_115' title="bbox 2734 5544 4155 5616">
     <span class='ocr_line' id='line_1_119' title="bbox 2734 5544 4155 5616; baseline -0.002 -18"><span class='ocrx_word' id='word_1_829' title='bbox 2734 5544 2854 5599; x_wconf 84' lang='lat' dir='ltr'><strong>inus</strong></span> <span class='ocrx_word' id='word_1_830' title='bbox 2898 5558 3018 5616; x_wconf 84' lang='lat' dir='ltr'><strong>eum</strong></span> <span class='ocrx_word' id='word_1_831' title='bbox 3043 5545 3149 5616; x_wconf 83' lang='lat' dir='ltr'><strong>illis</strong></span> <span class='ocrx_word' id='word_1_832' title='bbox 3181 5544 3292 5616; x_wconf 76' lang='lat' dir='ltr'><strong>eg&#39;it</strong></span> <span class='ocrx_word' id='word_1_833' title='bbox 3304 5560 3421 5616; x_wconf 70' lang='lat' dir='ltr'><strong>per</strong></span> <span class='ocrx_word' id='word_1_834' title='bbox 3454 5544 3735 5616; x_wconf 85' lang='lat' dir='ltr'><strong>epistolas;</strong></span> <span class='ocrx_word' id='word_1_835' title='bbox 3788 5544 3845 5616; x_wconf 63' lang='lat' dir='ltr'><strong>et</strong></span> <span class='ocrx_word' id='word_1_836' title='bbox 3882 5544 4155 5616; x_wconf 77' lang='lat' dir='ltr'><strong>exemplar</strong></span> 
     </span>
    </p>
   </div>
   <div class='ocr_carea' id='block_1_116' title="bbox 2599 5562 4154 5737">
    <p class='ocr_par' dir='ltr' id='par_1_116' title="bbox 2599 5562 4154 5737">
     <span class='ocr_line' id='line_1_120' title="bbox 2600 5562 4154 5672; baseline -0.001 -74"><span class='ocrx_word' id='word_1_837' title='bbox 2600 5562 2854 5599; x_wconf 68' lang='lat' dir='ltr'><strong>Aletrinas</strong></span> <span class='ocrx_word' id='word_1_838' title='bbox 2898 5562 3018 5627; x_wconf 73' lang='lat' dir='ltr'><strong>eum</strong></span> <span class='ocrx_word' id='word_1_839' title='bbox 3043 5562 3146 5602; x_wconf 78' lang='lat' dir='ltr'><strong>IIIIS</strong></span> <span class='ocrx_word' id='word_1_840' title='bbox 3181 5562 3421 5672; x_wconf 51' lang='lat' dir='ltr'><strong>egi</strong></span> <span class='ocrx_word' id='word_1_841' title='bbox 3454 5562 3735 5616; x_wconf 81' lang='lat' dir='ltr'><strong>eptszas;</strong></span> <span class='ocrx_word' id='word_1_842' title='bbox 3788 5562 3845 5597; x_wconf 82' lang='lat' dir='ltr'><strong>es</strong></span> <span class='ocrx_word' id='word_1_843' title='bbox 3882 5562 4154 5668; x_wconf 54' lang='lat' dir='ltr'><strong>exemrpbtzr</strong></span> 
     </span>
     <span class='ocr_line' id='line_1_121' title="bbox 2599 5612 4154 5737; baseline -0.001 0"><span class='ocrx_word' id='word_1_844' title='bbox 2599 5627 2818 5737; x_wconf 65' lang='grc' dir='ltr'><strong>ἓῖἑέἓῗξ</strong></span> <span class='ocrx_word' id='word_1_845' title='bbox 2833 5614 3289 5737; x_wconf 55' lang='grc' dir='ltr'><strong>ἳῗιὶἒίὲιιῖοῗὲηιη.</strong></span> <span class='ocrx_word' id='word_1_846' title='bbox 3307 5629 3662 5737; x_wconf 47' lang='lat' dir='ltr'><strong>alii?“</strong></span> <span class='ocrx_word' id='word_1_847' title='bbox 3686 5612 3852 5667; x_wconf 75' lang='lat'><strong>&quot;&#39;“&#39;</strong></span> <span class='ocrx_word' id='word_1_848' title='bbox 3879 5626 4007 5669; x_wconf 75' lang='lat'><strong>°&quot;&quot;</strong></span> <span class='ocrx_word' id='word_1_849' title='bbox 4128 5626 4154 5664; x_wconf 84' lang='lat'><strong>‘</strong></span> 
     </span>
    </p>
   </div>
   <div class='ocr_carea' id='block_1_117' title="bbox 2639 5680 3493 5755">
    <p class='ocr_par' dir='ltr' id='par_1_117' title="bbox 2639 5680 3493 5755">
     <span class='ocr_line' id='line_1_122' title="bbox 2639 5680 3493 5755; baseline 0.002 -17"><span class='ocrx_word' id='word_1_850' title='bbox 2639 5680 2767 5755; x_wconf 75' lang='lat' dir='ltr'><strong>irigi</strong></span> <span class='ocrx_word' id='word_1_851' title='bbox 2786 5698 2818 5737; x_wconf 90' lang='lat' dir='ltr'><strong>a</strong></span> <span class='ocrx_word' id='word_1_852' title='bbox 2841 5680 3291 5755; x_wconf 61' lang='lat' dir='ltr'><strong>[lugdunensibns</strong></span> <span class='ocrx_word' id='word_1_853' title='bbox 3307 5680 3493 5755; x_wconf 77' lang='lat' dir='ltr'><strong>voluit.</strong></span> 
     </span>
    </p>
   </div>
   <div class='ocr_carea' id='block_1_118' title="bbox 2676 5746 4156 5833">
    <p class='ocr_par' dir='ltr' id='par_1_118' title="bbox 2676 5746 4156 5833">
     <span class='ocr_line' id='line_1_123' title="bbox 2676 5746 4156 5833; baseline 0.001 0"><span class='ocrx_word' id='word_1_854' title='bbox 2676 5746 2885 5833; x_wconf 61' lang='grc' dir='ltr'><strong>εῬαεετ</strong></span> <span class='ocrx_word' id='word_1_855' title='bbox 3140 5751 3223 5806; x_wconf 68' lang='lat' dir='ltr'><strong>An</strong></span> <span class='ocrx_word' id='word_1_856' title='bbox 3250 5752 3592 5833; x_wconf 64' lang='grc' dir='ltr'><strong>τοοιεινιιιιε</strong></span> <span class='ocrx_word' id='word_1_857' title='bbox 3637 5750 3705 5833; x_wconf 66' lang='grc' dir='ltr'><strong>εει</strong></span> <span class='ocrx_word' id='word_1_858' title='bbox 3747 5765 3907 5833; x_wconf 61' lang='grc' dir='ltr'><strong>«με</strong></span> <span class='ocrx_word' id='word_1_859' title='bbox 3933 5746 4156 5833; x_wconf 54' lang='lat' dir='ltr'><strong>meo“</strong></span> 
     </span>
    </p>
   </div>
   <div class='ocr_carea' id='block_1_119' title="bbox 2604 5817 4159 5945">
    <p class='ocr_par' dir='ltr' id='par_1_119' title="bbox 2604 5817 4159 5945">
     <span class='ocr_line' id='line_1_124' title="bbox 2604 5817 4159 5945; baseline -0.002 -72"><span class='ocrx_word' id='word_1_860' title='bbox 2604 5832 2855 5945; x_wconf 58' lang='lat' dir='ltr'><strong>mne,</strong></span> <span class='ocrx_word' id='word_1_861' title='bbox 2883 5834 2954 5873; x_wconf 89' lang='lat' dir='ltr'><strong>an</strong></span> <span class='ocrx_word' id='word_1_862' title='bbox 2979 5817 3135 5886; x_wconf 73' lang='lat' dir='ltr'><strong>huius</strong></span> <span class='ocrx_word' id='word_1_863' title='bbox 3182 5817 3490 5878; x_wconf 61' lang='lat' dir='ltr'><strong>anteees&#39;sor</strong></span> <span class='ocrx_word' id='word_1_864' title='bbox 3516 5821 3729 5897; x_wconf 79' lang='lat' dir='ltr'><strong>aliquis,</strong></span> <span class='ocrx_word' id='word_1_865' title='bbox 3765 5817 4159 5888; x_wconf 67' lang='lat' dir='ltr'><strong>incompertum</strong></span> 
     </span>
    </p>
   </div>
  </div>
