4428 6412
167 446 268 505 19⁸7

1600 430 1972 490 ειηδτοιιι.

3289 437 3396 496 698

165 571 436 631 oper-eque
463 553 770 618 ostendere,
801 551 939 623 quod
967 551 1020 607 in
1039 551 1225 606 cordis
1253 549 1520 605 thesauro
1549 563 1737 605 recon-
1764 551 1813 607 Λ
1839 560 1936 616 pro
1968 542 2092 612 illis,
2122 552 2184 600 ut
2203 526 2528 616 recipiantur
2549 546 2603 601 in
2623 546 2796 603 locum
2824 561 3005 613 suum;
3037 557 3095 604 et
3119 563 3218 621 ego
3246 565 3400 607 man-

166 647 336 706 ditum
365 645 643 702 habemus.
668 641 977 714 Angelicam
999 643 1166 696 vitam
1190 639 1323 694 vivit
1341 639 1395 693 in
1418 639 1600 705 terris,
1647 637 1740 707 qui

166 734 388 809 pacifica
417 734 706 797 charitate,
750 739 807 787 et
829 739 1016 786 sancta
1046 728 1329 784 dilectione
1379 728 1560 781 vivere
1599 725 1741 779 inter

165 824 413 883 homines
439 823 643 887 studet;
674 827 731 874 et
748 818 888 889 quod
913 819 1004 872 hic
1026 832 1094 872 ex
1112 824 1268 887 parte
1295 815 1498 870 habere
1530 814 1735 882 incipit,

167 915 224 968 in
269 910 603 968 beatitudine
648 908 854 964 caelesti
883 906 1111 978 pleniter
1137 905 1412 976 possidere
1465 902 1733 975 gaudebit.

166 1002 295 1060 Haec
320 1011 408 1060 est
429 1002 628 1073 optima
658 1014 807 1070 pars,
828 1012 950 1068 quae
987 1011 1092 1052 non
1119 994 1392 1050 auferetur
1419 994 1487 1049 ah
1511 1009 1600 1058 eo,
1647 993 1738 1062 qui

165 1095 391 1165 vestigia
417 1091 618 1148 Christi
647 1091 702 1144 in
743 1087 1024 1144 charitatis
1071 1084 1246 1142 officio
1289 1086 1344 1139 in
1388 1085 1492 1140 hoc
1543 1082 1740 1139 mulo

161 1182 313 1238 omni
357 1180 538 1238 studio
587 1177 836 1249 amplecti
878 1177 1127 1233 intendit.
1181 1175 1607 1231 lntercedentem
1639 1187 1738 1242 pro

163 1271 362 1344 papulo
387 1273 697 1328 Christiano
730 1270 1073 1326 sanctitatem
1121 1277 1359 1324 vestram
1406 1268 1586 1324 divina
1629 1267 1740 1323 cle-

162 1363 366 1418 mentia
395 1361 654 1417 exaudire
681 1360 954 1430 dignetur,
983 1357 1318 1413 dilectissimi
1347 1355 1562 1412 fratres.

521 1490 687 1561 280
700 1501 726 1530 ι
755 1484 1090 1544 EPISTOLA
1109 1485 1379 1543 CCXXIII.

165 1604 192 1642 δ
225 1620 294 1658 ΑΙ)
341 1617 689 1659 τεοτῦηιωι
718 1617 962 1656 ABBATEI
982 1617 1050 1656 ΕΤ
1073 1614 1335 1665 FRATRI-IS,
1363 1613 1549 1662 QUIBUS
1587 1614 1651 1652 PB
1664 1614 1734 1652 ι-

227 1701 229 1708 ε
749 1686 870 1726 ESSE
889 1687 1146 1727 VIDETUB.

163 1779 711 1859 Remittit_[ratres_ad
867 1779 1154 1859 Ma_rti_nur_n
1191 1780 1574 1859 peregrinantes
1617 1795 1736 1859 cum

229 1846 490 1921 epistola:
520 1851 721 1904 oeniam
757 1849 863 1921 illis
915 1849 980 1902 ob
1021 1846 1418 1903 inobedientiam
1476 1857 1530 1921 et
1571 1846 1733 1918 negli-

232 1917 459 2043 gzntiam
510 1927 713 1973 exorat.
777 1917 1028 1971 Errantes
1097 1927 1236 1985 op:at
1300 1917 1592 1975 revocari..
1631 1917 1735 1970 non

235 2007 270 2044 a
297 2006 419 2060 μοι.

235 2099 593 2156 Sanctissimo
638 2098 788 2154 Patri
816 2099 1102 2168 Teotgario
1146 2105 1203 2152 et
1239 2098 1384 2153 omni
1414 2098 1525 2153 Deo
1552 2097 1738 2154 electae

159 2193 328 2249 etiam
350 2201 407 2248 et
433 2191 729 2248 benedicta
757 2190 992 2256 familia,
1023 2190 1277 2246 Alcuinus
1302 2189 1534 2246 famulus
1565 2191 1738 2246 sancti

162 2281 382 2338 Martini
410 2297 531 2337 cum
554 2280 813 2337 fratribus
835 2281 887 2335 in
910 2281 1028 2351 ejus
1056 2281 1387 2336 monasterio
1420 2280 1532 2335 Deo
1556 2280 1738 2336 deser-

159 2373 451 2439 vientibus,
473 2380 746 2444 perpetua:
765 2371 1113 2427 beatitudinis
1136 2370 1380 2426 salutem.

231 2462 355 2518 Misi
397 2471 596 2517 vestrae
632 2462 816 2531 pietati
865 2477 963 2531 per
989 2459 1336 2516 Sizimarium
1379 2458 1601 2515 fratrem
1645 2473 1736 2514 ve—

155 2567 332 2633 strum
379 2556 544 2611 verba
585 2555 946 2619 salutationis,
987 2563 1043 2610 et
1083 2572 1227 2611 nunc
1255 2557 1449 2610 iterum
1499 2557 1737 2612 secundo

154 2649 350 2705 eadem
374 2656 618 2719 repetere
640 2655 862 2718 propter
887 2649 1345 2716 opportunitatem
1386 2649 1579 2703 horum
1622 2647 1736 2703 fra-

158 2749 330 2803 trum,
362 2739 452 2809 qui
499 2746 760 2794 venerunt
805 2738 873 2792 ad
915 2753 1035 2803 nos,
1088 2746 1150 2791 ut
1194 2753 1252 2793 se
1300 2739 1740 2808 commendarent

156 2829 336 2884 sancti
362 2827 575 2882 Martini
604 2827 1099 2891 intercessionibus,
1135 2827 1274 2881 idem
1300 2834 1546 2896 repetere
1576 2825 1659 2882 fas
1684 2835 1739 2882 et

159 2916 530 2970 necessarium
581 2931 703 2972 esse
752 2917 929 2971 visum
969 2924 1082 2981 est;
1108 2916 1248 2971 unde
1294 2924 1349 2970 et
1375 2916 1474 2971 has
1527 2915 1736 2972 litteras

160 3003 316 3060 vobis
352 3003 584 3074 dirigere
612 3005 812 3069 studui,
852 3005 976 3073 quia
1021 3005 1244 3074 praefato
1293 3004 1462 3060 fratre
1509 3005 1737 3061 abeunte

165 3109 363 3165 magna
412 3109 500 3148 me
527 3075 758 3147 febrium
785 3091 1033 3147 molestia
1081 3091 1307 3162 fatigare
1352 3095 1532 3163 cmpit.
1585 3093 1738 3149 Unde

160 3169 416 3240 obnixius
444 3183 704 3254 deprecor
727 3181 1065 3236 clementiam
1089 3189 1327 3236 vestram
1343 3221 1358 3245 ,
1383 3188 1444 3234 ut
1471 3196 1557 3236 me
1585 3182 1739 3254 adju-

161 3285 295 3327 vare
347 3253 638 3342 dignemini
668 3271 722 3324 in
760 3267 1115 3324 sanctissimis
1142 3274 1338 3322 vestrae
1363 3253 1731 3322 unanimitatis

155 3360 518 3425 orationibus,
539 3360 666 3429 quia
689 3359 800 3414 scio
819 3366 1053 3413 vestram
1081 3357 1409 3428 religiosam,
1436 3355 1546 3412 Deo
1573 3357 1733 3412 devo-

160 3458 274 3504 tam
329 3450 671 3503 sanctitatem
719 3448 944 3503 multum
997 3447 1176 3502 valere
1202 3449 1257 3502 in
1305 3447 1555 3518 precibus
1593 3447 1733 3518 apud

157 3538 381 3609 superni
420 3538 629 3608 regis...
661 3537 871 3592 dicente
916 3538 1034 3607 ipsa
1061 3538 1302 3592 Veritate
1334 3556 1346 3592 :
1381 3537 1734 3609 Quodcunque

159 3628 415 3698 petieritis
440 3629 703 3682 credentes
735 3628 996 3697 accipietis
1047 3626 1258 3700 (Matth.
1291 3644 1406 3693 xxI,
1431 3627 1556 3699 22);
1604 3627 1734 3683 Cre-

161 3717 355 3771 dentes
375 3717 530 3781 dixit,
555 3718 681 3788 quia
706 3717 1018 3788 impossibile
1046 3726 1119 3771 est
1139 3719 1251 3770 sine
1269 3717 1373 3785 ﬁde
1394 3717 1596 3790 placere
1623 3717 1731 3770 Deo

162 3803 353 3874 (Hebr.
375 3822 454 3870 xi,
475 3804 549 3878 6).
580 3805 758 3872 Quare
779 3805 1041 3861 catholica
1070 3806 1347 3876 integritas
1379 3804 1574 3860 vestris
1619 3819 1734 3860 ma-

163 3903 294 3950 neat
319 3897 372 3950 in
393 3895 670 3977 cordibus,
691 3905 958 3967 quatenus
980 3897 1238 3969 quidquid
1256 3896 1520 3967 petieritis
1549 3897 1603 3951 in
1633 3910 1732 3950 no—

161 3986 308 4040 mine
333 3978 484 4051 Jesu,
513 3988 758 4056 accipere
782 3990 1118 4054 mereamini,
1161 4004 1256 4044 seu
1300 4003 1401 4059 pro
1445 3988 1734 4049 stabilitate

158 4077 286 4130 vita:
311 4083 506 4130 vestrae
551 4083 607 4129 et
631 4079 1033 4146 perseverantia
1080 4078 1205 4158 boni
1256 4079 1436 4147 aperis
1464 4093 1636 4148 usque
1680 4077 1732 4132 in

160 4168 356 4231 tinem;
389 4166 501 4222 sive
528 4181 626 4237 pro
647 4167 836 4222 amicis
865 4168 1081 4232 vestris,
1111 4168 1202 4237 qui
1225 4166 1383 4222 fidem
1405 4166 1640 4222 habeant
1667 4166 1734 4221 de

158 4263 347 4312 vestra
371 4255 609 4311 bonitate
633 4265 689 4312 et
711 4256 990 4311 charitate.
1041 4255 1282 4311 Charitas
1333 4257 1471 4311 enim
1508 4257 1735 4326 cooperit

159 4343 550 4399 multitudinem
600 4355 928 4416 peccatorum
974 4345 1028 4413 (Ι
1060 4345 1205 4400 Petr.
1253 4329 1327 4411 tv,
1356 4347 1443 4415 8);
1472 4345 1519 4400 et
1544 4347 1634 4416 qui
1677 4345 1735 4398 in

158 4437 419 4488 charitate
436 4445 632 4502 manet,
665 4437 722 4490 in
748 4436 854 4490 Deo
879 4447 1074 4503 manet,
1094 4438 1218 4508 quia
1238 4437 1376 4493 Deus
1402 4440 1628 4493 charitas
1657 4447 1733 4492 est

113 4585 127 4594 ο
163 4523 219 4596 (1
239 4524 400 4580 Joan.
431 4540 506 4589 tv,
538 4525 646 4598 16).

185 4623 189 4626 ’
232 4615 291 4670 In
330 4614 488 4685 hujus
512 4631 640 4672 vero
671 4617 950 4672 charitatis
979 4620 1264 4674 sanctitate
1288 4621 1387 4674 hos
1417 4621 1610 4676 fratres
1634 4637 1731 4678 ve-

160 4715 330 4772 stros,
370 4706 531 4761 etiam
572 4714 810 4773 nostros,
840 4707 907 4763 ad
949 4717 1183 4764 vestram
1207 4710 1458 4780 pietatem
1503 4711 1734 4782 dirigere

160 4794 372 4866 curavi,
401 4796 492 4863 qui
517 4797 776 4851 orationis
813 4799 983 4867 gratia
1013 4799 1181 4853 sancti
1228 4798 1438 4854 Martini
1481 4800 1733 4871 reliquias

161 4884 390 4937 visitare
416 4884 724 4949 voluerunt;
755 4887 945 4940 sedet
983 4889 1111 4942 mihi
1146 4889 1507 4943 secretissime
1536 4890 1734 4960 aliquid

163 4974 232 5029 de
254 4988 352 5028 sua
379 4972 736 5028 inobedientia
759 4975 842 5027 vel
868 4977 1188 5046 negligentia
1212 4980 1484 5046 dixerunt,
1510 4998 1736 5051 precan—

163 5074 248 5120 tes
275 5080 372 5120 nos
402 5079 524 5120 cum
546 5066 718 5120 sancti
739 5065 950 5120 Martini
980 5068 1175 5136 pietate
1204 5071 1587 5128 intercessores
1613 5090 1734 5130 esse

237 5207 263 5267 _-
295 5195 462 5267 Apud
476 5197 706 5253 Froben.
735 5198 886 5267 epist.
919 5198 1040 5253 2l7.

235 5265 266 5304 δ
422 5265 1046 5341 Τεοιθᾳνὶιιιτι“ρὸὑαιεηι.
1086 5269 1262 5341 Cujus
1308 5271 1534 5326 emnohii
1569 5274 1734 5329 abbas

163 5333 332 5408 fuerit
358 5333 674 5408 Teotgarius
697 5353 763 5392 ex
790 5339 889 5392 hac
910 5339 1133 5407 cpistola
1165 5333 1406 5408 equidem
1434 5343 1575 5396 haud
1602 5346 1734 5398 satis

162 5405 370 5528 hauet;
403 5406 655 5472 quoniam
679 5423 807 5462 vero
832 5405 1030 5462 mentio
1060 5410 1145 5462 hic
1176 5405 1236 5463 lli
1257 5411 1321 5464 de
1349 5410 1602 5466 fratribus
1642 5416 1731 5483 qui

164 5490 195 5528 a
262 5475 648 5528 monasterium
671 5476 984 5528 Turonense
1006 5487 1265 5528 venerunt
1290 5482 1584 5528 devotionis
1612 5499 1731 5528 om-

164 5475 234 5553 ad
262 5475 648 5553 monasterium
671 5476 984 5553 Turonense
1006 5482 1584 5553 veneruntdevotionis
1612 5475 1734 5553 gra-

165 5545 262 5607 tia,
291 5550 347 5598 et
381 5549 442 5597 ut
465 5557 524 5597 se
566 5548 998 5603 commendarent
1026 5548 1193 5602 sancti
1238 5548 1449 5602 Martini
1479 5545 1735 5607 interces-

166 5613 429 5689 siquibus,
459 5614 586 5689 hinc
628 5615 893 5689 conjicere
916 5634 1141 5689 pronum
1185 5627 1290 5689 est,
1317 5628 1372 5673 et
1400 5617 1592 5675 fratres
1618 5623 1733 5678 illos

168 5683 336 5739 fuisse
374 5684 674 5757 monachos
717 5683 1047 5753 Lirinenses,
1102 5703 1236 5757 quos
1266 5688 1319 5743 in
1365 5689 1588 5757 epistola
1632 5693 1735 5747 212

168 5705 336 5739 ιιιιδκ
377 5705 674 5738 monacnns
717 5705 1047 5753 unnenses,
1139 5705 1236 5743 uos
1266 5705 1319 5743 tn
1365 5705 1588 5757 eptswla
1632 5705 1735 5747 212

155 5757 336 5812 (nunc
366 5753 488 5825 190)
512 5753 666 5825 dixit,
713 5763 837 5825 ante
862 5771 1062 5824 paucos
1101 5705 1215 5813 dies
1239 5758 1360 5812 illuc
1389 5759 1623 5822 venisse;
1682 5771 1737 5817 et

89 5868 95 5884 .
148 5821 515 5909 Teotgariurn
559 5821 721 5879 fuisse
752 5821 1104 5881 Lirinensium
1155 5827 1417 5883 abbatem.
1472 5821 1732 5885 Ca;th

1759 4563 1817 4623 D

1837 635 1958 690 davi
2003 635 2108 690 illis
2146 635 2394 700 firmiter,
2438 643 2620 692 tacere
2660 636 2798 707 apud
2838 652 3023 693 omnes
3064 639 3308 696 homines
3338 642 3423 698 de~

1837 739 2002 782 causa
2028 725 2361 797 negligentiae
2389 740 2520 790 suae,
2566 725 2756 782 nolens
2803 726 3003 797 aliquid
3050 726 3194 782 foras
3220 731 3406 807 venjre

1837 831 1869 869 a
1890 815 2232 869 sanctissima
2253 814 2664 886 congregatione
2683 823 2886 882 vestra,
2912 817 3016 871 nisi
3043 817 3242 887 optima
3260 832 3408 889 qum-

1837 918 1968 973 que;
1990 905 2115 973 quia
2137 903 2289 958 multi
2318 911 2443 957 sunt
2472 905 2886 974 reprehensores
2910 907 3032 960 vitae
3052 914 3250 962 nostra
3286 923 3403 964 ma-

1836 995 1917 1063 gis
1934 1008 2095 1062 quam
2140 1000 2456 1058 sectatores,
2508 995 2766 1064 cupientes
2777 1011 2873 1048 sua
2896 997 3173 1052 criminosa
3193 987 3404 1068 peccata

1837 1081 2280 1136 monasterialiuns
2302 1083 2694 1152 reprehensione
2719 1084 2985 1140 abscondi.
3013 1083 3119 1141 Sed
3146 1083 3404 1158 quidquid

1838 1183 1992 1225 secus
2013 1184 2430 1241 agamus,quam
2450 1171 2713 1241 regularis
2737 1174 2848 1228 vita
2867 1174 3103 1238 definiat,
3125 1186 3406 1235 remaneat

1839 1258 1980 1328 apud
2005 1273 2106 1314 nos
2131 1265 2363 1322 tantum,
2390 1267 2446 1314 et
2464 1260 2852 1328 reconcilietur,
2878 1271 2936 1318 et
2961 1265 3017 1319 in
3059 1267 3404 1324 concordiam

1838 1356 2123 1404 revocetur
2149 1365 2279 1420 grex
2308 1349 2532 1416 Christi,
2559 1366 2627 1406 ne
2669 1352 2936 1423 gaudeant
2985 1355 3184 1412 inimici
3239 1371 3406 1429 super

1838 1451 1956 1489 nos.
1989 1435 2104 1491 Non
2131 1445 2218 1492 est
2255 1437 2417 1491 homo
2458 1439 2550 1506 qui
2578 1453 2685 1494 non
2724 1449 2941 1510 peccet;
2981 1451 3037 1499 et
3077 1444 3280 1502 bonum
3318 1456 3410 1504 est

1837 1532 2107 1580 errantem
2124 1539 2280 1580 ovem
2301 1541 2556 1582 revocare
2575 1528 2630 1582 in
2656 1529 2796 1584 ovile
2824 1529 3049 1599 Christi,
3079 1535 3195 1605 ejus
3218 1551 3406 1593 exem-

1836 1614 1924 1684 plo
1947 1615 2036 1684 qui
2057 1613 2124 1668 de
2153 1613 2289 1670 ccelo
2315 1614 2593 1671 descendit
2619 1625 2679 1673 ut
2699 1631 2855 1674 ovem
2878 1621 3143 1690 perditam
3169 1625 3412 1696 require-

1837 1712 1921 1758 ret
1946 1704 2000 1757 in
2032 1703 2212 1758 terris.

1903 1790 2165 1846 Patientia
2181 1791 2522 1862 praelatorum
2547 1794 2692 1852 salus
2709 1796 2997 1854 debetesse
3015 1796 3402 1868 subiectorum.
3446 1832 3450 1839 ι

1769 1877 1813 1936 Β
1839 1882 2026 1938 Melius
2065 1891 2152 1939 est
2186 1884 2462 1955 ignoscere
2484 1885 2917 1958 delinquentibus
2944 1905 3106 1961 quam
3133 1891 3403 1962 expellere

1837 1981 2152 2043 peccantes;
2197 1975 2322 2044 quia
2343 1974 2392 2029 si
2420 1983 2626 2031 tantum
2667 1975 2803 2046 justi
2844 1987 3125 2035 remanent
3156 1988 3212 2036 et
3253 1983 3395 2048 sani.

1837 2062 2018 2117 forsan
2041 2063 2186 2118 solus
2204 2072 2390 2134 pastor
2415 2065 2560 2120 solus
2579 2075 2822 2122 remanet
2841 2068 3042 2138 absque
3065 2085 3244 2142 grege.
3266 2069 3406 2140 Quid

1836 2153 1881 2206 si
1907 2148 2228 2221 ipse'pastor
2255 2161 2467 2221 peccat,
2494 2157 2616 2224 quis
2636 2165 2880 2212 remanet
2902 2159 2954 2212 in
2985 2159 3101 2214 loco
3131 2159 3242 2216 Deo
3277 2175 3409 2216 con-

1836 2243 2082 2299 secrato?
2110 2243 2373 2299 Memores
2395 2244 2650 2301 debemus
2673 2261 2794 2302 esse
2823 2250 3121 2318 apostolum
3143 2249 3418 2310 Joannem-

1835 2335 2099 2392 dicentem
2124 2355 2136 2390 :
2165 2335 2304 2420 Quia
2323 2338 2368 2391 si
2394 2337 2699 2404 dixerimus,
2723 2349 2987 2410 peccatum
3009 2357 3113 2394 non
3131 2340 3402 2405 habemus.

1835 2427 2172 2498 nosmetipsos
2209 2427 2524 2493 seducimus,
2562 2437 2610 2482 et
2659 2430 2848 2484 veritas
2889 2431 2945 2484 in
2983 2431 3129 2486 nobis
3181 2447 3284 2486 non
3327 2440 3419 2486 est-

1835 2513 1890 2587 (I
1909 2515 2068 2570 Joan.
2093 2532 2134 2580 ι,
2156 2514 2232 2586 8).
2260 2515 2367 2571 Sed
2385 2517 2432 2570 si
2452 2517 2789 2588 agnoscimus
2813 2526 3125 2589 peccatores
3146 2531 3243 2574 nos
3260 2533 3421 2586 esse,

1835 2615 1890 2662 et
1910 2607 2229 2662 confitemur
2258 2608 2567 2678 iniquitates
2595 2617 2830 2676 nostras,
2860 2625 2980 2665 eum
3011 2610 3298 2666 Publicano
3325 2611 3410 2667 di—

1836 2706 2019 2753 centes
2048 2697 2237 2763 :Deus,
2251 2701 2504 2770 propitius
2526 2707 2633 2754 esto
2653 2700 2781 2754 mihi
2798 2703 3056 2772 peccatori
3077 2703 3094 2751 l
3105 2700 3227 2755 Luc.
3251 2715 3406 2765 xvttt,

1838 2787 1948 2858 15),
1974 2788 2233 2842 habemus
2259 2790 2599 2854 advocatum,
2629 2791 2683 2846 id
2710 2798 2814 2856 est,
2852 2793 3257 2862 propitiatorem
3301 2792 3410 2848 Do-

1835 2875 2038 2929 minum
2059 2873 2244 2929 Jesum
2272 2879 2412 2946 apud
2437 2877 2675 2944 Patrem,
2703 2880 2794 2948 qui
2816 2880 3164 2949 semetipsum
3185 2880 3407 2936 tradidit

1835 2984 1934 3040 pro
1960 2971 2195 3040 peccatis
2224 2971 2423 3025 nostris
2465 2970 2590 3042 (Tit.
2621 2988 2683 3036 ιι,
2730 2970 2841 3043 14),
2869 2980 2929 3025 ιιι
2975 2987 3074 3027 nos
3118 2973 3405 3030 redimeret

1838 3061 1891 3114 in
1933 3061 2190 3131 sanguine
2217 3074 2339 3124 suo,
2385 3068 2449 3114 et
2485 3062 2789 3130 acquireret
2832 3060 2943 3116 Deo
2970 3061 3223 3132 populum
3253 3077 3404 3120 accc»

1836 3151 2115 3220 ptabilem.

1763 3226 1808 3288 C
1908 3239 2033 3293 llam
2060 3242 2487 3306 considerantes,
2517 3241 2717 3297 fratres
2761 3242 3087 3310 charissimi,
3115 3243 3408 3317 recolligits

1833 3329 2070 3384 oviculas
2120 3339 2370 3386 errantes
2424 3347 2546 3386 cum
2601 3334 2839 3403 gaudio,
2895 3336 3242 3393 recordantes
3293 3337 3409 3409 ejus

1833 3421 2112 3491 pietatem,
2136 3421 2227 3491 qui
2253 3423 2540 3492 nonaginta
2569 3437 2759 3478 novem
2781 3440 2911 3480 oves
2939 3426 3146 3482 dimisit
3172 3429 3226 3482 in
3252 3443 3408 3484 mon-

1835 3513 2005 3577 tibus,
2043 3519 2105 3566 ut
2131 3527 2295 3567 unam
2322 3519 2598 3568 errantem
2625 3512 2915 3580 inveniret;
2939 3521 2995 3570 et
3028 3516 3270 3571 humeris
3293 3518 3408 3572 suls

1836 3604 2217 3674 imposuisset,
2256 3612 2661 3675 reportaretque
2696 3605 2764 3661 ad
2807 3606 3021 3662 domum
3050 3606 3233 3680 gloriae
3267 3621 3403 3675 suae,

1833 3701 1892 3747 ut
1919 3694 2090 3763 angeli
2125 3695 2522 3765 congauderent
2548 3696 2614 3752 de
2645 3713 2744 3753 ove
2773 3699 2986 3755 inventa
3014 3698 3225 3771 (Matth.
3251 3716 3406 3766 xvm.

1835 3782 1930 3848 £2;
1985 3781 2114 3836 Luc.
2161 3799 2264 3848 xv,
2315 3783 2389 3854 4).
2455 3784 2578 3840 Haec
2628 3789 2806 3842 omnia
2857 3789 2912 3842 in
2963 3798 3144 3846 mente
3197 3791 3407 3848 baben-

1835 3880 1916 3926 tes
1939 3872 2219 3942 ignoscite,
2247 3881 2307 3927 ut
2347 3873 2588 3944 ignoscat
2609 3875 2760 3930 vobis
2791 3876 2960 3942 Deus;
3011 3878 3135 3947 quia
3165 3879 3281 3934 hac
3324 3890 3410 3936 est

1833 3965 1918 4020 via
1940 3974 1996 4020 et
2021 3966 2257 4024 caelestis
2283 3969 2432 4040 regni
2475 3967 2718 4036 culmen;
2771 3978 2863 4026 aut
2889 3985 2994 4027 non
3024 3986 3282 4042 peccare,
3312 3981 3411 4031 aut

1833 4058 2176 4127 peccantibus
2224 4059 2518 4130 ignoscere.
2574 4060 2880 4130 Considera,
2929 4062 3058 4119 dicit
3085 4061 3403 4134 Apostolus,

1833 4149 2074 4219 teipsum,
2105 4166 2167 4203 ne
2186 4163 2233 4204 et
2263 4160 2318 4205 tu
2339 4154 2579 4219 tenteris;
2607 4153 2739 4209 alter
2766 4155 2982 4210 alterius
3011 4173 3170 4211 onera
3189 4156 3403 4211 invicem

1833 4251 2055 4309 portate,
2093 4252 2142 4297 et
2179 4243 2251 4298 sic
2278 4243 2550 4315 implebitis
2577 4246 2736 4317 legem
2758 4244 2950 4302 Christi
2973 4247 3116 4319 (Gal.
3151 4263 3228 4314 Vt,
3252 4247 3306 4315 1,
3325 4247 3400 4321 2).

1835 4327 2023 4384 Divina
2071 4347 2166 4386 vos
2195 4333 2366 4402 gratia
2398 4333 2450 4386 in
2479 4335 2739 4389 charltate
2785 4336 3100 4392 obedientize
3149 4345 3204 4393 et
3229 4338 3406 4392 humi-

1834 4416 1983 4473 litate
2011 4433 2225 4488 semper
2263 4433 2584 4475 conservare
2613 4422 2890 4491 dignetur,
2937 4424 3147 4480 Domini
3191 4427 3404 4496 Patres,

1833 4503 2027 4560 fratres
2052 4515 2107 4561 et
2132 4505 2242 4561 lilii.

2079 4596 2430 4668 281-283
2463 4608 2484 4637 ε
2515 4596 2844 4654 EPISTOLA
2874 4598 3144 4656 CCXXIV.

2416 4683 2482 4720 ΑΒ
2511 4683 2820 4724 FBIDUINUI.

1835 4753 2401 4825 Gratulaturadeptam
2427 4773 2603 4810 curam
2626 4760 3055 4817 monasteriorum
3086 4759 3188 4816 SS.
3228 4761 3396 4820 Bene-

1902 4824 2026 4878 dicti
2053 4833 2102 4901 ες
2128 4823 2377 4901 Ceolfridi
2406 4826 2643 4880 hortatur
2671 4837 2725 4882 ut
2751 4830 2927 4901 prwsit
2959 4832 3099 4901 gregi
3132 4848 3226 4886 suo
3267 4833 3397 4890 bono

1902 4894 2150 4964 exemplo.
2185 4895 2500 4950 Precibusse
2529 4894 2873 4953 commendat.

1907 4985 2255 5042 Sanctissimo
2284 4987 2428 5042 Patri
2457 4987 2481 5026 δ
2513 4988 2790 5056 Friduino,
2821 4991 2946 5049 olim
2975 5001 3131 5047 notus
3176 5003 3231 5048 et
3252 5009 3400 5051 sem-

1832 5091 1930 5146 per
1949 5077 2151 5132 amicus
2171 5076 2426 5132 Alcuinus
2447 5079 2692 5135 salutem.

1835 5209 2100 5285 Τερψιτῇ
2122 5211 2413 5285 cujusdam
2427 5211 2966 5285 abbatismemoriam
2989 5229 3199 5285 quoque
3219 5226 3396 5285 exstat

1835 5279 1885 5349 in
1918 5277 2036 5349 Vita
2064 5277 2120 5332 S.
2146 5277 2328 5349 Eigilis
2368 5281 2575 5336 abbatis
2618 5283 2917 5347 Fuldensis,
2955 5277 3072 5338 Act.
3112 5277 3208 5338 SS.
3262 5283 3388 5341 0rd.

1836 5348 1892 5423 S_.
1921 5348 2074 5423 βαι.
2106 5348 2231 5423 saec.
2272 5365 2364 5423 _iv,_
2404 5360 2613 5423 ρει-ηρ),
2663 5368 2782 5423 pag.
2815 5353 2938 5418 255,
2990 5354 3078 5422 qui
3110 5369 3249 5408 anno
3289 5356 3402 5413 81-9

1834 5417 2150 5471 dedicationi
2175 5417 2414 5471 ecclesiae
2443 5417 2721 5476 Fuldensis
2735 5417 2815 5476 ἐι
2845 5417 3173 5476 translationi
3205 5438 3394 5479 cornos

1833 5487 1908 5563 ris
1935 5485 1990 5538 S.
2022 5484 2287 5563 {ionifacii
2310 5485 2580 5563 interfuit;
2610 5492 2702 5544 sed
2729 5507 2827 5546 nec
2855 5493 3046 5546 ibidem
3069 5493 3211 5546 aliud
3232 5484 3391 5563 quida

1832 5555 1974 5628 piam
2021 5556 2093 5628 de
2139 5554 2228 5609 illo
2273 5554 2546 5628 habetur,_
2570 5569 2764 5628 praeter
2812 5563 2980 5616 solum
3026 5554 3389 5624 nantem-Viti.

1834 5624 1991 5702 etiam
2041 5624 2332 5702 lib._xx_vu|
2380 5624 2772 5702 Annal.:§en.,
2796 5647 2914 5702 pag.
2950 5631 3072 5697 454,
3098 5649 3148 5686 ιι.
3181 5632 3263 5689 13.

1907 5704 1927 5766 ξ
1953 5693 2105 5766 apud
2127 5693 2354 5766 Froben.
2378 5696 2533 5766 epist.
2563 5696 2685 5751 2‘20.

1903 5762 1928 5802 ά
1959 5762 2235 5816 Friduino.
2277 5762 2589 5820 Gratulatur
2630 5767 2884 5823 Alcuinus
2925 5771 3048 5825 huic
3085 5786 3182 5827 suo
3218 5776 3380 5830 veteri

1838 5833 2006 5889 amico
2037 5833 2100 5888 de
2132 5833 2315 5904 adepta
2347 5842 2564 5903 paterna
2596 5852 2720 5892 cura
2748 5839 2900 5894 ovilis
2945 5841 3175 5908 Christi,
3197 5859 3379 5902 mona-
