4428 6402
432 390 533 447 501

1859 365 2229 450 Εριδτοιᾼε.
2246 336 2250 341 ’

3534 380 3636 436 509.

434 500 539 557 uiae
591 498 817 553 insulam
864 509 1032 565 usque
1082 494 1239 549 hodie
1283 493 1571 563 possidere.
1618 491 1983 562 Quapropter.
2009 501 2059 556 Δ
2087 483 2377 551 humanum
2401 493 2723 551 fundendum
2741 489 3102 563 'sanguinem,
3148 488 3273 558 quia
3302 487 3397 541 uiri
3431 491 3641 559 sangui-

434 585 865 642 excellentissimi
878 584 1066 638 Patres
1090 592 1145 637 et
1158 576 1548 651 religiosissimi
1570 578 1788 645 fratres,
1812 588 1870 636 et
1891 595 1987 635 no-

434 675 680 731 bilissimi
700 674 815 739 ﬁlii,
836 680 1069 728 vestram
1090 672 1234 742 piam
1261 671 1660 726 unanimitatem
1682 676 1795 725 tota
1810 669 1987 725 cordis

436 767 544 822 mei
562 764 846 831 aﬁ‘ectionc
868 765 1147 832 deprecor,
1167 768 1228 814 ut
1248 761 1522 831 antiquam
1548 768 1749 815 sancta:
1776 759 1991 830 religio-

438 853 523 909 nis
570 852 1005 907 consuetudinem
1029 890 1046 916 ,
1095 858 1152 905 et
1194 858 1391 906 saneta:
1437 850 1708 918 sapientiae
1754 849 1990 904 studium

412 940 669 995 assiduis
707 939 1175 1003 admonitionibus,
1215 937 1704 1004 exhortationibus,
1742 937 1989 1006 increpa-

438 1027 671 1083 tionibus
692 1041 952 1082 renovare
978 1026 1257 1090 studeatis,
1276 1032 1336 1079 ut
1353 1024 1442 1078 lux
1468 1024 1708 1079 veritatis
1735 1030 1791 1078 et
1815 1023 1990 1078 scien-

437 1121 526 1174 tias
552 1134 651 1189 per
677 1119 1113 1190 congregationes
1129 1116 1490 1171 Eeclesiarum
1502 1102 1710 1170 Christi
1739 1121 1992 1170 consueto

436 1222 589 1263 more
615 1222 712 1278 per
730 1222 825 1262 vos
852 1216 907 1260 et
926 1222 956 1261 a
975 1207 1127 1261 vobis
1150 1205 1330 1260 multis
1354 1203 1535 1267 mundi
1563 1204 1805 1273 partibus
1831 1202 1991 1258 uber-

438 1298 578 1353 rime
601 1296 815 1368 fulgeat.

507 1404 673 1475 Igitur
686 1404 906 1471 antiquo
925 1397 1163 1472 tempore
1187 1401 1477 1457 doctissimi
1497 1400 1735 1457 solebant
1754 1400 1995 1469 magistri

434 1492 773 1548 ctIlibernia
813 1491 1172 1554 Britanniam,
1223 1490 1467 1556 Galliam,
1514 1490 1717 1543 Italiam
1736 1489 1917 1543 venire
1943 1495 1998 1541 et

410 1622 416 1627 ι
436 1582 635 1637 inultos
642 1597 738 1651 per
751 1581 1015 1636 Ecclesias
1026 1581 1222 1637 Christi
1244 1582 1432 1637 fecisse
1446 1582 1713 1652 profectus
1728 1599 1743 1646 ;
1766 1579 2000 1650 et'quan-

437 1680 494 1723 to
516 1668 1004 1745 magis_periculosa
1028 1685 1171 1724 nunc
1196 1684 1314 1725 esse
1335 1678 1573 1740 tempora
1606 1677 1917 1733 noscuntur,
1945 1674 2001 1722 et

435 1759 715 1828 plurimos,
755 1758 1043 1813 secundum
1064 1759 1412 1829 apostolicam
1438 1760 1770 1829 prophetiam
1793 1797 1810 1823 ,
1854 1773 1884 1811 a
1909 1758 1995 1811 via

438 1849 685 1903 veritatis
706 1855 1037 1914 avertentes,
1064 1856 1213 1923 tanto
1247 1850 1533 1905 instantius
1567 1849 1681 1917 ipsa
1722 1847 1999 1902 catholicas

439 1938 567 1994 ﬁdei
595 1939 792 1995 veritas
816 1939 1012 2009 ubique
1035 1940 1175 1994 inter
1203 1954 1300 1995 vos
1325 1939 1575 1995 discenda
1601 1948 1687 1994 est
1718 1946 1775 1992 et
1798 1938 1996 1993 docen-

436 2027 534 2091 da,
578 2034 640 2081 ut
684 2026 919 2081 habeant
941 2026 1246 2082 orthodoxa:
1287 2026 1410 2082 ﬁdei
1456 2027 1850 2097 praedicatores,
1891 2040 1997 2095 quo

440 2116 652 2186 possint
677 2115 1159 2173 contradicentibus
1179 2118 1392 2173 veritati
1419 2118 1689 2185 resistere,
1722 2125 1779 2175 et
1820 2117 1997 2188 palam

443 2206 663 2259 vincere
684 2206 1017 2261 adversarios
1046 2207 1346 2275 apostolica:
1381 2208 1655 2262 doctrinae.
1700 2207 2001 2278 Erumpunt

441 2295 622 2348 subito
648 2294 943 2363 apostatiea
968 2295 1172 2348 seducti
1195 2294 1481 2349 calliditate
1506 2295 1707 2364 pseudo
1728 2294 1998 2360 doctores,

442 2398 612 2438 novas
650 2390 705 2437 et
747 2382 1012 2437 inauditas
1060 2382 1451 2437 introducentes
1478 2390 1650 2438 sectas
1672 2422 1689 2448 ,
1741 2383 1833 2455 qui
1873 2384 1999 2438 dum

444 2472 606 2538 novis
632 2471 965 2543 dogmatibus
991 2470 1091 2525 sibi
1113 2469 1325 2526 laudem
1352 2472 1558 2541 acquiri
1599 2479 1807 2542 putant,
1852 2472 1999 2526 inve-

444 2559 667 2639 niuntur
695 2560 1166 2630 reprehensibiles,
1205 2560 1554 2631 omnibusque
1593 2561 1813 2618 odibiles
1857 2576 1997 2629 esse,

445 2649 591 2703 sicut
612 2638 665 2702 in
692 2648 957 2724 Hispania:
978 2648 1217 2718 partibus
1240 2648 1472 2703 vidimus
1494 2648 1713 2702 factum.

520 2756 673 2833 Unde
694 2798 711 2825 ,
757 2757 1075 2815 sanctissimi
1121 2757 1308 2815 Patres
1333 2798 1351 2825 ,
1388 2759 1741 2814 exhortamini
1778 2759 2000 2829 juvenes

444 2854 661 2903 vestros
682 2887 698 2913 ,
746 2855 806 2902 ut
850 2847 1251 2918 diligentissime
1301 2848 1680 2905 catholicorum
1725 2849 2001 2906 doctorum

445 2937 660 2999 discant
687 2937 1016 3003 traditiones,
1058 2946 1114 2993 et
1156 2940 1427 2994 catholicae
1452 2939 1575 2994 ﬁdei
1600 2941 1832 2997 rationes
1856 2944 2001 2997 omni

449 3027 744 3081 intentione
764 3027 1154 3097 apprehendere
1177 3028 1443 3094 studeant,
1464 3029 1589 3097 quia
1614 3030 1724 3082 sine
1754 3030 1859 3096 ﬁde
1892 3031 2002 3084 Deo

2086 600 2231 648 num,
2270 584 2412 638 sicut
2448 598 2602 638 sacer
2625 581 2863 653 psalmus
2908 587 3113 645 cantat,
3155 596 3257 633 non
3297 579 3649 633 dimidiabzmt

2086 674 2194 727 die:
2212 689 2333 727 suos
2384 660 2569 744 (Paul.
2596 687 2704 737 LIV,
2748 670 2861 742 ει).
2919 668 2977 725 Si
3022 669 3327 724 felicitatem
3365 669 3659 738 praesentis

2086 762 2305 831 cupiant
2329 761 2529 815 habere
2562 760 2711 831 regni
2738 767 2793 814 et
2828 758 3144 829 potestatis.
3192 756 3365 811 sciant
3410 768 3467 810 se
3492 755 3646 811 aliter

2087 849 2287 908 habere
2315 869 2422 907 non
2452 867 2639 923 posse,
2684 852 2789 906 nisi
2827 851 2937 906 Deo
2963 856 3283 920 praestante;
3331 863 3431 904 nec
3456 847 3645 903 futurae

2085 944 2430 998 beatitudinis
2465 944 2689 1013 gloriam
2730 942 3026 1013 possidere,
3075 941 3177 995 nisi
3222 940 3429 995 Domini
3477 940 3645 994 nostri

2088 1028 2214 1085 JeSu
2252 1030 2450 1087 Christi
2505 1029 2874 1084 misericordia
2921 1029 3173 1083 donante.
3244 1028 3446 1082 Idcirco
3496 1028 3642 1081 omni

2090 1120 2381 1175 intentione
2405 1118 2723 1189 evangelicis
2748 1118 3042 1172 inhaereant
3071 1117 3373 1186 prazceptis,
3404 1122 3463 1170 ut
3481 1115 3643 1171 bene-

2092 1211 2323 1266 dictione
2351 1210 2531 1265 divina
2572 1208 2953 1264 conﬁrmentur
2998 1207 3051 1263 in
3083 1221 3245 1278 regno
3271 1207 3543 1276 praesenti,
3594 1215 3651 1259 et

2091 1308 2405 1370 perpetuum
2458 1315 2581 1355 cum
2635 1298 2835 1370 sanctis
2877 1296 2974 1353 Dei
3026 1297 3263 1367 recipere
3311 1297 3455 1367 digni
3501 1296 3648 1351 inve-

2095 1392 2329 1445 niantur.

2163 1498 2473 1567 Quicunque
2521 1513 2650 1554 vero
2698 1498 3021 1553 monachicae
3084 1498 3207 1552 vita:
3249 1496 3649 1557 conversatione

2099 1590 2205 1643 Deo
2234 1585 2508 1660 [servire]
2538 1587 2901 1656 promiserint,
2926 1587 3098 1641 sciant
3138 1600 3200 1639 se
3233 1587 3500 1642 debitores
3532 1601 3652 1640 esse

2098 1676 2339 1747 implere,
2376 1676 2516 1745 quod
2542 1675 2927 1745 promiserunt,
2953 1674 3164 1729 dicente
3183 1672 3460 1743 Scriptura
3486 1688 3501 1725 :
3544 1670 3649 1726 Vo-

2098 1776 2205 1822 uete
2242 1774 2291 1819 et
2336 1765 2533 1819 reddite
2578 1764 2801 1818 Domino
2829 1762 2938 1817 Deo
2964 1771 3127 1817 vestro
3149 1759 3343 1833 (Eccle.
3384 1777 3439 1826 v,
3464 1760 3542 1833 3).
3584 1760 3660 1815 Et-

2096 1857 2331 1911 iterum:
2365 1852 2552 1911 Helius
2574 1862 2650 1908 est
2688 1869 2792 1906 non
2829 1867 3003 1908 vovere
3040 1867 3195 1922 quam
3234 1860 3405 1905 votum
3430 1867 3530 1904 non
3557 1851 3653 1903 im-

2093 1944 2252 2015 plere.
2303 1942 2425 1999 Fiat
2466 1943 2675 1999 illorum
2720 1942 3052 1998 conversatio
3102 1949 3255 1997 casta
3307 1949 3364 1997 et
3405 1941 3651 2005 honesta,

2095 2035 2299 2103 absque
2324 2034 2470 2091 omni
2501 2033 2935 2102 reprehensione,
2962 2032 3073 2087 Deo
3092 2032 3395 2100 placabilis,
3426 2030 3653 2085 homini—

2094 2124 2300 2193 busque
2326 2120 2689 2186 honorabilis,
2720 2137 2821 2174 non
2858 2121 2913 2172 in
2945 2119 3400 2173 comessationibtu
3422 2119 3586 2189 286
3606 2128 3651 2170 et

2095 2211 2444 2277 ebrietatibus,
2475 2228 2578 2264 non
2603 2210 2661 2263 in
2683 2208 2937 2263 cubilibus
2959 2216 3005 2261 et
3026 2210 3080 2261 in
3105 2208 3440 2278 impudicitiis
3476 2207 3647 2278 (Rom.

2096 2320 2216 2367 xm,
2246 2300 2356 2373 l3),
2384 2288 2478 2357 sed
2506 2300 2729 2355 induant
2752 2298 2955 2368 seipsos
2976 2297 3232 2367 exemplis
3252 2296 3458 2351 Domini
3484 2296 3652 2349 nostri

2094 2394 2220 2449 Iesu
2248 2392 2448 2448 Christi
2472 2432 2488 2458 ,
2530 2392 2771 2447 lucentes
2816 2390 2958 2445 inter
2993 2388 3295 2454 saawlares,
3330 2388 3468 2441 sicut
3491 2385 3654 2440 stella:
3734 2456 3737 2463 Α

2098 2466 2316 2536 ὶιιόαξιο
2343 2480 2623 2551 fulgentes,
2651 2487 2711 2532 ut
2733 2478 2942 2532 illorum
2974 2477 3173 2532 lumine
3215 2476 3464 2531 illustrati
3503 2467 3661 2528 multi-

2098 2570 2445 2626 exhortentur
2464 2567 2649 2622 mundi
2668 2567 2829 2637 hujus
2851 2566 3035 2637 fugere
3054 2566 3373 2636 voluptates,
3398 2572 3454 2620 et
3473 2580 3656 2619 nume-

2099 2673 2160 2712 ro
2186 2657 2395 2712 illorum
2417 2656 2620 2725 seipsos
2652 2670 2975 2727 congregare
3000 2654 3270 2711 studeant.

2166 2765 2509 2820 Feminarum
2536 2764 2797 2831 siquidem
2824 2762 3147 2818 monasteria
3172 2760 3279 2815 sint
3319 2760 3373 2813 in
3408 2758 3657 2813 castitate

2097 2852 2342 2926 virginali
2370 2852 2502 2918 Deo,
2540 2858 2689 2906 casto
2714 2863 2970 2923 wrpore,
3008 2849 3063 2903 iu
3086 2848 3339 2920 pudicitia
3365 2854 3420 2901 et
3438 2844 3656 2900 humili-

2100 2952 2211 3000 tate
2240 2944 2552 2999 servientes.
2592 2938 2649 2994 Si
2677 2938 2946 2994 coelestem
2973 2938 3171 3008 Regem
3189 2936 3467 3007 elegerunt
3499 2933 3652 3005 μη,

2099 3030 2376 3103 eligerent]
2401 3029 2501 3091 sibi
2530 3042 2804 3099 sponsum,
2832 3026 3035 3081 cmlesti
3063 3039 3257 3095 sponso
3278 3022 3510 3078 debitam
3540 3030 3653 3076 stu-
3746 3052 3751 3057 -

447 3112 761 3183 impossibile
782 3122 857 3168 est
892 3112 1092 3183 placere
1121 3113 1303 3187 (Hebr.
1328 3130 1407 3181 ιι,
1440 3114 1515 3187 6).
1554 3115 1664 3170 Nec
1699 3124 1876 3183 tamen
1900 3133 2001 3173 δαε-
2026 3136 2073 3198 ο
2101 3124 2264 3177 deant
2295 3111 2562 3197 custodire
2586 3119 2908 3182 castitatem,
2928 3122 3187 3186 quatenus
3206 3129 3324 3169 (nun
3350 3111 3662 3167 beatissima
3702 3124 3721 3135 ί

448 3201 711 3257 cularium
739 3200 1038 3257 litterarum
1064 3204 1446 3260 contemnenda
1483 3212 1567 3259 est
1601 3205 1819 3260 scientia
1843 3246 1859 3273 ,
1911 3209 2007 3264 sed
2103 3210 2363 3283 genitrice
2386 3210 2503 3273 Dei,
2543 3222 2861 3277 semperque
2903 3207 3109 3275 virgine
3137 3212 3321 3259 sancta
3358 3202 3524 3256 Maria
3560 3216 3658 3270 per

448 3294 610 3363 quasi
634 3292 1035 3349 fundamentum
1078 3302 1273 3348 tenera:
1314 3293 1593 3350 infantium
1618 3297 1760 3351 aetati
1790 3298 2005 3353 traden-

449 3382 523 3440 da
547 3390 631 3437 est
656 3382 1032 3451 grammatica,
1082 3381 1304 3452 aliaeque
1342 3383 1719 3454 philosophica:
1746 3386 2009 3442 subtilita-

455 3471 528 3525 tis
547 3468 835 3539 disciplinaa
853 3509 869 3534 ,
906 3477 1169 3540 quatenus
1200 3472 1514 3541 quibusdam
1539 3474 1811 3544 sapientiae
1833 3477 2011 3547 gradi-

456 3556 559 3610 bus
596 3557 662 3611 ad
715 3557 1031 3615 altissimum
1073 3561 1389 3631 evangelicae
1424 3562 1761 3631 perfectionis
1802 3565 2008 3620 culmen

458 3649 751 3703 ascendere
800 3648 1040 3716 valeant,
1084 3659 1141 3705 et
1179 3648 1333 3717 juxta
1375 3666 1632 3704 annorum
1671 3661 2009 3721 augmentum

457 3737 736 3806 sapientiae
761 3752 971 3805 quoque
993 3746 1303 3791 accrescant
1328 3738 1544 3793 divitiae.
1583 3738 1691 3793 Nec
1715 3740 2010 3796 ferventem

457 3824 826 3879 adolescentia:
852 3822 1120 3878 ﬂammam
1145 3824 1304 3881 sinite
1324 3840 1421 3896 per
1445 3828 1737 3897 praecipitia
1762 3830 2011 3885 vitiorum

454 3929 742 3979 corruere,
783 3914 907 3983 quia
932 3913 1160 3985 Spiritus
1187 3926 1432 3983 sanctus,
1465 3919 1602 3972 sicut
1624 3920 1881 3991 scriptum
1907 3930 2010 3987 est,

460 4020 565 4058 non
583 4003 781 4056 habitat
800 4003 856 4055 in
875 4018 1085 4073 corpore
1120 4005 1342 4075 peccatis
1370 4006 1575 4059 subdito
1605 4006 1756 4078 (Sap.
1781 4025 1822 4073 ι,
1852 4010 1906 4075 4,
1933 4010 2009 4083 5);

456 4094 577 4151 sine
617 4091 769 4161 cujus
810 4094 980 4164 gratia
1008 4093 1138 4147 nihil
1169 4094 1455 4150 humanum
1477 4097 1739 4167 proﬁcere
1767 4100 1909 4155 valet
1933 4102 2015 4155 in-

457 4183 702 4253 genium;
742 4181 837 4236 sed
862 4181 905 4237 si
930 4183 1057 4252 quid
1080 4183 1203 4238 doni
1229 4184 1536 4242 adolescens
1563 4188 1759 4244 habere
1778 4190 2013 4257 videtur,

462 4270 737 4325 auferetur
769 4270 837 4324 ab
860 4286 944 4338 eo,
994 4273 1040 4327 si
1081 4288 1138 4328 se
1167 4274 1222 4328 in
1258 4276 1505 4331 castitate
1548 4292 1864 4333 conservare
1906 4294 2013 4335 non

460 4366 635 4415 curat.
676 4358 908 4414 Serenus
934 4401 950 4425 ,
1009 4371 1227 4418 sanctus
1273 4372 1329 4419 et
1363 4367 1739 4421 mundissimus
1785 4366 2013 4438 Spiritus

2105 3313 2363 3371 supernas
2402 3297 2756 3353 habitationes
2794 3294 3002 3363 Agnum
3040 3294 3214 3361 sequi,
3244 3305 3559 3360 quocunque
3585 3292 3660 3343 ic-

2108 3389 2198 3455 rit,
2229 3393 2558 3444 mereantur.

2175 3496 2374 3551 Omnes
2416 3494 2677 3563 siquidem
2722 3506 3003 3550 commune
3043 3487 3437 3562 [communiter]
3462 3494 3657 3541 sancta:

2108 3585 2385 3640 charitatis
2424 3592 2688 3652 praecepta
2734 3583 2941 3652 integra
2975 3582 3300 3651 perfectione
3342 3592 3660 3635 conservare

2107 3682 2386 3737 conentur,
2417 3674 2469 3727 in
2497 3686 2602 3740 qua
2624 3672 2833 3740 signum
2858 3671 3202 3738 discipulatus
3229 3669 3311 3722 sui
3332 3669 3473 3721 Deus
3504 3668 3659 3720 Chri-
3738 3726 3739 3729 η

2107 3770 2223 3817 stus
2244 3759 2538 3825 constituit,
2566 3758 2781 3812 dicens:
2816 3756 2881 3809 In
2900 3757 2995 3810 hoc
3016 3764 3316 3824 cognoscent
3338 3770 3510 3807 amite:
3535 3754 3658 3823 quia

2110 3854 2207 3907 mei
2232 3848 2475 3921 discipuli
2493 3850 2634 3913 estis,
2674 3849 2718 3901 si
2760 3846 3083 3901 dilectionem
3111 3845 3392 3899 habueritis
3430 3844 3497 3897 ad
3526 3845 3655 3898 invi—

2112 3959 2219 3996 cem
2240 3941 2420 4012 (Joan.
2450 3956 2569 4005 xm,
2590 3939 2701 4009 55).
2740 3936 2941 4008 Singuli
2969 3936 3319 3991 humilitatem
3348 3936 3581 3990 habeant
3605 3936 3656 3989 in

2112 4030 2386 4095 discendo,
2413 4038 2471 4085 et
2491 4029 2824 4084 devotionem
2868 4028 2924 4081 in
2968 4018 3225 4092 docendo,
3259 4034 3315 4082 et
3342 4014 3667 4097 diligentiam

2112 4124 2167 4177 in
2210 4121 2586 4177 misericordiae
2630 4120 2880 4189 operibus
2917 4117 2983 4171 ad
3010 4131 3271 4188 pauperes
3310 4125 3367 4171 et
3390 4117 3615 4172 miseros
3649 4136 3661 4170 :

2111 4212 2388 4280 nullusque
2414 4211 2593 4265 senior
2616 4209 2943 4277 sivejunior,
2981 4208 3249 4263 saecularis
3284 4208 3366 4263 vel
3400 4218 3668 4263 monaste-

2113 4302 2282 4366 rialis,
2308 4301 2391 4354 vir
2409 4308 2502 4353 aut
2524 4299 2720 4352 femina
2762 4312 2857 4350 sua
2889 4298 3171 4351 erubescat
3206 4298 3449 4353 conﬁteri
3473 4314 3663 4367 pecea-

2112 4397 2187 4454 ta,
2215 4397 2374 4457 atque
2395 4401 2492 4457 per
2515 4386 2881 4456 paenitentiam
2907 4384 3192 4439 emendare
3208 4424 3225 4449 ,
3254 4386 3506 4454 quidquid
3543 4384 3668 4439 con-

464 4449 717 4510 "mndam
757 4456 815 4503 et
855 4456 1057 4533 “sum
1079 4450 1371 4520 ingredi”
1410 4455 1665 4508 ammam'
1704 4456 1819 4511 Non
1843 4457 2013 4513 301m“
2042 4463 2097 4524 Β
2118 4449 2199 4535 tra
2232 4449 2327 4531 Dei
2351 4449 2673 4530 voluntatem
2696 4472 2928 4529 fecisset.
2970 4473 3155 4529 Melius
3180 4449 3481 4529 est—habere
3502 4491 3667 4530 unum

460 4539 702 4595 seniores
746 4530 931 4615 verbis
966 4540 1285 4596 admoneant
1312 4541 1553 4611 juniores
1595 4559 1757 4610 suos,
1826 4561 2015 4602 verum

460 4630 628 4683 ctiam
654 4629 807 4685 bonis
833 4630 1090 4700 exemplis
1128 4631 1375 4685 erudiant
1413 4631 1549 4705 illos.
1602 4633 1742 4704 Ergo
1776 4637 2016 4706 magistri

463 4715 722 4769 minuitur
743 4717 1054 4781 auctoritas,
1076 4718 1134 4785 si.
1151 4718 1391 4773 doctrina
1418 4717 1533 4788 ejus
1561 4719 1853 4777 destruitur
1886 4739 2015 4795 ope-

463 4822 523 4858 re
548 4818 575 4857 :‘
605 4802 866 4874 sapientia
890 4805 1121 4859 doctoris
1134 4812 1144 4881 ᾗ
1156 4806 1353 4877 fulgeat
1394 4810 1449 4862 in
1491 4810 1767 4865 honestate
1786 4827 2015 4881 morum,

467 4900 529 4946 ut
554 4892 796 4947 videatur
822 4892 875 4947 in
904 4890 1046 4948 facto
1064 4893 1203 4961 quod
1227 4896 1473 4949 audiatur
1490 4912 1555 4950 cx
1584 4913 1697 4953 ore.

537 5002 597 5057 Si
619 5003 765 5071 quid,
797 5003 939 5072 quod
982 5001 1138 5068 absit,
1168 5010 1353 5058 contra
1386 5003 1702 5059 Christianae
1727 4992 2018 5061 auctorita-

468 5084 873 5163 temreligionis
914 5094 1180 5164 principes
1221 5109 1378 5163 agere
1414 5095 1551 5150 inter
1592 5109 1689 5150 vos
1735 5096 2020 5152 szeculares

418 5202 421 5207 ·
467 5180 826 5247 inveniantur,
856 5185 1178 5239 admoneant
1204 5199 1297 5239 eos
1328 5185 1508 5240 sedula
1536 5188 1839 5244 sacerdotes
1862 5188 2018 5245 Chri-

468 5269 537 5324 sti
582 5268 957 5336 przedicatione
1002 5272 1174 5328 malas
1217 5272 1461 5327 amittere
1501 5277 1925 5343 consuetudines,
1968 5286 2023 5332 et

466 5354 624 5409 bonis
640 5362 956 5424 potestatem
978 5373 1132 5413 suam
1171 5374 1361 5415 ornare
1384 5359 1642 5428 moribus,
1670 5370 1726 5417 et
1757 5374 1817 5419 ut
1843 5366 2026 5421 vivant

470 5444 524 5499 in
553 5445 820 5512 castitate,
844 5462 1002 5501 unam
1028 5449 1285 5507 habentes
1302 5466 1520 5507 uxorem
1552 5455 1840 5511 secundum
1864 5472 2024 5513 evan-

471 5533 653 5605 gelicae
680 5544 1000 5619 prazceptum
1040 5540 1402 5606 auctoritatis;
1446 5540 1845 5611 iustissimoque
1875 5544 2021 5615 judi-

474 5625 559 5680 cio
584 5639 776 5679 causas
820 5626 1124 5681 discernunt
1150 5629 1357 5697 populi,
1404 5639 1458 5685 et
1500 5632 1917 5688 miscricordiam
1945 5635 2025 5690 fa-

480 5715 621 5768 ciant
646 5717 699 5770 in
730 5732 987 5788 pauperes
1036 5725 1088 5772 ct
1135 5717 1373 5773 miseros.
1435 5719 1547 5775 Non
1585 5722 1690 5776 sint
1718 5722 1921 5781 vcloccs
1959 5730 2023 5783 ad

2115 4566 2383 4621 hominem
2404 4571 2595 4617 testem
2622 4569 2957 4631 peccatorum
2982 4575 3199 4616 suorum
3222 4562 3273 4615 in
3294 4561 3515 4616 salutem
3549 4564 3666 4616 ani-

2115 4671 2216 4727 ma:
2248 4669 2397 4720 suat,
2454 4667 2616 4722 quam
2657 4659 2899 4721 spectare
2956 4650 3352 4706 accusationem
3398 4652 3672 4708 diabolicae

2116 4747 2322 4804 fraudis
2367 4758 2491 4803 ante
2541 4748 2778 4804 iudicem
2819 4748 3059 4803 omnium
3086 4747 3422 4813 saeculorum,
3467 4757 3523 4802 et
3551 4758 3672 4802 ante

2117 4839 2423 4909 angelorum
2444 4832 2660 4904 cheros,
2689 4848 2745 4895 et
2770 4840 2930 4895 totius
2957 4839 3173 4894 humani
3202 4840 3413 4910 generis
3431 4838 3669 4891 multitu-

2115 4928 2313 4984 dinem.
2350 4928 2484 4981 Dum
2530 4944 2657 4984 vero
2705 4930 2864 4984 homo
2907 4929 3037 4984 vivit
3079 4930 3133 4983 in
3180 4929 3282 4982 hoc
3314 4926 3525 4989 saeculo,
3554 4924 3666 4978 fru-

2116 5023 2300 5070 ctuosa
2330 5024 2415 5070 est
2436 5016 2698 5073 confessio
2725 5026 2779 5072 et
2800 5018 3141 5086 poenitentia;
3185 5016 3237 5068 in
3258 5014 3436 5068 futuro
3465 5014 3672 5069 scilicet

2108 5101 2309 5169 judicio
2333 5105 2643 5173 ptenitentia
2669 5105 2773 5158 erit
2796 5113 3153 5172 peccatorum,
3182 5102 3278 5155 sed
3302 5116 3408 5156 non
3435 5101 3671 5156 fructuo-

2118 5208 2200 5261 sa,
2246 5194 2371 5263 quia
2408 5194 2772 5262 unusquisque
2808 5191 3136 5259 iudicabitur
3175 5193 3465 5248 secundum
3506 5206 3671 5261 Opera

2118 5296 2234 5336 sua.
2259 5282 2492 5337 Metuant
2510 5281 2780 5336 criminosi
2803 5290 2857 5335 et
2873 5283 3106 5352 peccatis
3123 5283 3333 5338 onerati
3350 5290 3669 5336 memorum

2118 5368 2359 5425 ﬂammas
2382 5378 2785 5426 tormentorum.
2820 5370 3099 5428 Gaudeant
3116 5368 3269 5441 justi,
3299 5370 3461 5425 etiam
3478 5378 3533 5424 et
3558 5386 3672 5440 pm-

2120 5456 2350 5510 nitentes
2374 5455 2441 5510 de
2465 5465 2736 5525 perpetuae
2776 5458 3118 5515 beatitudinis
3162 5458 3330 5536 gloria
3366 5471 3488 5513 cum
3512 5457 3669 5513 Chri~

2120 5554 2225 5611 sto,
2248 5546 2337 5615 qui
2371 5546 2481 5601 ait:
2524 5548 2681 5603 Ibunt
2718 5552 2863 5621 impii
2901 5553 2955 5605 in
3005 5553 3174 5621 ignem
3225 5560 3503 5615 (sternam;
3541 5552 3673 5621 justi

2125 5647 2293 5691 autem
2324 5637 2377 5690 in
2400 5639 2551 5693 vitam
2578 5651 2820 5695 (uernam
2863 5640 3071 5713 (Matth.
3099 5657 3223 5707 xxv,
3266 5641 3376 5713 46).
3417 5642 3478 5696 Et
3507 5643 3629 5695 alibi
3659 5680 3669 5690 .

2080 5800 2093 5814 ⁸
2124 5729 2262 5783 Justi
2286 5729 2548 5801 fulgebunt
2572 5735 2699 5787 sicut
2722 5733 2800 5788 sol
2821 5735 2873 5788 in
2898 5752 3047 5807 regno
3066 5734 3243 5791 Patris
3258 5754 3429 5791 eorum
3457 5735 3663 5808 (Malm.
