4428 6442
112 460 117 465 -
182 422 292 481 50$

1616 419 1986 481 ειηετοιηι.

3300 425 3405 480 SM

262 543 573 603 Venerando
596 534 770 605 Patri,
798 548 853 595 et
884 538 1234 595 sanctissimis
1262 537 1519 593 fratribus
1544 539 1596 592 in
1621 551 1748 591 con-
1778 540 1822 595 Α
1849 534 2121 605 dignetur,
2159 542 2213 588 et
2251 532 2320 588 ad
2355 540 2614 588 :eternum
2651 549 2872 604 regnum
2909 534 3188 603 pervenire
3222 550 3410 590 conce-

183 636 496 707 gregatione
521 631 817 688 beatissimi
844 627 1168 686 confessoris
1194 625 1393 683 Christi
1434 625 1650 683 humilis
1674 625 1751 681 le-

186 728 296 781 vita
325 724 549 781 Albinus
577 722 823 779 salutem.

256 816 509 873 Gaudeas
530 822 727 869 vestrm
747 810 1096 867 beatitudinis
1118 808 1297 864 audivi
1319 808 1749 879 prosperitatem,

184 916 242 961 et
265 904 566 975 religiosam
581 904 745 957 vitam
767 910 821 957 et
836 901 944 955 Deo
965 900 1282 968 condignam
1298 938 1313 964 ,
1338 906 1499 967 atque
1522 898 1753 953 homini-

186 1001 292 1052 bus
325 995 683 1060 laudabilem;
714 999 1038 1063 quapropter
1073 1004 1206 1045 mea:
1238 989 1519 1058 parvitatis
1557 1002 1751 1042 nomen

185 1087 497 1158 diligentius
520 1083 721 1141 sanctis
748 1083 944 1137 vestris
969 1079 1303 1135 orationibus
1327 1076 1663 1141 commendo,
1694 1084 1753 1130 ut

188 1194 277 1233 mc
302 1176 543 1233 habeatis
564 1174 715 1244 quasi
740 1188 903 1228 unum
924 1187 987 1227 ex
1008 1170 1179 1225 vobis.
1201 1168 1314 1238 Ego
1331 1183 1461 1222 vero
1483 1173 1752 1236 peccator,

186 1267 416 1323 multum
464 1266 705 1333 indigens
752 1271 1059 1318 sanctorum
1109 1258 1487 1313 intercessione
1510 1297 1525 1322 ,
1576 1256 1755 1311 sciens

187 1356 414 1411 multum
451 1353 629 1407 valere
664 1350 1067 1420 deprecationes
1100 1347 1394 1416 iustorum,
1432 1343 1587 1412 juxta
1628 1358 1757 1412 apo-

186 1445 311 1501 stoli
357 1443 541 1500 Jacobi
583 1442 975 1503 testimonium,
1023 1438 1157 1493 nihil
1197 1438 1264 1492 de
1305 1437 1441 1491 meis
1482 1435 1755 1491 confidens

186 1533 423 1596 meritis,
456 1532 550 1587 sed
579 1540 747 1586 totum
773 1544 859 1584 me
882 1544 980 1598 per
1008 1526 1329 1582 famulorum
1356 1525 1557 1581 Christi
1584 1526 1752 1580 inter-

185 1624 462 1679 cessiones
489 1623 679 1677 divinze
707 1621 890 1691 gratia:
926 1617 1342 1681 commendans;
1384 1624 1439 1669 et
1478 1615 1601 1669 licet
1632 1630 1756 1685 pec-

186 1714 325 1767 catis
352 1714 488 1767 meis
516 1710 926 1781 impedientibus
968 1725 1075 1764 non
1122 1709 1223 1763 sim
1266 1708 1459 1779 dignus
1484 1708 1624 1761 inter
1661 1722 1757 1762 eos

185 1803 490 1867 numerari,
520 1811 699 1856 tamen
718 1842 733 1866 ,
767 1802 875 1855 Deo
902 1802 1189 1855 miserante
1207 1840 1221 1864 ,
1250 1799 1360 1854 Deo
1389 1800 1508 1855 illos
1533 1800 1757 1869 diligere

1851 625 1941 678 dat
1962 665 1976 689 ,
2014 624 2165 694 cujus
2198 624 2317 680 laus
2348 626 2418 681 sit
2450 638 2662 694 semper
2693 626 2749 681 in
2784 640 2879 680 ore
2910 632 2964 679 et
2996 625 3049 678 in
3087 626 3248 681 corde
3280 626 3411 682 cha-

1850 715 2026 770 ritatis
2061 726 2290 782 vestrae;
2326 717 2451 787 quia
2491 717 2606 772 htec
2638 724 2721 772 est
2754 725 3059 772 sanctorum
3092 717 3203 771 vita
3228 757 3244 783 ,
3294 716 3411 774 laus

1850 808 2107 865 bonitatis
2128 808 2329 865 Christi
2355 817 2409 865 et
2432 810 2671 865 charitas
2710 810 2763 864 in
2786 809 3068 879 praesentia
3093 808 3233 863 illius
3251 848 3266 873 ,
3292 824 3412 879 quae

1859 916 2137 971 nunquam
2168 902 2381 957 excedit
2415 899 2643 973 [Forte,
2668 899 2926 973 excidit],
2964 914 3237 970 nunquam
3271 914 3445 969 prro--

1853 992 2009 1055 terit,
2052 1007 2327 1061 nunquam
2353 990 2592 1056 fastidit;
2622 1000 2676 1046 et
2697 991 3001 1060 quicunque
3026 990 3220 1060 schius
3248 991 3302 1044 in
3329 989 3415 1045 bis

1852 1083 1906 1136 in
1931 1084 2032 1137 hac
2052 1082 2263 1138 mortali
2290 1083 2396 1137 vita
2419 1092 2683 1147 versatur,
2707 1084 2961 1153 majorem
2986 1090 3293 1137 sanctorum
3319 1098 3411 1135 an-

1851 1173 2089 1245 gelorum
2127 1171 2527 1227 similitudinem
2554 1172 2753 1238 habet;
2784 1173 2956 1242 angeli
2982 1187 3111 1226 vero
3143 1172 3235 1225 Dei
3273 1187 3414 1227 sem-

1852 1277 1948 1332 per
1974 1263 2027 1317 in
2050 1261 2250 1332 vigiliis
2278 1260 2443 1317 Deum
2486 1261 2734 1326 laudant;
2776 1270 2832 1315 et
2870 1262 2960 1331 qui
2990 1262 3212 1331 vigilare
3237 1261 3415 1317 studet

1854 1351 1921 1407 ad
1966 1352 2150 1407 laudes
2186 1350 2311 1418 Dei,
2355 1351 2647 1422 angelicam
2687 1353 2850 1407 vitam
2895 1354 3006 1423 agit
3040 1352 3095 1406 in
3136 1352 3332 1419 terris;
3361 1360 3416 1406 et

1852 1444 1995 1513 quod
2038 1458 2225 1497 omnes
2271 1444 2441 1497 sancti
2488 1444 2660 1498 acturi
2707 1451 2833 1499 sunt
2874 1445 2927 1498 in
2972 1444 3160 1509 caelis,
3205 1452 3414 1515 tempo-

1854 1535 2002 1588 ribus
2031 1533 2320 1589 secundum
2356 1534 2645 1588 humanam
2682 1535 3025 1604 fragilitatem
3060 1536 3274 1591 statutis
3309 1537 3420 1606 agit

1854 1625 1908 1679 in
1932 1625 2110 1679 terris.
2155 1622 2269 1678 Non
2315 1639 2565 1687 somnus,
2609 1640 2713 1680 non
2755 1624 3011 1679 smculare
3050 1626 3413 1691 desiderium,

1853 1728 1954 1768 nec
1997 1728 2134 1768 vana
2177 1714 2429 1783 cogitatio
2474 1715 2726 1783 impediat
2765 1729 2979 1769 cursum
3019 1716 3292 1786 religionis
3330 1730 3419 1771 ve-

1855 1814 2011 1869 strae,
2040 1812 2096 1860 et
2129 1804 2313 1859 laudes
2344 1805 2569 1869 divinas,
2594 1812 2654 1859 ut
2688 1804 2940 1875 angelicae
2970 1805 3305 1859 visitationes
3337 1805 3419 1859 in-

184 1894 301 1948 scio
323 1900 377 1947 et
399 1892 502 1946 illis
520 1893 779 1946 honorem
810 1891 1115 1959 impendere
1138 1888 1372 1943 debitum
1396 1886 1505 1959 [Ita
1525 1905 1621 1941 ms.
1641 1904 1751 1941 cor-
1787 1880 1830 1939 Β
1855 1896 2071 1950 veniant
2086 1908 2525 1965 unumquemque
2545 1902 2782 1949 vestrum
2811 1894 2864 1948 in
2891 1893 3009 1949 loco
3033 1908 3133 1965 suo
3155 1901 3415 1956 stantem,

186 1984 379 2056 rupte].
401 1974 741 2053 Quapropter
766 1981 960 2036 obnixe
985 1982 1261 2048 deprecor,
1291 1986 1350 2031 ut
1376 1992 1461 2032 me
1485 1992 1548 2031 ea
1572 1978 1753 2031 chari-

185 2083 299 2127 tate
338 2072 607 2141 recipiatis
627 2112 641 2136 ,
670 2086 774 2140 qua
806 2084 899 2124 vos
925 2069 1199 2124 humiliter
1227 2070 1475 2137 deposco.
1508 2066 1754 2122 Charitas

182 2164 331 2217 enim
357 2165 584 2234 benigna
610 2171 721 2227 est,
746 2162 800 2217 in
823 2176 924 2233 qua
948 2168 1059 2216 tota
1080 2176 1355 2216 servorum
1376 2160 1470 2215 Dei
1498 2160 1603 2213 vita
1630 2174 1756 2213 con-

182 2258 349 2322 sistit,
380 2273 543 2327 quam
571 2266 749 2311 vestra
781 2255 1133 2317 unanimitas,
1164 2255 1302 2308 sicut
1331 2253 1488 2307 audio
1509 2293 1523 2317 ,
1558 2252 1755 2322 optime

183 2349 375 2413 habet,
401 2363 497 2417 per
520 2362 676 2417 quem
707 2346 911 2419 [Forte,
928 2346 1110 2417 quam]
1127 2348 1287 2399 vitam
1314 2354 1569 2399 :eternam
1594 2345 1756 2399 habe-

182 2444 290 2505 bit,
322 2441 624 2511 quicunque
652 2440 849 2493 habere
876 2438 1067 2507 dignus
1098 2440 1197 2492 erit
1223 2456 1235 2502 ;
1269 2453 1429 2507 quam
1454 2446 1564 2492 toto
1594 2437 1756 2492 corde

184 2532 506 2603 sequimini,
540 2529 840 2586 charissimi
877 2528 1106 2594 fratres,
1146 2528 1271 2597 quia
1316 2536 1424 2583 tota
1465 2527 1754 2582 monacho-

184 2641 304 2679 rum
334 2625 439 2677 vita
467 2606 521 2678 in
550 2623 815 2677 charitate
838 2662 852 2686 ,
883 2620 1185 2676 humilitate
1224 2628 1275 2673 et
1300 2617 1600 2673 obedientia
1629 2634 1755 2673 con-

182 2716 365 2779 sistit;
397 2722 451 2768 et
476 2714 601 2782 quia
636 2721 813 2767 vestra
850 2712 1022 2780 pietas
1055 2709 1222 2762 Deum
1256 2709 1418 2777 elegit
1448 2709 1548 2762 sibi
1578 2708 1751 2762 domi-

184 2820 313 2858 num
343 2813 399 2857 et
427 2817 637 2872 regem,
670 2809 778 2855 tota
809 2800 1005 2853 virtute
1036 2799 1203 2852 Deum
1232 2807 1407 2851 amate
1427 2839 1441 2861 ,
1473 2806 1526 2851 et
1552 2811 1755 2866 praece-

181 2894 294 2963 ptis
318 2890 434 2959 ejus
459 2890 679 2946 obedire
704 2889 932 2944 studete.
964 2887 1340 2956 Unusquisque
1366 2886 1515 2940 alteri
1543 2886 1611 2939 sit
1639 2900 1752 2937 ma-

180 2984 351 3052 gister
378 2984 430 3037 in
459 2997 621 3053 opere
646 2982 803 3043 bono,
834 2988 889 3033 et
913 2979 1279 3048 unusquisque
1299 2977 1449 3030 alteri
1464 2976 1751 3045 discipulus

181 3075 238 3129 iu
268 3073 585 3128 humilitatis
609 3071 909 3126 obedientia
930 3110 942 3132 ,
974 3069 1183 3123 dicente
1219 3067 1474 3136 Apostolo
1500 3082 1513 3118 :
1550 3066 1608 3120 Si
1636 3082 1751 3119 vero

178 3165 382 3234 iuniori
409 3162 683 3217 revelatum
710 3161 804 3229 ﬁat
828 3198 841 3225 ,
872 3162 1017 3229 prior
1041 3168 1207 3211 taceat
1239 3156 1305 3228 (1
1332 3155 1455 3209 Cor.
1485 3172 1595 3219 xlv,
1624 3155 1744 3227 50).

181 3257 414 3328 Spiritus
436 3255 572 3309 enim
600 3253 686 3306 ubi
712 3251 818 3305 vult
844 3252 1004 3322 spirat
1029 3248 1217 3319 (Joan.
1244 3263 1338 3312 ιιι,
1366 3248 1452 3317 8).
1480 3246 1574 3300 Dei
1604 3246 1747 3300 enim

178 3351 383 3404 donum
427 3355 531 3410 est,
572 3344 616 3400 si
662 3344 782 3413 quis
829 3351 973 3396 recta
1023 3338 1299 3407 intelligit,
1348 3338 1392 3391 si
1444 3336 1565 3406 quis
1608 3336 1752 3405 juste

181 3446 366 3503 amat;
400 3436 493 3490 Dei
524 3435 720 3489 donum
750 3434 803 3487 in
834 3431 975 3486 nulla
1022 3438 1205 3495 aelate,
1241 3429 1294 3482 in
1339 3427 1479 3481 nulla
1524 3441 1750 3498 persona

178 3529 627 3583 contemnendum
658 3533 756 3578 est.

250 3617 505 3673 Seniores
553 3617 694 3670 inter
740 3629 835 3669 vos
876 3612 1117 3681 juniores
1160 3615 1435 3677 erudiant,
1486 3621 1547 3666 ut
1593 3612 1751 3681 digne

181 3706 410 3782 [Forte,
444 3705 621 3778 digni]
660 3705 957 3760 habeantur
990 3720 1087 3774 pro
1122 3719 1179 3758 se
1208 3704 1261 3757 in
1292 3719 1389 3757 suo
1419 3712 1563 3777 stare
1592 3702 1747 3767 loco;

177 3802 368 3855 docete
398 3814 490 3853 eos
521 3799 572 3851 in
604 3799 748 3851 omni
784 3796 1218 3857 mansuetudine,
1254 3793 1558 3847 erudientes
1588 3792 1640 3845 in
1680 3791 1747 3845 ti-

177 3907 330 3946 more
358 3889 487 3953 Dei;
520 3897 580 3941 ut
608 3889 813 3951 discant
843 3888 910 3942 ab
939 3888 1157 3941 ineunte
1181 3894 1339 3941 aetate
1368 3884 1476 3941 Deo
1512 3884 1743 3947 servire,

175 3991 231 4035 ct
268 3980 552 4051 praeceptis
586 3979 924 4049 regularibus
958 3980 1255 4035 informari.
1291 3976 1541 4033 Iuniores
1590 3976 1751 4047 290

176 4072 419 4127 debitum
454 4070 711 4124 honorem
747 4070 1047 4123 senioribus
1080 4068 1424 4139 impendant;
1458 4070 1575 4123 sitis
1606 4070 1746 4122 enim

176 4166 319 4218 sicut
348 4177 514 4217 unum
544 4176 760 4231 corpus,
784 4161 919 4214 alter
945 4160 1160 4215 alterius
1190 4161 1437 4225 membra,
1467 4170 1521 4213 ut
1549 4162 1603 4214 iu
1638 4177 1747 4213 om—

176 4255 329 4309 nibus
367 4252 739 4321 honori/icetur
763 4250 903 4305 Deus
942 4248 1132 4323 (Rom.
1180 4267 1285 4316 xu,
1313 4248 1418 4322 5),
1465 4259 1519 4304 et
1560 4266 1747 4306 omnes

174 4344 529 4408 :edificcutur,
561 4351 615 4398 et
642 4358 831 4397 omnes
858 4342 927 4396 ad
954 4341 1177 4413 gloriam
1208 4350 1480 4412 perpetua:
1516 4343 1745 4397 beatitu-

174 4434 317 4488 dinis
342 4435 623 4503 pervenire
652 4442 964 4487 mereantur
994 4432 1013 4503 (
1038 4432 1066 4485 I
1094 4433 1237 4487 Petr.
1267 4449 1338 4499 ιν,
1369 4434 1428 4486 Η
1457 4434 1496 4507 ).

1856 1985 2129 2055 Deumque
2163 1986 2490 2041 laudantem.
2530 1985 2701 2056 igitur
2734 1986 2824 2055 qui
2867 1986 2919 2041 in
2959 1986 3062 2041 hac
3099 1984 3421 2041 mortalitate

1854 2076 2021 2131 Deum
2066 2077 2284 2131 laudare
2326 2076 2561 2140 student,
2595 2078 2649 2130 in
2702 2075 2955 2131 felicitate
2996 2084 3253 2147 perpetua
3298 2090 3419 2130 cum

1844 2165 2136 2235 Psalmista
2187 2174 2407 2220 cantare
2457 2167 2656 2219 habent
2685 2183 2699 2219 :
2728 2156 2904 2219 Beati
2949 2168 3038 2236 qui
3086 2166 3317 2231 habitant
3364 2166 3421 2219 in

1853 2258 2006 2311 domo
2042 2267 2131 2312 tua
2150 2298 2165 2321 ,
2195 2256 2415 2311 Domine
2434 2246 2453 2321 ,‘
2493 2258 2549 2310 in
2578 2254 2824 2310 suculam
2854 2256 3031 2310 τιταιΙὲ
3057 2256 3342 2309 laudabunt
3370 2265 3420 2309 te

1854 2348 2096 2419 (Psalm.
2125 2364 2328 2403 uxxttl
2350 2390 2365 2411 ,
2400 2349 2431 2403 5
2456 2348 2496 2421 ).

1922 2440 2174 2495 Sanctam
2202 2455 2329 2495 vero
2360 2439 2768 2495 unanimitatem
2806 2446 3073 2502 vestram,
3114 2435 3416 2493 charissimi

1851 2531 2081 2596 fratres,
2108 2531 2365 2586 Dominus
2400 2532 2541 2587 Deus
2574 2533 2627 2587 in
2663 2533 2808 2585 omni
2840 2531 3103 2599 prolicere
3130 2527 3291 2583 faciat
3330 2526 3420 2582 bo-

1851 2640 1950 2689 no,
1975 2632 2029 2679 et
2069 2623 2137 2679 ad
2166 2632 2384 2679 aeterna:
2413 2624 2760 2679 beatitudinis
2792 2622 3102 2677 felicitatem
3142 2619 3420 2691 pervenire

1853 2716 2154 2782 concedat,
2190 2716 2522 2772 dilectissimi
2560 2714 2774 2770 fratres.

2268 2840 2293 2867 ι
2324 2826 2654 2881 EPISTULA
2688 2826 3003 2881 CCXXVII].

2278 2934 2345 2970 AD
2404 2932 2683 2971 ARNOIDL'I
2741 2932 3047 2970 ABBATEI.-

1849 3009 2053 3063 Laudat
2090 3023 2268 3062 eorum
2302 3008 2776 3069 conversationem;
2821 3006 3060 3059 hortatur
3104 3005 3171 3058 ad
3208 3006 3417 3059 virtutes

1918 3079 2183 3161 religiosas
2203 3116 2237 3160 ,ο
2256 3078 2540 3158 praesertim
2574 3085 2930 3159 paupertatem
2968 3077 3023 3128 in
3059 3076 3333 3141 conririis,
3360 3076 3416 3129 in

1923 3154 2146 3203 nummis
2172 3189 2187 3215 ,
2218 3154 2275 3207 in
2304 3154 2642 3207 vestimentis,
2675 3154 2779 3201 etc.

1927 3258 2244 3313 Venerando
2278 3256 2425 3315 Patri
2454 3258 2483 3298 δ
2511 3256 2748 3313 Arnoldo
2778 3257 2957 3313 abbati
2986 3265 3039 3311 et
3069 3265 3266 3312 sancta:
3292 3272 3418 3312 con-

1851 3348 2146 3417 gregatioui
2166 3388 2181 3413 ,
2207 3347 2426 3401 humilis
2454 3347 2612 3401 levita
2639 3347 2865 3402 Albinus
2894 3346 3139 3402 salutem.

1922 3438 2066 3493 Satis
2098 3436 2227 3492 mihi
2264 3436 2465 3507 placuit
2501 3436 2749 3507 religiosa
2784 3438 3122 3492 conversatio
3154 3446 3329 3492 vestra
3360 3438 3415 3493 in

1852 3530 2075 3585 Domino
2095 3571 2110 3593 ,
2144 3536 2197 3583 et
2226 3526 2506 3583 charitatis
2532 3527 2833 3592 humilitas,
2866 3534 2920 3581 et
2961 3526 3215 3581 Ecclesiae
3255 3543 3418 3581 orna.

1854 3628 1937 3671 tus
1959 3658 1972 3681 ,
2007 3626 2061 3671 et
2086 3618 2391 3681 domorum,
2426 3633 2563 3686 quas
2590 3618 2643 3671 in
2674 3617 2903 3671 transitu
2934 3615 3216 3672 cernebam
3239 3658 3253 3681 ,
3287 3632 3416 3671 con-

1849 3707 2089 3771 stitutio,
2120 3715 2176 3761 et
2202 3707 2511 3761 dulcissima
2541 3710 2837 3777 susceptio,
2870 3726 2975 3779 qua
3014 3726 3100 3765 me
3133 3726 3255 3765 cum
3295 3706 3410 3765 ma-

1848 3812 1948 3867 gna
1976 3797 2339 3852 familiaritate
2365 3798 2712 3867 suscepistis;
2738 3814 3065 3869 cognoscens
3091 3802 3144 3855 in
3166 3802 3417 3857 cordibus

1847 3889 2041 3943 vestris
2078 3888 2225 3942 illum
2264 3888 2460 3943 habere
2487 3897 2841 3957 praeparatam
2887 3888 3272 3945 habitationem
3322 3895 3413 3961 qui

1851 3982 1984 4036 dixit
2012 3995 2027 4034 :
2068 3981 2132 4035 In
2166 3981 2261 4035 hoc
2296 3990 2600 4051 cognoscent
2634 3996 2807 4034 omnes
2829 4021 2842 4044 ,
2880 3980 3002 4051 quia
3035 3981 3136 4033 mei
3170 3980 3413 4051 discipuli

1848 4074 1988 4137 estis,
2013 4074 2056 4127 si
2082 4071 2406 4125 dilectionem
2431 4071 2713 4125 habueritis
2742 4071 2809 4126 ad
2835 4072 3050 4125 invicem
3078 4069 3255 4140 (Joan.
3280 4086 3409 4136 xm,

1849 4165 1917 4220 '55
1944 4164 1984 4235 ).
2022 4163 2144 4218 Ideo
2178 4162 2402 4233 supplici
2433 4162 2807 4232 deprecatione
2840 4161 3131 4217 exhortans
3165 4160 3415 4217 fraterni-

1847 4263 2011 4309 tatem
2050 4262 2282 4309 vestram
2318 4262 2379 4307 ut
2417 4252 2470 4307 in
2505 4252 2741 4322 perfecta
2781 4254 3139 4323 permaneatis
3185 4252 3413 4309 fideliter

1845 4348 2133 4411 charitate,
2166 4355 2219 4400 et
2263 4344 2548 4400 concordia
2593 4345 2743 4415 pacis
2786 4345 2927 4399 inter
2969 4359 3063 4399 vos
3106 4345 3314 4415 vigeat,
3357 4352 3413 4399 ct

1842 4437 2156 4494 obedientire
2180 4435 2341 4489 decus
2365 4432 2699 4503 resplendeat
2719 4433 2773 4485 in
2788 4434 3193 4487 conversatione
3210 4441 3408 4497 vestra,

245 4522 449 4591 Scripsi
486 4523 639 4577 vobis
672 4523 769 4577 bas
807 4538 1006 4591 paucas
1040 4525 1303 4579 litterulas
1346 4541 1411 4579 ex
1460 4526 1739 4581 charitatis
1774 4562 1820 4622 υ
1842 4536 1896 4583 et
1922 4525 2233 4581 humilitatis
2258 4524 2512 4579 honestas
2536 4522 2782 4577 videatur
2806 4522 2858 4576 in
2886 4522 3030 4577 omni
3057 4530 3175 4577 actu
3204 4530 3405 4588 vestro,

173 4616 354 4677 fonte,
385 4629 489 4667 non
519 4613 670 4682 quasi
704 4614 1091 4683 ignorantibus,
1124 4616 1217 4670 sed
1244 4617 1395 4684 quasi
1424 4617 1536 4671 haec
1561 4621 1738 4673 omnia

174 4703 369 4759 melius
401 4703 724 4770 scientibus,
755 4713 810 4759 et
849 4704 902 4757 iu
937 4702 1049 4759 Deo
1078 4704 1384 4775 diligentius
1418 4707 1742 4776 perﬁcienti-

174 4796 274 4847 bus
298 4811 313 4859 ;
340 4802 395 4847 et
418 4802 478 4847 ut
505 4809 680 4848 meam
708 4796 850 4849 circa
876 4804 1107 4849 vestram
1135 4795 1359 4851 salutem
1383 4838 1397 4863 ,
1421 4798 1527 4853 imo
1554 4807 1604 4852 et
1628 4815 1741 4854 om-

156 4884 325 4937 nium
361 4898 638 4936 servorum
677 4884 769 4938 Dei
809 4882 1147 4954 cognoscatis
1176 4888 1534 4955 voluntatem,
1586 4899 1639 4945 et
1684 4898 1743 4944 ut

173 4974 595 5031 familiaritatem
626 4975 817 5029 anima:
844 4974 976 5037 meae
1005 4980 1188 5035 sciatis
1216 4980 1353 5051 apud
1392 4998 1503 5036 vos.
1551 4984 1740 5036 Vestra

173 5082 191 5113 ι
214 5082 299 5119 ero
337 5064 552 5120 bonitas
584 5073 637 5118 et
672 5064 906 5121 fraterna
944 5068 1244 5123 humilitate
1282 5072 1456 5140 legat,
1501 5083 1553 5127 et
1587 5075 1740 5129 solita

173 5171 204 5224 p
240 5163 349 5207 atat
418 5155 671 5225 recipiat,
722 5170 839 5224 qua:
882 5156 1032 5211 vobis
1078 5160 1313 5213 scribere
1358 5164 1560 5216 curavi.
1600 5163 1741 5219 Deus

172 5259 304 5298 vero
334 5254 371 5297 ιη
395 5246 500 5300 '.ius
528 5247 903 5301 consolationis
930 5245 1091 5301 Pater
1124 5266 1218 5303 vos
1247 5252 1441 5324 ubique
1476 5254 1736 5310 consolari

242 5412 268 5441 ι
300 5398 556 5461 Froben”
585 5404 739 5468 epist.
770 5404 895 5458 2‘25.

242 5469 281 5549 ιι
302 5478 335 5520 -t
349 5470 739 5549 nm’doabbati.
755 5474 916 5549 Cujus
932 5477 1259 5549 monasterii,
1278 5479 1405 5549 mihi
1430 5480 1571 5535 haud
1592 5498 1734 5536 com-

172 5547 383 5621 portum
408 5549 490 5621 est
507 5540 675 5621 ;hi_dem
689 5540 962 5621 enimesse
978 5547 1159 5621 nequit
1171 5562 1289 5621 cum
1304 5548 1529 5621 Arnulfo
1546 5552 1733 5607 abbate

174 5608 483 5691 monasterii
509 5608 826 5691 Clonnensis
850 5615 981 5691 et‘S.
1014 5608 1267 5691 Florentii
1302 5619 1378 5691 ad
1423 5618 1652 5691 Ligerim
1682 5625 1731 5676 in

172 5680 386 5760 dimcesi
410 5679 797 5760 Andegavensi,
824 5686 912 5751 qui
935 5696 1120 5760 sancto
1140 5688 1423 5760 Benedicto
1442 5679 1731 5760 Ahianensi

172 5764 264 5870 pro
287 5751 666 5806 reformatione
684 5757 1131 5813 monasteriorum
1161 5759 1399 5813 sociuset
1417 5756 1623 5825 adjutor
1638 5765 1729 5817 ad-

192 5822 366 5870 llbllllS
393 5820 511 5870 ΐιιίι.
533 5828 759 5870 “iliian
783 5822 1049 5870 lJlthVit‘h
1081 5828 1313 5870 Anmrcln
1337 5830 1386 5870 in
1414 5826 1694 5870 (linlmnatn

192 5822 366 5875 abitus
393 5820 512 5885 fuit,
533 5828 759 5875 testante
783 5822 1049 5879 Ludovico
1076 5828 1313 5897 Angusto
1337 5830 1386 5882 in
1414 5820 1720 5897 diplomate,

1842 4627 1895 4672 et
1930 4616 2169 4686 corporis
2205 4615 2423 4670 castitas
2457 4613 2609 4683 quasi
2652 4612 2759 4665 lilia
2798 4611 2985 4667 ﬂoreat
3025 4612 3078 4665 in
3117 4622 3405 4682 conspectu

1843 4708 1934 4761 Dei
1955 4748 1969 4768 ,
1998 4715 2052 4759 et
2080 4706 2197 4760 sitis
2225 4705 2506 4759 unanimes
2536 4704 2588 4759 in
2620 4703 2763 4758 omni
2794 4718 2955 4774 opere
2982 4704 3248 4773 perfecto,
3279 4705 3407 4759 obc-

1841 4797 2046 4852 dientes
2088 4795 2234 4849 Patri
2276 4795 2499 4866 spiritali
2543 4795 2742 4865 absque
2770 4794 2912 4849 omni
2946 4786 3399 4860 contradictione,

1841 4889 1963 4959 quia
1986 4888 2113 4965 .ipse
2147 4888 2411 4943 rationem
2450 4886 2757 4942 redditurus
2794 4888 2897 4942 erit
2931 4902 3030 4958 pro
3059 4889 3208 4944 vobis
3238 4890 3289 4943 in
3318 4890 3403 4945 die

1841 4992 2033 5048 magno
2085 4978 2325 5042 Domini,
2368 4985 2422 5032 et
2451 4992 2547 5031 vos
2586 4977 2832 5032 similiter
2864 4978 3175 5032 obedientice
3211 4987 3403 5035 vestrae

1840 5071 2126 5141 plurimam
2158 5069 2210 5123 in
2238 5069 2324 5125 die
2351 5069 2439 5124 illa
2470 5070 2739 5139 accepturi
2766 5071 2916 5124 eritis
2944 5070 3261 5124 mercedem.

1915 5162 2034 5216 Non
2063 5172 2135 5216 est
2164 5178 2376 5233 regnum
2402 5162 2499 5215 Dei
2529 5179 2647 5217 esca
2675 5173 2720 5216 et
2750 5173 2900 5232 potus
2933 5161 3104 5231 (Rom.
3138 5177 3225 5213 xlv
3244 5202 3257 5226 ,
3287 5162 3394 5229 l7),

1839 5253 1930 5308 sed
1959 5253 2191 5307 charitas
2220 5254 2273 5306 in
2299 5253 2624 5307 conscientia
2654 5269 2823 5323 pura;
2859 5254 2941 5307 ha:
2965 5260 3090 5307 sunt
3118 5253 3291 5322 itaque
3320 5254 3397 5308 vi-

1837 5410 1976 5475 quod
1997 5410 2060 5461 de
2086 5409 2330 5462 restituto
2358 5411 2545 5465 ordine
2575 5412 2871 5467 monastieo
2898 5412 2950 5465 in
2982 5414 3303 5467 monasterio
3334 5414 3391 5468 S.

1837 5479 2069 5562 flionvsii
2093 5477 2339 5562 confecit.
2363 5479 2513 5562 Apud
2536 5482 2733 5562 Mabill.
2752 5483 2874 5562 Aet.
2888 5480 2984 5534 SS.
3019 5496 3139 5535 δεῖξε.
3167 5497 3389 5562 tv,.pag.

1833 5546 1865 5598 9.
1879 5547 1955 5620 l8.
1974 5545 2224 5600 Amulqu
2245 5548 2386 5602 enim
2410 5545 2510 5604 iste
2530 5554 2762 5620 regimen
2780 5549 2874 5620 buj
2884 5566 2945 5603 us
2970 5545 3282 5605 monasterii
3299 5545 3393 5607 su-

1835 5618 2037 5688 scipere
2060 5631 2163 5688 non
2178 5620 2360 5688 potuit
2376 5631 2499 5673 ante
2524 5616 2718 5674 annum
2742 5616 2843 5673 800
2858 5616 2962 5688 quo
2983 5634 3119 5674 anno
3140 5622 3394 5679 Albaldus

1834 5685 2401 5767 ρριιξνόςιιιιοςιίιὶιιξαε,
2434 5692 2515 5767 cui
2547 5690 2798 5743 Amnlfns
2825 5685 3106 5753 successit,
3136 5694 3305 5767 adhuc
3340 5696 3391 5748 in

1832 5757 1961 5808 Vivis
1994 5754 2107 5808 fuit.
2142 5756 2273 5808 Mali.
2304 5759 2402 5811 loc.
2440 5760 2527 5811 cit.
