4428 6442
800 425 901 478 507

1637 423 1695 481 Β.
1734 423 1796 476 l".
1835 419 2058 476 ALBINI
2097 419 2229 476 εει]
2252 417 2539 476 ‘ALCUINI
2569 424 2867 493 _OPERUM
2907 429 3084 485 PARS
3121 430 3157 483 Ι.

3924 440 4019 496 503

800 537 1011 600 ctione,
1057 551 1191 604 quas
1232 534 1478 591 monachi
1525 534 1751 606 singulis
1795 534 1944 589 horis
1983 533 2210 588 Domino
2261 531 2371 586 Deo
2399 530 2448 587 A
2475 541 2597 599 tute,
2629 537 2702 592 ita
2732 548 2789 593 tu
2815 555 3000 595 curam
3031 540 3230 595 habeas
3256 541 3321 595 de
3349 542 3518 598 salute
3564 544 3873 602 multonim.
3910 547 4014 605 Noli

797 626 993 680 otierre
1019 624 1327 687 debebunt;
1359 625 1443 679 his
1472 624 1660 681 hostiis
1685 624 1987 694 plaeabitur
2012 621 2265 690 maiestas
2290 621 2370 677 di-

799 718 922 771 vina
949 734 965 781 ;
992 733 1088 789 per
1117 718 1215 772 has
1238 717 1460 773 semitas
1483 718 1631 788 regni
1660 716 1896 772 omlestis
1923 724 2090 785 porta:
2114 714 2367 783 aperiun-

801 817 909 861 tur.
951 806 1063 863 lloc
1092 807 1325 877 cogitate
1353 805 1576 878 jugiter,
1610 808 1713 862 hoc
1751 811 2102 860 reinemoratc
2134 816 2364 871 semper,

802 898 854 948 in
887 896 971 950 his
1003 896 1161 965 291
1200 896 1594 951 conversaniini
1646 894 1895 959 deliciis;
1943 893 2061 948 haec
2102 900 2227 946 sunt
2268 907 2369 944 nuo

800 986 982 1053 ptialia
1004 988 1353 1052 vestimenta,
1382 988 1438 1041 in
1468 987 1664 1055 quibus
1694 984 1911 1054 superni
1948 983 2090 1057 regis
2120 981 2364 1037 convivia

801 1076 1078 1143 possidere
1101 1077 1248 1147 digni
1275 1075 1601 1132 etliciamini.
1632 1074 1821 1129 Nullus
1847 1090 1913 1129 ex
1945 1073 2096 1127 vobis
2124 1071 2364 1126 avaritiae

796 1166 1046 1232 studeat,
1086 1183 1188 1223 nec
1230 1168 1463 1224 caducas
1504 1181 1836 1238 congregare
1866 1165 2082 1222 divitias
2117 1172 2359 1233 qumrat;

798 1273 898 1313 nec
935 1273 1098 1314 unum
1135 1249 1332 1315 habeat
1364 1260 1566 1329 absque
1601 1258 1779 1314 Patris
1820 1258 1903 1312 sui
1948 1256 2165 1311 licentia
2208 1271 2361 1310 num-

791 1363 983 1413 mum;
1022 1348 1251 1406 sulliciat
1289 1351 1576 1419 unicuique
1609 1349 1911 1405 communis
1946 1349 2067 1402 vitm
2110 1346 2361 1416 jucundi-

794 1448 906 1502 tas,
934 1454 1029 1493 seu
1059 1439 1112 1493 in
1139 1440 1502 1504 vestimentis,
1529 1455 1624 1494 seu
1650 1439 1705 1493 in
1729 1439 1834 1493 cibi
1860 1446 2123 1507 potusque
2148 1438 2361 1507 religio-

789 1530 980 1595 sitate;
1012 1539 1217 1586 tantum
1242 1531 1405 1586 Pater
1428 1531 1723 1601 spiritualis
1747 1531 2047 1600 provideat,
2074 1546 2141 1584 ne
2157 1528 2357 1598 justam

790 1621 1044 1687 quislibet
1073 1622 1268 1675 habeat
1305 1622 1826 1685 iunrnntrationetn;
1860 1635 1959 1675 nec
1998 1620 2360 1689 quarumlibet

796 1711 1084 1780 indigentia
1121 1727 1301 1766 rerum
1336 1712 1597 1783 regularis
1644 1712 1767 1767 vita:
1805 1712 2047 1767 destruat
2078 1711 2353 1775 ordinem,

792 1802 887 1858 sed
934 1803 1297 1873 unusquisque
1342 1811 1660 1868 contentus,
1712 1803 2004 1857 secundum
2044 1801 2353 1857 facultatem

794 1890 897 1946 loci
921 1902 976 1946 et
1001 1894 1276 1963 temporis,
1308 1893 1575 1962 stipendio
1595 1893 1739 1962 quod
1765 1894 1813 1947 ci
1844 1891 2268 1957 administratur,
2302 1901 2359 1946 et

791 1994 898 2047 quo
925 1978 1129 2048 majore
1158 1980 1345 2037 sull‘crt
1374 1983 1670 2037 humilitate
1698 1983 2074 2052 indigentiam,
2102 1983 2151 2038 si
2179 1982 2356 2039 subito

786 2097 799 2126 ι
824 2078 1027 2139 veniat,
1059 2092 1125 2131 eo
1154 2077 1408 2146 majorem
1435 2094 1467 2132 a
1496 2079 1607 2134 Deo
1635 2078 1869 2148 accipiat
1893 2078 2213 2132 mercedem.
2251 2075 2353 2143 Qui

790 2181 887 2232 pro
917 2158 1081 2237 regno
1109 2167 1202 2220 Dei
1228 2182 1309 2221 cei
1323 2176 1437 2222 tare
1468 2166 1767 2233 dedderat,
1799 2182 1904 2227 non
1931 2167 2088 2221 debet
2118 2182 2218 2237 pro
2246 2183 2354 2222 uno

787 2256 961 2311 calice
987 2257 1095 2312 vini
1120 2259 1461 2314 contendere.
1487 2258 1861 2316 Nobilissimus
1877 2258 2117 2314 omnium
2142 2267 2355 2314 creator

791 2347 948 2402 I'ater
973 2348 1180 2407 nobiles
1204 2350 1401 2404 habere
1429 2349 1567 2405 filios
1593 2350 1780 2420 cupit:
1807 2363 1997 2419 magna
2022 2348 2354 2418 generositas

786 2449 871 2495 cst
906 2439 1073 2495 tilium
1111 2456 1232 2499 esse
1261 2441 1397 2508 Dei,
1424 2443 1518 2503 sed
1556 2443 1673 2497 hsce
1708 2440 1972 2513 dignitas,
2011 2448 2121 2495 tam
2157 2438 2265 2495 alta
2298 2448 2353 2494 et

790 2530 1045 2599 pmclara
1065 2571 1081 2595 ,
1116 2546 1307 2601 magna
1339 2546 1562 2586 morum
1604 2540 1661 2587 et
1698 2530 2125 2587 conversationis
2159 2529 2354 2586 nobili-

781 2631 895 2678 tate
920 2623 1194 2679 observari
1222 2622 1457 2679 debebit.

848 2713 1000 2780 Quoi
1028 2714 1290 2770 charitate
1330 2723 1557 2785 cogente
1590 2714 1815 2785 scripsi,
1846 2722 2027 2769 vestra
2073 2712 2354 2768 humilitas

780 2805 1046 2873 patienter
1074 2805 1311 2877 relegere
1335 2807 1605 2877 dignetur,
1635 2815 1690 2861 et
1715 2806 1760 2861 si
1787 2805 1916 2875 quid
1960 2807 2234 2861 memoria:
2267 2807 2351 2861 di-

781 2913 939 2963 gnum
966 2913 1031 2952 ex
1068 2899 1151 2953 his
1182 2900 1315 2954 meis
1337 2899 1533 2955 litteris
1562 2899 1876 2963 invenietis,
1905 2899 1975 2954 ob
2004 2898 2352 2952 intentionem

783 2989 970 3044 salutis
998 2999 1212 3056 vestrm,
1241 3000 1297 3045 ct
1330 2991 1755 3046 recordationem
1782 2989 2017 3046 nominis
2056 2988 2258 3055 nostri,
2300 2989 2353 3043 in

782 3084 1036 3137 thesauro
1069 3083 1247 3137 cordis
1294 3084 1457 3139 vestri
1504 3083 2121 3151 reconditcyquatenus
2172 3081 2352 3135 divina

779 3172 950 3238 pietas
977 3186 1071 3226 vos
1102 3171 1153 3225 in
1176 3171 1426 3238 gaudium
1448 3161 1692 3241 superate
1716 3168 2063 3226 beatitudinis
2087 3167 2346 3231 deducat,

782 3271 839 3316 et
882 3262 1013 3316 mihi
1062 3261 1332 3332 peccatori
1363 3261 1571 3315 veniam
1598 3267 1941 3330 peccatorum
1984 3274 2226 3316 meorum
2254 3278 2348 3332 per

778 3368 805 3406 s
822 3359 991 3406 metas
1022 3351 1295 3407 orationes
1322 3359 1531 3405 vestras
1554 3350 1833 3406 concedat.
1861 3350 2107 3405 Vestram
2144 3354 2346 3407 sancti-

777 3436 940 3499 tatem
964 3443 1180 3513 superni
1208 3444 1353 3514 regis
1378 3444 1553 3513 pietas
1603 3444 1656 3498 in
1690 3444 1836 3498 omni
1879 3445 2020 3505 bona
2057 3459 2347 3500 conversa-

777 3535 921 3589 tione
950 3534 1211 3603 proflcerc
1238 3533 1418 3597 faciat,
1451 3532 1644 3588 fratres
1666 3533 1990 3588 charissimi.

1200 3657 1225 3686 ι
1256 3631 1585 3700 EPISTOLA
1622 3642 1901 3700 ccxxrx.

1102 3792 1105 3795 .
1157 3752 1218 3790 η)
1255 3749 1534 3791 ελκιιιτωι
1576 3749 1972 3790 ιιῐιεειιγτειιυκ.

779 3825 1116 3882 Commendat
1161 3842 1215 3878 se
1261 3825 1383 3894 ejus
1413 3824 1739 3877 orationibus
1767 3838 1787 3875 :
1812 3821 1882 3894 ad
1911 3823 2347 3878 conversationem

846 3898 1131 3966 fraternum
1159 3903 1207 3966 et
1241 3890 1530 3963 regularem
1566 3894 1721 3948 vitam
1742 3932 1756 3956 ,
1805 3890 1875 3945 ad
1920 3907 2103 3947 curam
2144 3895 2350 3947 anima-

846 3964 985 4030 rum,
1007 3973 1141 4030 etc.,
1170 3964 1432 4018 hortatur.

849 4059 1165 4114 Dulcissimo
1188 4055 1342 4112 fratri
1366 4056 1393 4095 δ
1420 4054 1649 4111 Eauulfo
1668 4057 1989 4127 presbytero
2012 4054 2236 4109 Albinus
2264 4067 2349 4109 sa-

780 4154 969 4207 intem.
1254 4221 1259 4225 ο

844 4241 981 4307 Quia
1015 4240 1255 4296 charitas
1281 4252 1490 4293 memor
1516 4245 1602 4293 est
1628 4239 1794 4293 totius
1819 4238 2112 4302 bonitatis,
2151 4237 2271 4294 ideo
2298 4247 2352 4293 te

776 4333 1020 4395 obsceno,
1039 4338 1099 4386 ut
1121 4330 1224 4384 mei
1247 4329 1448 4383 habeas
1469 4328 1785 4383 memoriam
1808 4328 1862 4382 in
1882 4327 2083 4384 sanctis
2095 4328 2353 4384 orationi-

780 4424 878 4476 bus
917 4421 1045 4487 tuis,
1076 4428 1131 4476 et
1159 4430 1211 4475 te
1240 4420 1412 4490 ipsum
1443 4418 1496 4472 in
1541 4418 1688 4473 omni
1734 4418 1984 4473 castitate
2028 4432 2350 4474 conservare

776 4512 993 4567 studeas
1011 4511 1065 4566 in
1084 4516 1373 4579 conspectu
1391 4508 1598 4565 Domini
1614 4508 1704 4563 Dei
1726 4507 1994 4574 altissimi;
2016 4517 2071 4563 et
2091 4509 2346 4564 humilem
2376 4536 2425 4596 Ι)

780 4600 977 4655 habeas
1010 4600 1470 4655 conversationem
1500 4597 1640 4651 inter
1674 4596 1899 4661 fratres,
1939 4606 1993 4652 et
2037 4598 2347 4653 sollicitudi-

778 4706 901 4745 neni
928 4704 1176 4761 magnam
1207 4687 1469 4759 regularis
1495 4687 1637 4753 vitaz,
1666 4687 1789 4757 quia
1831 4687 1923 4758 qui
1960 4685 2131 4757 majus
2170 4697 2348 4760 portat

776 4779 1032 4847 judicium
1050 4819 1068 4844 ,
1096 4778 1354 4846 majorem
1393 4778 1591 4846 accipit
1622 4778 1881 4832 honorem
1908 4776 2054 4849 [ιτς.
2081 4780 2205 4848 quia
2235 4796 2348 4834 ma-

775 4868 862 4938 jus
885 4877 1064 4939 portat
1082 4867 1357 4937 judicium,
1383 4866 1497 4935 qui,
1522 4865 1676 4937 etc.].
1694 4865 1833 4933 Quid
1857 4866 1951 4921 tibi
1973 4869 2153 4922 szeculi
2178 4870 2349 4939 digni-

783 4972 883 5026 ius,
916 4977 1033 5031 qum
1059 4962 1201 5016 sicut
1224 4958 1321 5014 llos
1346 4958 1454 5013 feni
1485 4958 1716 5015 decidit?
1737 4956 1869 5012 Nolo
1902 4965 1953 5012 te
1978 4959 2348 5029 vagabundum
2441 5028 2465 5040 _

779 5070 898 5108 esse
920 5068 1015 5121 per
1034 5053 1171 5115 loca,
1194 5052 1287 5105 sed
1312 5050 1559 5105 stabilem
1580 5050 1633 5104 in
1661 5050 1879 5105 servitio
1900 5050 2010 5114 Dei,
2037 5050 2128 5105 ubi
2149 5049 2351 5108 electus

780 5167 838 5200 es
869 5150 921 5201 in
949 5148 1225 5203 servitium
1252 5144 1470 5200 Christi.
1502 5144 1666 5198 Vivas
1686 5144 1826 5197 inter
1852 5142 2047 5199 fratres
2066 5144 2218 5214 quasi
2246 5144 2350 5200 Lu-

782 5240 916 5294 cifer
950 5240 1090 5294 inter
1120 5238 1321 5302 stellas,
1348 5243 1408 5291 ut
1434 5234 1645 5306 plurimi
1672 5234 1780 5289 tuis
1817 5233 1975 5289 bonis
2001 5235 2352 5290 exhortantur

781 5329 1063 5400 exeinpiis.
1102 5327 1254 5383 Sicut
1288 5342 1387 5396 ego
1414 5341 1598 5381 curam
1645 5324 1806 5381 habui
1844 5322 1914 5379 dc
1943 5323 2350 5381 salutevanimzn

774 5486 783 5499 ι
852 5474 879 5501 ι
916 5460 1169 5524 Froben"
1193 5459 1351 5529 epist.
1384 5456 1507 5511 226.

851 5530 879 5570 δ
917 5529 1150 5600 Eanulfo
1173 5525 1487 5600 presbytero.
1512 5525 1679 5600 llujus
1697 5526 1838 5600 nulla
1864 5527 1992 5600 alibi
2012 5526 2238 5600 habetur
2257 5544 2354 5583 no-

785 5601 924 5655 titia.
955 5596 1107 5655 llluni
1140 5596 1685 5667 tatnen'inonachuni,
1717 5596 1960 5651 fortassis
1981 5597 2034 5651 in
2060 5597 2270 5667 Anglia,
2299 5607 2355 5653 et

783 5671 925 5735 inter
954 5669 1242 5725 monachos
1266 5667 1596 5722 sacerdotem
1623 5666 1809 5727 fuisse,
1832 5667 1917 5722 cui
1946 5666 2211 5733 publicum
2240 5685 2355 5722 inuo

782 5757 885 5795 ltus
905 5740 1145 5801 docendi,
1168 5747 1325 5807 atque
1342 5739 1557 5790 verbum
1583 5737 1672 5790 Dei
1697 5736 1991 5792 seminamli
2013 5738 2354 5793 commissum

780 5821 885 5875 est,
913 5825 973 5859 vv
1008 5810 1103 5862 hac
1132 5808 1351 5876 l‘plalllld
1383 5808 1651 5862 discimus.

2474 632 2673 680 torrem
2712 626 2781 684 de
2827 628 3074 684 incendio
3108 636 3320 698 raptum
3363 630 3667 700 disperare,
3711 635 3807 690 sed
3850 639 4013 705 peni-

2471 716 2646 770 tentize
2674 717 2820 773 fonte
2847 720 3410 790 exstingui,quatenns
3428 723 3520 790 qui
3543 723 3596 777 in
3619 722 3831 781 ﬂamma
3856 727 4012 783 1ὣὶἀὶ-

2469 805 2552 859 nis
2576 807 2800 872 exarsit,
2830 808 2885 862 in
2917 806 3128 864 ﬂamina
3154 810 3437 866 eharitatis
3463 828 3516 866 et
3549 814 3821 870 munditia:
3852 816 4015 872 luceat

2467 896 2522 949 in
2560 907 2849 968 conspectu
2878 899 2993 955 Dei.
3018 900 3096 954 Tu
3130 898 3237 957 scis
3268 900 3591 974 fragilitates
3626 906 4009 974 adolescentia;

2448 984 2520 1038 'tu
2548 988 2688 1041 nosti
2713 986 2911 1043 flumen
2952 989 3286 1059 iniquitatis,
3308 993 3577 1062 quomodo
3611 1009 3710 1067 per
3733 975 4011 1066 pmipitia

2465 1076 2747 1143 rapiuntur
2772 1076 2925 1132 multi
2970 1078 3026 1132 in
3055 1081 3338 1149 voragines
3362 1082 3585 1139 diversae
3614 1083 3853 1145 luxurite.
3884 1086 4012 1153 Qua-

2462 1175 2680 1235 propter
2717 1167 2947 1222 sollicita
2991 1178 3171 1225 mente
3218 1171 3430 1235 labora,
3473 1172 3584 1229 Deo
3622 1173 3933 1243 adiuvante,
3959 1187 4013 1234 ut

2460 1256 2880 1325 quamplurimas
2926 1273 3024 1327 per
3062 1259 3456 1317 admonitiones
3478 1262 3813 1320 dulcissimas
3848 1267 3915 1320 ab
3932 1280 4012 1323 ero

2462 1361 2582 1400 rore
2631 1347 2930 1416 iniquitatis
2960 1358 3197 1425 revoces.
3230 1351 3348 1406 Erit
3380 1353 3477 1408 tibi
3528 1356 3759 1410 maxima
3816 1373 4013 1415 merces

2459 1430 2597 1504 apud
2621 1437 2807 1501 Deum,
2831 1439 2877 1493 si
2897 1439 3125 1495 salutem
3140 1439 3444 1498 fraternam
3465 1454 3572 1499 non
3594 1446 3909 1518 neglexeris.

2530 1524 2752 1581 Plurimi
2805 1536 2933 1582 sunt
2979 1529 3355 1588 nomineth
3395 1532 3676 1603 doctores,
3722 1538 3816 1592 sed
3862 1540 4007 1609 pauci

2458 1616 2737 1672 eltaritatis
2757 1617 2952 1675 ollicio.
2978 1619 3095 1675 Non
3122 1634 3304 1677 cesses
3343 1624 3609 1680 seminare
3630 1626 3861 1683 Verbum
3890 1629 4004 1693 Dei;

2458 1706 2599 1760 Deus
2626 1707 2803 1770 novit,
2835 1708 2925 1763 ubi
2950 1708 3095 1775 vult,
3121 1718 3181 1764 ut
3206 1710 3380 1766 cadat.
3418 1710 3729 1771 Nullatenus
3769 1717 3864 1772 tibi
3905 1717 4012 1786 ejus

2458 1798 2670 1853 bonitas
2702 1799 2876 1855 deerit
2904 1801 2955 1855 in
2983 1803 3427 1881 remuneratione.
3461 1804 3563 1870 Qui
3586 1809 3806 1862 conuerti
3843 1809 4009 1878 fecerit

2457 1896 2775 1954 peccatore»:
2800 1889 2866 1941 ab
2889 1904 3064 1944 errore
3087 1892 3180 1945 viae
3210 1909 3350 1958 sum,
3389 1896 3614 1964 cooperit
3641 1895 4010 1952 multitudinem

2454 1987 2780 2044 peccatorum
2825 1995 3044 2035 suorum
3080 1980 3220 2053 (lac.
3259 2000 3323 2049 ν,
3364 1984 3477 2057 Ξο).
3519 1986 3680 2042 Vivas
3716 1988 3919 2043 utinam
3959 1990 4009 2045 in

2455 2066 2863 2122 mansuetudine
2905 2068 3068 2139 392
3106 2058 3400 2141 patientiae,
3445 2082 3502 2129 et
3546 2076 3844 2133 humilitate
3885 2079 4009 2134 obe~

2453 2156 2685 2221 dientite,
2717 2165 2774 2212 et
2798 2158 3078 2214 charitatis
3108 2161 3388 2217 dulcedine
3414 2164 3553 2218 inter
3578 2163 3804 2231 fratres,
3828 2176 4010 2236 quate-

2452 2262 2554 2302 nus
2576 2248 2944 2304 misericordia
2975 2248 3351 2321 Redemptoris
3373 2254 3541 2309 nostri
3569 2261 3622 2309 tc
3645 2254 3834 2313 florere
3855 2256 4011 2312 faciat

2452 2337 2507 2391 in
2536 2338 2685 2394 vario
2707 2339 2963 2395 virtutum
2990 2354 3205 2410 genere,
3225 2349 3282 2398 et
3298 2343 3367 2399 ab
3388 2344 3535 2399 omni
3558 2345 3878 2404 adversitate
3903 2348 4009 2405 cle-

2450 2434 2659 2483 metiter
2690 2429 2962 2486 custodire
2986 2429 3257 2502 dignetur.

2522 2517 2729 2584 Saluta,
2758 2520 3006 2585 obsecro,
3032 2519 3229 2577 fratres
3253 2531 3487 2588 nostros,
3512 2538 3856 2595 quoscunque
3874 2526 4013 2583 scias

2451 2608 2632 2678 aliquo
2655 2609 2937 2666 charitatis
2956 2611 3132 2668 cilicio
3153 2614 3285 2668 mihi
3306 2626 3426 2670 esse
3448 2614 3777 2685 conjunct'os,
3803 2627 3861 2674 et
3874 2634 4013 2675 sem-

2451 2714 2548 2769 per
2573 2701 2863 2758 admoneas
2893 2703 2959 2759 de
2985 2705 3321 2761 orationibus
3358 2707 3524 2773 meis,
3552 2723 3896 2780 quoscunque
3920 2711 4013 2766 ha-

2451 2792 2580 2846 beas
2608 2792 2830 2859 amicos,
2863 2794 2947 2850 vel
2977 2795 3144 2850 Deum
3169 2797 3438 2865 timentes,
3460 2797 3542 2854 vel
3570 2808 3767 2857 sancta:
3789 2816 4009 2857 conver-

2451 2880 2677 2937 sationis
2713 2884 2906 2940 socios.
2928 2884 3105 2939 Vivite
3127 2886 3182 2940 in
3206 2888 3354 2942 omni
3382 2888 3668 2955 charitate,
3687 2898 3745 2945 et
3768 2892 3936 2947 valete
3958 2892 4011 2947 in

2452 2980 2733 3028 aeternum.
3452 2978 3455 2981 Α

2901 3074 2922 3103 c
2955 3063 3288 3124 EPISTOLA
3324 3068 3583 3157 ccxxx.

2887 3170 2950 3209 ΑΒ
3006 3171 3169 3211 οκιλη
3227 3174 3586 3215 SACERDOTEI.

2378 3198 2424 3277 c-
2453 3241 2771 3299 Charitatem
2809 3246 2866 3316 in
2903 3257 3154 3316 prasente
3191 3248 3393 3304 dulcem
3415 3291 3431 3316 ,
3458 3252 3515 3304 in
3541 3252 3747 3306 absente
3780 3268 4010 3307 amaram

2834 3314 2980 3369 dicit.
3016 3315 3275 3371 Hortatur
3306 3319 3376 3372 ad
3404 3314 3631 3374 eirtutes.

2519 3421 2742 3479 Albinus
2763 3422 2789 3463 ἀ
2819 3420 2968 3480 Onia:
2994 3425 3259 3482 sacerdoti
3289 3426 3535 3483 salutem.

2522 3514 2763 3571 Mirabile
2794 3525 2879 3571 est
2923 3518 3068 3586 quod
3116 3518 3272 3575 dulce
3311 3536 3526 3576 versum
3551 3521 3713 3577 estin
3744 3536 4009 3578 amarum.

2453 3605 2584 3660 Nam
2619 3608 2857 3663 eharitas
2892 3608 3064 3664 dtilcis
3105 3610 3287 3679 estin
3331 3620 3617 3682 praesente,
3640 3614 3734 3669 sed
3772 3622 4013 3675 extrema

2451 3694 2654 3767 [Forte,
2692 3696 2900 3771 amara]
2937 3699 3168 3769 quodam
3195 3700 3356 3757 modo
3392 3701 3448 3756 in
3476 3701 3719 3770 absente,
3742 3703 3871 3758 dum
3905 3718 4011 3758 non

2450 3790 2595 3844 videt
2624 3805 2784 3861 quem
2808 3798 2975 3854 amat,
3002 3792 3339 3862 angustiatus
3367 3792 3421 3847 in
3448 3793 3687 3849 absentia
3722 3792 3870 3861 eius;
3897 3809 4016 3864 qua:

2448 3880 2712 3949 siquidem
2737 3880 2793 3934 in
2813 3880 2987 3935 beatis
3011 3888 3068 3935 et
3094 3895 3259 3950 regno
3296 3880 3392 3935 Dei
3421 3895 3630 3951 semper
3672 3880 3841 3938 dulcis
3880 3883 4016 3946 erit,

2391 4016 2398 4021 .
2450 3968 2702 4037 quoniam
2727 3983 2963 4038 praesens
2987 3968 3063 4024 illi
3102 3970 3193 4039 qui
3218 3978 3463 4035 amatur;
3493 3968 3646 4040 cujus
3670 3971 3807 4028 visio
3840 3972 4018 4027 omnis

2448 4065 2532 4111 est
2553 4058 2850 4125 beatitudo,
2864 4058 2931 4114 ad
2959 4075 3119 4129 quam
3133 4069 3192 4115 ut
3204 4060 3487 4133 pervenire
3502 4074 3825 4128 mereamur,
3837 4062 4018 4118 omnia

2449 4146 2583 4201 dura
2605 4147 2777 4205 dulcia
2794 4163 2890 4218 per
2910 4150 3179 4220 patientiae
3198 4151 3395 4206 donum
3411 4150 3581 4206 videri
3601 4149 3814 4215 debent;
3831 4159 3888 4206 et
3903 4167 4021 4206 om-

2450 4237 2541 4291 nia
2575 4235 2734 4305 hujus
2770 4237 2950 4292 saeculi
2994 4237 3170 4294 dulcia
3206 4238 3359 4308 quasi
3387 4238 3520 4293 nihil
3548 4239 3837 4308 reputanda
3868 4246 4015 4293 sunt.

2517 4324 2629 4381 Hoc
2652 4340 2879 4392 memor,
2908 4325 2983 4382 fili
3004 4326 3353 4394 charissime,
3382 4335 3444 4382 ut
3482 4327 3634 4382 vivas
3662 4325 3891 4382 feliciter
3918 4327 4020 4381 sub

2451 4415 2645 4471 timore
2664 4416 2780 4482 Dei,
2809 4417 2865 4471 in
2890 4417 3156 4473 charitate
3184 4416 3384 4485 Christi
3406 4456 3423 4481 ,
3450 4417 3504 4470 in
3526 4416 3671 4472 omni
3696 4416 4019 4481 sobrietate,

2452 4505 2701 4559 castitate
2736 4512 2792 4558 et
2826 4504 3120 4570 charitate,
3155 4503 3443 4574 proficiens
3477 4503 3546 4559 de
3582 4504 3669 4560 die
3709 4503 3763 4559 in
3794 4504 3935 4559 diem
3964 4503 4020 4559 in

2450 4593 2595 4648 omni
2621 4608 2784 4663 opere
2813 4595 2975 4660 bono,
2999 4603 3059 4650 ut
3082 4595 3273 4666 dignus
3297 4593 3549 4651 efficiaris
3576 4595 3645 4650 ad
3673 4610 3793 4650 eam
3826 4610 4020 4664 perve-

2446 4683 2563 4737 nire
2586 4684 2927 4751 charitatem,
2955 4701 3076 4755 quae
3105 4699 3379 4754 nunquam
3404 4684 3721 4749 mutabitur,
3743 4698 4021 4752 nunquam

2448 4773 2607 4829 tinem
2635 4774 2882 4829 habitura
2909 4782 3013 4831 est.
3042 4775 3173 4831 Vive
3195 4772 3425 4829 feliciter
3448 4774 3503 4828 in
3529 4771 3793 4828 charitate
3814 4770 4019 4827 Christi

2447 4873 2503 4918 et
2526 4864 2671 4920 omni
2698 4863 2953 4934 religione
2981 4871 3186 4930 sancta,
3219 4863 3293 4918 fili
3313 4863 3649 4920 citatissime.

2883 4987 2908 5016 ο
2940 4975 3268 5034 EPISTOLA
3323 4974 3599 5032 CCXXXI.

3067 5083 3135 5121 AD
3171 5080 3406 5120 EUIDEH.
3426 5087 3431 5095 '

2450 5161 2765 5217 Clmritatem
2802 5177 2925 5231 erga
2965 5159 3130 5231 Deum
3175 5167 3223 5211 et
3272 5174 3393 5227 ergo
3426 5172 3693 5231 pauperes,
3722 5155 3933 5211 miseros
3970 5164 4018 5210 et

2899 5229 3193 5299 peregrinos
3223 5227 3565 5281 commendat.

2521 5322 2753 5376 Albinus
2777 5318 2927 5376 Onizc
2948 5317 3214 5373 sacerdoti
3246 5318 3491 5372 salutem.
3528 5316 3533 5322 ’

2525 5468 2546 5497 ε
2589 5455 2822 5526 Froben.
2853 5456 3010 5526 epist.
3038 5454 3163 5526 227.

2522 5525 2549 5566 (ι
2587 5524 2738 5581 Οηὶιυ
2757 5521 3031 5581 sacerdoti.
3058 5525 3156 5580 Hic
3174 5521 3312 5577 idem
3334 5522 3430 5577 abs
3448 5521 3609 5579 dubio
3626 5529 3729 5587 est,
3750 5537 3811 5578 ac
3829 5521 4015 5578 Onias.

2456 5596 2541 5650 cui
2568 5596 2725 5651 simul
2761 5604 2815 5651 et
2843 5593 3155 5650 Nathanaeli
3194 5598 3252 5647 et
3284 5590 3523 5648 Candi‘tlo
3566 5592 3820 5647 Alcuinus
3861 5603 4016 5647 suum

2456 5666 2911 5720 Coinmentarium
2939 5678 3101 5731 super
3121 5660 3473 5735 Ecclesiasten
3499 5663 3799 5735 inscripsit;
3824 5662 3889 5716 de
3909 5670 4019 5728 quo

2457 5736 2615 5790 etiam
2644 5736 2766 5790 alibi
2795 5735 3037 5803 quaedam
3063 5733 3451 5803 annotavimus.

2536 5818 2555 5843 ε
2596 5805 2745 5874 Apud
2769 5801 2996 5862 l’iol-cn.
3029 5803 3184 5874 epist,
3214 5801 3337 5858 2'28.
