4428 6436
249 475 354 533 809

1656 455 2026 518 ΕΡιδτυιτΕ.

3332 462 3436 517 δια

283 628 285 630 η
319 585 650 654 Prospcritas
674 591 726 636 et
750 582 995 652 gaudium
1020 580 1182 634 animi
1214 580 1374 632 vestri
1413 577 1792 630 multum-mihi
1820 575 1869 632 Α
1892 571 2091 642 crymis
2113 570 2329 628 abluere
2352 581 2636 640 memento,
2664 590 2731 629 ne
2756 574 2845 630 diu
2881 576 2994 630 sine
3019 578 3194 644 sponsi
3227 578 3297 630 tui
3326 592 3439 628 nta-

250 681 458 748 ]:laccre
503 675 691 738 fateor,
737 689 854 742 qum
892 673 1152 735 alacritas,
1200 671 1334 725 sicut
1375 667 1658 741 Apostolus
1693 667 1790 731 ait,

251 781 512 835 nunquam
535 763 722 816 excidit
753 761 804 832 (1
824 759 943 814 Cor.
976 762 1090 823 ιέιιι,
1114 759 1191 827 8),
1213 775 1332 828 qua:
1357 772 1565 826 semper
1583 772 1718 811 nova
1739 763 1793 810 et

249 854 498 924 antiqua;
542 867 678 905 nova
721 865 785 904 ex
811 846 1112 917 prmsentia,
1143 848 1354 915 antiqua
1399 860 1466 900 ex
1498 845 1786 898 memoria:

248 957 410 1012 quam
429 956 638 1011 semper
659 941 858 994 utinam
879 938 1102 994 ﬁdeliter
1124 937 1362 1007 sequaris
1387 949 1507 992 eum
1529 936 1671 990 omni
1699 936 1794 989 ho-

249 1033 412 1097 mine,
439 1039 690 1101 quantum
719 1030 772 1083 in
803 1036 854 1082 te
883 1036 986 1092 est,
1019 1035 1073 1081 et
1097 1035 1352 1097 quantum
1379 1025 1445 1080 ad
1485 1025 1576 1078 Dei
1626 1025 1793 1081 hono-

249 1137 362 1176 rem
384 1123 662 1178 honestum
684 1126 738 1175 et
763 1119 892 1175 utile
915 1117 1163 1172 videaris.
1178 1116 1295 1172 Non
1315 1125 1399 1171 est
1421 1116 1656 1170 eharitas
1673 1129 1792 1183 qua:

249 1211 302 1262 in
331 1209 588 1263 ebrietate
628 1214 858 1272 tenetur,
884 1205 963 1260 vel
992 1205 1045 1258 in
1088 1203 1319 1274 peccatis
1335 1200 1624 1270 conjuncta
1664 1217 1791 1256 con-

244 1299 558 1364 glutinatur,
605 1295 696 1350 sed
738 1295 896 1362 impia
940 1293 1201 1350 voluntas.
1231 1308 1336 1345 non
1362 1293 1496 1345 bona
1537 1290 1788 1344 suavitas.

245 1384 378 1438 Ama
403 1366 566 1437 Deum
593 1396 821 1450 semper,
848 1380 937 1448 qui
973 1385 1235 1433 amantem
1265 1391 1324 1431 se
1361 1384 1504 1430 amat
1527 1414 1542 1440 ,
1578 1383 1632 1429 et
1674 1375 1794 1428 dili-

245 1479 460 1539 gentem
490 1485 552 1526 se
575 1468 762 1538 diligit.
788 1467 988 1521 Habeto
1017 1466 1163 1520 illum
1193 1465 1444 1528 amicum,
1468 1463 1558 1530 qui
1587 1462 1794 1516 unicui-

244 1573 350 1626 que
372 1558 574 1612 amicus
598 1566 679 1610 est
714 1554 998 1610 secundum
1029 1568 1103 1607 se.
1127 1552 1422 1621 Pauperum
1449 1565 1652 1604 memor
1677 1557 1793 1604 esto

247 1647 302 1699 in
324 1645 690 1714 eleemosynis,
718 1653 771 1696 et
795 1644 1108 1698 miserorum
1131 1642 1184 1695 in
1213 1639 1539 1702 defensione,
1565 1646 1620 1692 et
1641 1653 1794 1707 pere-

246 1730 521 1804 grinorum
564 1735 617 1787 in
660 1732 876 1795 solatio,
906 1741 966 1784 ut
987 1730 1128 1784 Deus
1153 1729 1249 1784 tibi
1277 1727 1464 1782 reddat
1487 1727 1540 1780 in
1571 1726 1655 1780 die
1680 1740 1793 1779 ma-

1892 677 2020 724 neas
2048 663 2313 732 amplexu,
2343 665 2467 732 quia
2501 665 2798 732 promptior
2819 672 2904 719 est
2929 673 2981 718 te
3006 664 3239 734 recipere
3276 681 3436 735 quam

1891 749 2136 804 amittere
2161 769 2174 802 :
2203 758 2406 804 tantum
2435 767 2505 806 ne
2533 751 2825 807 tardaret-is
2853 753 2918 807 de
2963 753 3049 808 die
3092 753 3143 806 in
3186 753 3324 807 diem
3357 768 3438 806 re-

1891 840 2024 892 verti
2050 840 2118 893 ad
2142 839 2309 894 illum.
2337 840 2462 895 Haec
2483 842 2625 896 enim
2653 841 2758 895 duo
2784 843 2921 896 mala
2965 843 3192 898 maxime
3234 844 3346 897 odit
3384 844 3439 896 in

1890 931 2213 998 hominibus,
2241 936 2614 1006 negligentiam
2644 938 2960 1001 revertendi,
3010 945 3065 991 et
3113 937 3438 1006 desperatio-
3502 961 3506 964 -

1892 1035 2013 1075 nem
2034 1021 2305 1077 salvantis.
2332 1024 2562 1078 Tantum
2587 1025 2703 1080 haec
2746 1024 2921 1079 absint
2961 1040 2990 1077 a
3033 1026 3442 1095 cogitationibus

1889 1113 2073 1180 procul
2103 1115 2317 1178 nostris,
2341 1120 2398 1167 et
2419 1113 2506 1167 ille
2535 1121 2661 1168 tunc
2686 1114 2882 1169 animis
2903 1129 3068 1184 prope
3088 1114 3190 1169 erit
3214 1115 3434 1169 nostris.

1888 1198 2011 1254 ideo
2047 1202 2208 1254 habet
2252 1217 2445 1256 nomen
2489 1201 2754 1267 Salvator,
2779 1201 2904 1271 quia
2949 1216 3158 1270 semper
3193 1202 3362 1256 salvat
3387 1212 3442 1256 et

1889 1287 2098 1342 salvare
2143 1289 2319 1357 cupit,
2367 1289 2504 1343 sicut
2546 1290 2800 1357 scriptum
2829 1298 2949 1342 est:
2977 1289 3080 1354 Qui
3119 1288 3223 1342 vult
3269 1305 3469 1344 omnes.

1889 1376 2120 1430 homines
2143 1375 2309 1430 salvos
2337 1377 2450 1445 ﬁeri
2472 1376 2521 1448 (1
2550 1377 2682 1430 Tim.
2707 1394 2767 1441 ιι,
2792 1376 2869 1445 Il).

1957 1465 2074 1519 Noli
2099 1467 2164 1520 de
2193 1474 2402 1520 terrena
2438 1467 2711 1522 nobilitate
2733 1466 2970 1538 gloriari,
2997 1467 3091 1522 sed
3116 1466 3316 1536 gratias
3339 1482 3439 1536 age

1889 1553 1939 1608 ei
1967 1555 2079 1622 qui,
2099 1554 2222 1609 dum
2252 1563 2304 1609 te
2329 1556 2595 1609 hominem
2621 1571 2739 1610 esse
2760 1556 2940 1620 voluit,
2973 1563 3085 1610 tam
3107 1555 3361 1612 sublimes
3385 1565 3444 1608 et

1889 1641 2063 1696 claros
2089 1643 2181 1697 tibi
2208 1643 2521 1712 perdonavit
2546 1651 2812 1713 parentes,
2841 1660 3069 1713 quorum
3108 1647 3438 1702 nobilitatem
3519 1659 3521 1661 ‘

1891 1744 1995 1783 non
2023 1731 2289 1800 superbia,
2322 1731 2413 1786 sed
2439 1730 2737 1785 humilitate
2757 1746 3106 1801 prosequere;
3141 1741 3194 1786 et
3213 1734 3442 1788 maxime

246 1843 373 1897 gno,
395 1827 484 1880 ubi
505 1825 701 1880 dividet
729 1839 885 1878 omne
907 1813 1193 1878 humanum
1216 1837 1381 1891 genus
1405 1821 1458 1874 in
1479 1819 1609 1874 duas
1629 1818 1794 1887 parti-
1818 1894 1854 1897 _
1892 1816 1947 1870 in
1976 1833 2040 1872 eo
2065 1820 2254 1888 gaude,
2285 1819 2409 1888 quia
2435 1819 2653 1874 alterius
2679 1820 2846 1874 noluit
2872 1829 2924 1880 te
2949 1837 3067 1876 esse
3089 1837 3355 1891 sponsam,
3386 1823 3440 1876 ni

249 1894 454 1979 triones;
496 1914 616 1969 aliis
663 1922 879 1983 propter
921 1913 1170 1967 duritiam
1211 1911 1387 1965 cordis
1429 1908 1792 1962 indeficientes
1818 1894 1865 1952 Β
1895 1921 2064 1960 suam.
2095 1906 2224 1972 Quae
2248 1907 2342 1962 tibi
2376 1906 2544 1976 major
2569 1923 2688 1964 esse
2715 1909 2880 1979 gloria
2913 1911 3136 1980 poterit,
3166 1912 3248 1966 vel
3273 1913 3435 1967 subli-

248 2013 633 2058 tirmentorum
679 2002 949 2066 flammas;
1001 2001 1119 2054 aliis
1167 2007 1383 2068 propter
1419 1996 1794 2051 misericordia:

247 2106 408 2160 opera
457 2100 511 2146 et
565 2090 842 2145 eharitatis
900 2087 1076 2143 oflicia
1125 2095 1392 2157 perpetua:
1453 2084 1795 2140 beatitudinis

249 2197 490 2252 regnum.
533 2180 646 2236 Hoc
688 2180 888 2235 faciens
929 2178 1170 2242 feliciter,
1215 2178 1354 2242 vive,
1376 2176 1451 2230 fili
1485 2177 1558 2230 ιιιὶ
1594 2175 1797 2230 charis-

248 2284 404 2322 sume.

569 2357 726 2426 293
764 2371 790 2398 ⁸
827 2345 1152 2412 ΕΡΙΞΤΟῙΑ
1185 2354 1484 2411 CCXXXII.

865 2463 932 2500 AD
965 2461 1176 2501 GISLAI.

249 2546 565 2608 Charitatem
604 2569 750 2606 suum
777 2551 856 2605 illi
894 2552 1152 2622 signiﬁcat
1180 2569 1198 2605 :
1225 2551 1294 2604 ad
1333 2551 1508 2605 omnia
1526 2551 1796 2622 ‘virtutum

318 2637 506 2744 gentem
545 2623 801 2687 hortatur,
845 2630 891 2674 et
932 2617 1249 2675 commendat
1284 2631 1476 2674 sanctis
1517 2617 1799 2689 Scriptum

343 2708 398 2745 ec
423 2707 610 2744 tonem.

323 2797 689 2851 Dilectissimze
733 2797 788 2851 in
829 2795 1042 2851 Christo
1084 2796 1276 2866 virgini
1309 2795 1336 2834 δ
1364 2795 1522 2850 (ῖιίειω
1546 2794 1799 2850 Alcuinus

253 2885 472 2939 humilis
498 2884 654 2939 levita
679 2885 924 2939 salutem.

322 2973 487 3033 Valde
514 2977 656 3032 enim
685 2977 818 3041 tuis,
846 2975 1138 3031 clarissima
1167 2976 1256 3030 Dei
1299 2973 1490 3030 famula
1514 3014 1529 3040 ,
1557 2974 1800 3044 alloquiis

253 3068 468 3135 gavisus
501 3083 639 3132 sum,
662 3076 717 3122 et
745 3075 834 3121 tua
863 3067 1238 3122 familiaritatis
1261 3069 1456 3136 pietate
1477 3067 1798 3130 consolatus,

255 3157 330 3210 ita
355 3165 417 3209 ut
441 3170 507 3210 ex
531 3171 597 3211 eo
622 3156 708 3210 die
732 3171 838 3223 quo
860 3164 1072 3223 pactum
1115 3156 1392 3209 charitatis
1431 3165 1605 3208 tecum
1640 3155 1766 3209 inivi
1784 3195 1798 3219 ,

253 3246 532 3300 dulcedine
557 3220 985 3299 dilectionis—tute
1007 3259 1102 3314 per
1137 3244 1339 3314 singula
1367 3258 1501 3312 pene
1536 3250 1802 3297 momenta
1823 3220 1873 3282 (ἶ

250 3337 531 3407 paseebar,
573 3335 780 3391 felicem
821 3335 1089 3390 :estimans
1135 3350 1242 3400 me,
1284 3334 1407 3388 dum
1452 3332 1803 3387 sanctissima:

251 3426 514 3482 orationis
557 3421 848 3480 munimine
873 3464 889 3489 ,
934 3424 1221 3479 secundum
1264 3422 1668 3494 promissionem
1713 3436 1802 3475 ve-

253 3526 421 3570 stram
441 3513 615 3578 fruar;
639 3521 696 3566 at
715 3528 854 3567 nunc
875 3514 1104 3567 maxime
1127 3513 1336 3567 assidua
1360 3527 1576 3582 precum
1605 3519 1804 3566 vestra-

256 3619 373 3659 rum
393 3604 722 3672 proteetione
743 3603 938 3656 muniri
954 3603 1176 3672 indigeo,
1203 3603 1330 3657 dum
1352 3603 1619 3672 fluctivagi
1641 3604 1805 3658 maris

257 3698 518 3751 incertum
546 3694 647 3749 iter
670 3701 876 3748 tentare
896 3693 1180 3761 compellor
1207 3691 1360 3764 [Ms.,
1388 3700 1647 3761 temptare
1679 3707 1805 3747 con-

253 3786 468 3858 pellar],
495 3794 555 3839 ut
583 3785 758 3840 divina
791 3784 1067 3838 clementia
1116 3799 1201 3837 me
1243 3783 1312 3837 ad
1358 3791 1570 3853 portum
1607 3782 1805 3838 salutis

255 3874 544 3944 perducere
571 3873 836 3943 dignetur,
865 3881 1023 3941 atque
1051 3872 1242 3926 vestris
1275 3872 1462 3925 iterum
1503 3871 1802 3949 conspecti-

255 3963 359 4018 bus
379 3961 695 4030 gaudentem
721 3971 897 4016 astare
921 3963 1199 4017 condonet.
1225 3961 1328 4016 Sed
1351 3977 1479 4031 rogo
1499 3961 1807 4031 suppliciter

255 4059 330 4116 te,
358 4050 466 4103 Deo
487 4049 824 4102 devotissima
854 4051 1018 4121 virgo,
1057 4066 1123 4104 ne
1161 4065 1318 4106 aures
1361 4051 1658 4119 prudentia:
1705 4059 1808 4106 tua:

255 4135 436 4212 apices
461 4139 776 4208 insipientia
803 4154 936 4194 mete
961 4138 1258 4204 oﬂ'endaut;
1279 4148 1335 4194 et
1367 4139 1508 4208 quod
1547 4155 1636 4194 me
1680 4141 1809 4196 dile-

155 4287 159 4292 t
256 4233 367 4287 ctio
398 4245 522 4284 vera
568 4229 802 4284 scribere
840 4229 1106 4294 admonet,
1135 4236 1185 4283 te
1210 4228 1480 4284 humilitas
1504 4237 1686 4283 sancta
1715 4229 1809 4283 do-

257 4329 379 4376 ceat
418 4318 722 4388 perlegere;
761 4333 860 4375 nec
904 4315 1099 4388 stylum
1143 4330 1319 4372 meum
1347 4317 1809 4386 praesumptiosum

259 4417 434 4480 putes,
458 4405 754 4461 ofﬁciosum
779 4422 1102 4477 agnoscens;
1132 4414 1188 4461 et
1211 4422 1370 4476 quem
1404 4407 1457 4460 in
1483 4406 1593 4460 Deo
1612 4405 1806 4474 diligit,

261 4489 632 4553 admonentem
656 4496 850 4563 accipit
874 4493 989 4566 [F.,
1017 4495 1288 4566 accipiat].

215 4611 231 4621 ο
329 4588 510 4641 Primo
551 4587 788 4641 omnium
833 4594 882 4640 te
923 4585 989 4639 de
1022 4585 1116 4638 Dei
1157 4585 1418 4640 charitate
1442 4583 1722 4646 admoneo,
1751 4589 1806 4636 et

261 4677 594 4734 nobilitatem
619 4675 864 4746 imaginis
885 4675 1024 4728 illius
1047 4688 1229 4739 serva;
1252 4682 1307 4728 et
1326 4673 1478 4742 cujus
1493 4672 1594 4726 viri
1614 4687 1809 4741 sponsa

261 4788 381 4828 esse
413 4771 640 4840 cmpisti,
685 4785 894 4837 semper
940 4783 1252 4823 rememora.
1297 4765 1528 4836 lnclytus
1556 4776 1639 4822 est
1657 4768 1809 4821 valde

263 4873 318 4918 et
341 4864 600 4935 gloriosus
624 4874 847 4930 sponsus
877 4867 1017 4931 tuus,
1047 4859 1138 4928 qui
1171 4859 1331 4911 alium
1358 4866 1606 4912 ornatum
1657 4858 1709 4911 in
1759 4867 1810 4913 te

266 4972 372 5010 non
400 4955 590 5022 quaerit
615 4953 716 5007 nisi
749 4942 1070 5022 spiritalem;
1105 4964 1209 5002 non
1240 4957 1411 5003 tortas
1440 4949 1668 5004 crinium
1695 4949 1809 5002 alli-

265 5045 525 5116 gationes,
577 5044 668 5097 sed
719 5050 894 5097 rectas
941 5025 1150 5117 morum
1193 5040 1454 5093 bonorum
1498 5040 1812 5108 conligatio-l

266 5151 394 5200 nes;
424 5148 524 5189 nec
551 5132 986 5186 vestimentorum
1026 5144 1216 5184 vanum
1268 5127 1502 5182 exterius
1553 5129 1814 5193 nitorem,

268 5224 359 5279 sed
385 5219 683 5278 sanctitatis
704 5226 756 5274 et
777 5220 1101 5272 castimoniae
1134 5217 1359 5271 nobilem
1392 5214 1613 5269 interius
1644 5215 1815 5283 splen-

269 5314 482 5375 dorem;
511 5324 638 5365 cave
671 5324 737 5363 ne
777 5307 973 5376 aliquid
1004 5309 1056 5360 in
1103 5316 1156 5362 te
1190 5308 1422 5364 inveniat
1465 5306 1605 5376 quod
1634 5306 1816 5360 oculos

272 5400 413 5454 illius
449 5398 712 5463 offendat;
743 5406 798 5452 et
827 5399 871 5452 si
901 5395 1096 5457 forsan,
1125 5403 1182 5448 ut
1209 5396 1341 5450 solet
1383 5396 1626 5449 humanm
1656 5393 1815 5464 fragi-

273 5489 436 5544 litatis
454 5489 688 5543 conditio
707 5488 916 5552 afferre,
938 5487 1165 5555 aliquam
1186 5485 1518 5553 negligentia:
1554 5487 1814 5540 maculam

272 5583 328 5640 in
355 5592 410 5639 te
431 5580 690 5650 malignus
716 5580 930 5647 spiritus
953 5579 1150 5648 inligat,
1191 5577 1346 5633 citius
1387 5578 1711 5643 pmnitentiae
1743 5580 1815 5632 la-

346 5764 368 5789 ⁸
394 5749 543 5818 Apud
566 5747 790 5801 Frnlwn.
822 5746 1121 5818 t‘pist1229.

1735 4542 1883 4608 ἈΒ

1893 1993 2030 2048 mior
2050 1996 2240 2060 honor,
2264 2011 2422 2064 quam
2445 1995 2562 2064 ejus
2583 1996 2748 2068 Regis
2768 2012 2886 2052 esse
2907 2013 3153 2068 sponsam
3175 2000 3264 2069 qui
3285 2015 3442 2069 super

1891 2095 2078 2136 omnes
2107 2097 2259 2151 reges
2283 2091 2363 2138 est
2387 2101 2400 2136 ε
2432 2093 2486 2138 et
2532 2094 2733 2154 quanto
2763 2085 2853 2140 ille
2879 2086 3202 2142 sublimioris
3232 2095 3314 2142 est
3348 2102 3444 2157 po-

1893 2170 2069 2224 tentia:
2096 2171 2148 2223 in
2176 2171 2396 2235 virtute,
2421 2181 2572 2228 tanto
2602 2181 2657 2228 tu
2683 2173 2896 2242 majoris
2921 2184 3037 2230 esto
3073 2175 3354 2245 diligentia:
3391 2179 3444 2231 in

1892 2259 2203 2326 sanctitate;
2238 2261 2648 2316 sanctitas-vero
2681 2263 2734 2315 in
2764 2261 2986 2331 justitim
3025 2266 3273 2332 operibus
3315 2282 3444 2322 con-

1894 2359 2018 2416 stat,
2037 2349 2245 2433 justitia
2269 2368 2395 2407 vero
2419 2352 2622 2408 duobus
2643 2353 2814 2409 modis
2841 2353 3104 2423 impletur,
3133 2355 3233 2409 hoc
3257 2364 3357 2419 est,
3388 2365 3446 2408 ut

1893 2455 2011 2508 quae
2027 2441 2293 2510 prohibita
2317 2450 2440 2498 sunt
2463 2458 2495 2498 a
2520 2444 2649 2508 Deo,
2670 2459 2777 2499 non
2801 2442 3077 2509 faciamus,
3098 2452 3154 2499 et
3169 2456 3286 2514 qua:
3298 2442 3447 2512 jussu

1894 2538 2018 2584 sunt
2046 2532 2114 2587 ab
2145 2546 2242 2597 eo,
2266 2531 2556 2604 faciamus,
2594 2532 2748 2602 juxta
2791 2533 3115 2604 Prophetam
3147 2552 3160 2588 :
3191 2534 3388 2588 Diverte
3417 2551 3450 2587 a

1894 2618 2032 2674 malo
2077 2629 2123 2674 et
2161 2620 2247 2691 fac
2267 2620 2455 2675 bonum
2499 2621 2726 2694 (Psalm.
2766 2639 2974 2690 χχχιιι,
3003 2623 3111 2696 15).
3149 2623 3225 2678 De
3259 2625 3453 2694 quibus

1894 2709 2176 2777 sapientize
2202 2711 2507 2765 vestrae'me
2533 2711 2769 2767 scribere
2792 2727 3175 2782 supervacuum
3203 2714 3410 2768 testimo
3433 2754 3448 2776 ,

1895 2799 2017 2866 quia
2047 2798 2100 2852 in
2128 2799 2375 2868 utrisque
2396 2800 2463 2854 ab
2488 2801 2704 2870 Optimis
2729 2815 2793 2854 ac
2815 2799 3161 2855 nobilissimis
3184 2801 3454 2869 magistris

1896 2901 1926 2939 a
1953 2886 2126 2956 prima
2166 2890 2323 2941 {etate
2351 2887 2706 2942 abundantius
2748 2889 2948 2943 imbuta
2974 2904 3066 2953 es,
3095 2897 3148 2941 et
3185 2889 3453 2942 excellens

1895 2977 2242 3048 naturaleque
2284 2977 2447 3032 animi
2487 2978 2564 3031 tui
2605 2979 2871 3048 ingenium
2921 2987 2972 3032 te
3015 2978 3210 3048 ubique
3263 2978 3447 3043 docet;

1898 3067 2114 3136 insuper
2135 3067 2308 3122 omnis
2335 3075 2636 3128 sanctorum
2665 3067 2921 3122 librorum
2953 3067 3122 3122 series
3149 3068 3251 3122 hoc
3278 3070 3449 3122 maxi-

1901 3170 1986 3211 me
2011 3157 2230 3212 auribus
2256 3156 2360 3211 tuis
2387 3155 2615 3222 indicat,
2645 3157 2836 3210 iterum
2865 3156 3165 3226 iterumque
3194 3156 3446 3227 replicat,

1902 3249 2028 3316 quid
2058 3250 2127 3302 sit
2153 3251 2298 3303 omni
2329 3238 2529 3329 homini
2567 3252 2860 3306 cavendum
2893 3251 2974 3304 vel
3019 3252 3361 3329 sequendum,
3402 3252 3456 3307 in

1900 3350 2123 3404 quorum
2141 3337 2364 3391 lectione
2380 3326 2430 3391 ιε
2442 3339 2609 3407 ipsam
2626 3341 3102 3410 exerce,'quoniam
3117 3355 3214 3410 per
3233 3326 3456 3396 illostibi

1900 3425 2136 3494 loquitur
2165 3426 2275 3494 ipse
2303 3426 2524 3480 Deus‘et
2552 3426 2806 3482 Dominus
2836 3436 3033 3492 noster,
3061 3437 3116 3483 et
3139 3429 3242 3498 pia:
3273 3430 3456 3488 volun-

1902 3514 2025 3568 tatis
2053 3514 2146 3569 tibi
2184 3514 2513 3568 demonstrat
2524 3511 2806 3568 effeetum.
2826 3513 3168 3584 Recognosce
3199 3524 3253 3569 et
3281 3517 3454 3588 cogita

1901 3605 2044 3673 quali
2066 3605 2266 3660 honore
2299 3606 2453 3661 nobis
2479 3593 2624 3679 illius
2647 3606 2840 3676 legatio
2861 3607 2931 3660 sit
2957 3606 3293 3660 aestimanda:
3322 3609 3450 3676 quid

1901 3695 1945 3766 si
1975 3709 2004 3750 a
2034 3709 2159 3764 rege
2182 3695 2376 3762 legatio
2409 3703 2467 3750 et
2489 3693 2755 3772 indiCulus
2779 3696 2846 3751 ad
2889 3704 2944 3752 te
2981 3697 3185 3761 veniet,
3217 3699 3469 3766 nunquid.

1901 3800 2006 3839 non
2034 3799 2157 3839 mox
2179 3784 2299 3839 aliis
2326 3785 2470 3839 curis
2492 3788 2804 3856 postpositis
2823 3796 3066 3857 prompta
3090 3795 3285 3843 etcum
3309 3791 3454 3844 omni

1903 3875 2180 3930 devotione
2207 3875 2320 3944 ejus
2347 3875 2555 3930 litteras
2582 3875 2778 3946 accipis
2803 3883 2856 3928 et
2880 3875 3104 3945 legis,et
3126 3877 3344 3946 implere
3373 3895 3458 3932 sa-

1905 3967 2085 4036 tages?
2107 3966 2244 4021 Ecce
2268 3951 2333 4020 de
2359 3965 2495 4021 coelo
2521 3979 2615 4019 rex
2637 3979 2842 4035 regum,
2870 3964 2977 4020 imo
2997 3971 3052 4019 et
3075 3964 3313 4033 Sponsus
3333 3975 3458 4022 tuus

1904 4075 2000 4128 per
2017 4059 2322 4128 prophetas,
2349 4056 2639 4128 apostolos,
2658 4056 2903 4111 doctores
2927 4053 3079 4127 [Ms.,
3099 4055 3456 4125 apostolorum

1905 4149 2172 4221 doctores]
2197 4150 2313 4215 tibi,
2342 4165 2374 4204 ο
2399 4150 2569 4219 virgo,
2597 4148 2844 4219 dignatus
2875 4155 2957 4204 est
2981 4147 3209 4218 dirigere
3253 4146 3462 4203 litteras

1905 4251 2045 4299 suas,
2074 4252 2176 4290 non
2203 4246 2262 4291 ut
2296 4236 2509 4306 aliquod
2535 4236 2814 4292 servitium
2837 4237 2939 4291 sibi
2963 4237 3323 4297 necessarium
3360 4237 3456 4292 de-

1906 4327 2242 4392 mandasset,
2291 4327 2384 4382 sed
2437 4341 2557 4396 qua:
2602 4326 2672 4401 ad
2714 4325 2938 4381 salutem
2989 4333 3044 4380 et
3095 4325 3313 4396 gloriam
3363 4327 3458 4381 tibi

1904 4417 2204 4472 necessaria
2234 4417 2438 4470 sciebat
2462 4429 2602 4480 esse,
2630 4415 2967 4470 innotuisset.
2992 4415 3190 4472 Harum
3223 4423 3275 4469 te
3318 4415 3460 4471 litte-

1906 4519 2087 4558 rarum
2116 4503 2297 4558 sedula
2324 4503 2529 4558 reﬁciat
2573 4503 2732 4560 lectio
2751 4543 2767 4568 ,
2793 4504 2918 4572 quia
2946 4503 3000 4557 in
3027 4503 3130 4557 illis
3157 4505 3462 4570 agnoscitur

1908 4594 2066 4659 Deus,
2093 4593 2145 4646 in
2168 4592 2272 4647 illis
2297 4592 2422 4646 vita:
2448 4601 2661 4646 aeterna:
2699 4593 2865 4663 gloria
2893 4591 3256 4655 adnuntiatur,
3278 4593 3329 4644 in
3357 4592 3460 4649 illis

1906 4685 2030 4755 quid
2062 4684 2296 4748 credere,
2326 4683 2452 4752 quid
2473 4695 2709 4751 sperare,
2736 4682 2862 4751 quid
2890 4694 3090 4745 amare,
3117 4680 3196 4735 vel
3223 4680 3348 4750 quid
3380 4681 3458 4734 fu-

1907 4789 2032 4844 gere
2057 4773 2366 4836 debeamus,
2395 4770 2710 4826 ostenditur.

1977 4863 2099 4917 Haec
2125 4862 2335 4932 scripsi,
2357 4878 2460 4918 non
2487 4862 2818 4933 ignorantem
2843 4861 3133 4923 instruens,
3158 4860 3248 4914 sed
3278 4861 3453 4915 chart-

1909 4954 2036 5008 tatis
2081 4953 2316 5008 ofﬁcium
2360 4953 2584 5020 implens
2608 4992 2622 5016 ,
2668 4952 2897 5005 maxime
2929 4967 3120 5022 rogans
3147 4958 3204 5002 ut
3238 4950 3461 5020 teipsam

1909 5025 2304 5098 immaculatum
2337 5044 2391 5096 in
2442 5042 2580 5096 diem
2625 5040 2832 5094 Domini
2881 5042 3047 5095 nostri
3092 5039 3215 5094 Jesu
3263 5038 3458 5098 Christi

1910 5151 2120 5200 serves;
2147 5143 2201 5188 et
2226 5133 2358 5188 alios
2383 5140 2490 5187 tota
2519 5132 2829 5195 intentione,
2854 5131 3070 5186 monitis
3091 5144 3181 5183 seu
3203 5129 3464 5197 exemplis

1911 5227 2063 5281 trahe
2092 5235 2299 5283 tecum.
2325 5231 2380 5278 et
2419 5237 2576 5277 curre
2619 5221 2801 5276 multis
2844 5221 3093 5276 comitata
3134 5226 3252 5286 post
3279 5217 3457 5279 illum,

1910 5315 2078 5369 donec
2105 5313 2407 5368 introducat
2429 5326 2523 5365 vos
2548 5310 2603 5365 in
2629 5311 2841 5365 domum
2874 5308 3050 5364 Patris
3075 5347 3089 5371 ,
3116 5314 3169 5358 et
3211 5305 3261 5358 in
3287 5305 3462 5360 cubile

1915 5403 2187 5474 genitricis
2213 5417 2321 5456 sua:
2346 5399 2517 5470 (Cant.
2545 5415 2636 5464 ιιι,
2663 5399 2741 5470 4),
2770 5408 2827 5453 ιιι
2863 5399 3032 5453 edatis
3060 5406 3113 5451 et
3139 5395 3334 5450 bibatis
3373 5412 3461 5452 su-

1915 5506 2008 5558 per
2034 5506 2267 5546 mensam
2293 5487 2407 5555 ejus
2427 5488 2480 5541 in
2501 5503 2663 5558 regno
2683 5505 2779 5543 suo
2800 5487 2946 5558 (an.
2978 5503 3108 5547 χιιι,
3132 5483 3240 5554 50),
3268 5483 3358 5537 ubi
3378 5494 3464 5541 est

1916 5578 2064 5631 ribus
2092 5578 2205 5632 sine
2234 5575 2465 5639 fastidio,
2510 5566 2744 5644 ct‘potus
2785 5577 2901 5630 sine
2948 5575 3056 5636 siti,
3109 5581 3160 5626 et
3196 5573 3304 5628 vita
3345 5576 3465 5632 sine

348 5820 372 5860 ι’
403 5805 576 5875 (ζ’ἑδιακ
610 5818 809 5883 Sorori,
835 5805 900 5868 an
932 5815 1049 5869 filia:
1091 5815 1266 5869 (laroli
1311 5813 1500 5883 Magni,
1551 5827 1615 5865 an
1664 5812 1810 5868 alteri
1854 5814 2057 5868 cuitlam
2088 5810 2274 5880 virgini
2306 5826 2505 5878 magna:
2539 5808 2825 5862 nobilitatis
2849 5805 3128 5862 incertum.
