4428 6420
170 519 271 576 Si?

172 631 373 689 nomini
400 628 594 690 dicmi,
624 636 681 678 ut
707 625 936 681 haberes
962 623 1101 678 unde
1141 630 1289 675 tuam
1318 634 1502 689 posses
1532 632 1729 672 memo-
1756 615 1804 673 Α
1835 614 2098 685 ruptibilis
2118 624 2282 679 esset,
2309 614 2558 671 utebatur
2595 616 2748 686 [.ifs..
2793 617 3082 688 utcrctur]:

172 722 310 777 riam
335 730 603 779 recrearr,
627 730 744 785 qua:
764 728 903 783 stupe
925 712 1100 783 perdit
1141 710 1281 781 quod
1309 724 1525 763 servare
1552 708 1729 769 debet,

172 810 277 867 nisi
301 810 357 863 in
379 809 631 862 thesauro
649 804 949 858 litterarum
979 800 1310 855 reconditum
1336 806 1535 859 teneat,
1565 796 1731 849 maxi-

172 914 260 954 me
296 898 481 963 nobis,
518 896 610 966 qui
638 893 816 949 szeculi
864 889 1299 959 occupationibus
1338 884 1691 942 distrahimur
1716 924 1729 946 ,

169 995 229 1041 et
264 984 492 1042 diversis
533 983 785 1039 iu‘nerum
823 980 1079 1036 molestiis
1126 977 1430 1048 fatigamur.
1480 974 1547 1027 Et
1590 972 1730 1042 quod

176 1073 328 1147 [Hs.,
359 1072 507 1145 quia]
543 1071 779 1143 pondera
820 1070 1076 1125 librorum
1105 1066 1377 1122 nobiscum
1406 1063 1605 1134 portari
1634 1078 1729 1117 ne-

172 1173 397 1234 queunt,
428 1162 546 1217 ideo
574 1161 851 1230 aliquoties
881 1157 1129 1213 brevitati
1173 1153 1491 1210 studendum
1529 1161 1643 1217 est,
1675 1159 1732 1204 ut

172 1256 248 1310 sit
268 1253 372 1308 levi
398 1251 635 1324 pondere
652 1249 885 1319 pretiosa
911 1246 1184 1317 sapientiae
1208 1242 1517 1312 margarita,
1545 1248 1601 1293 ct
1632 1240 1728 1292 ha-

171 1342 299 1397 beat
321 1341 494 1396 fessus
515 1356 582 1395 ex
608 1339 799 1394 itinere
822 1338 994 1390 viator
1027 1349 1133 1405 quo
1170 1348 1229 1388 se
1261 1338 1486 1395 recreet,
1517 1329 1640 1383 licet
1664 1343 1730 1381 ex

170 1434 407 1503 pondere
430 1431 692 1502 portantis
719 1443 909 1483 manus
947 1444 1052 1483 non
1090 1431 1359 1497 gravetur.
1398 1420 1535 1477 Sunt
1559 1420 1611 1473 in
1638 1433 1731 1473 eo-

170 1524 295 1578 dem
323 1522 457 1577 libro
475 1518 797 1575 difﬁcillima:
826 1517 1147 1588 qumstiones
1187 1514 1429 1585 plurimae
1449 1552 1465 1575 ,
1495 1525 1629 1580 quas
1666 1509 1733 1563 ad

167 1624 408 1682 przesens
430 1617 647 1680 tangere
673 1622 779 1661 non
806 1606 977 1670 libuit,
1001 1605 1083 1660 vel
1115 1604 1277 1658 etiam
1306 1617 1414 1656 non
1441 1600 1621 1663 licuit;
1650 1598 1733 1653 vel

165 1699 313 1770 quod
333 1700 401 1753 de
427 1696 530 1752 illis
557 1712 643 1751 me
661 1711 767 1751 non
794 1694 1153 1764 interrogasti.
1184 1690 1276 1747 lla:
1304 1691 1466 1746 etiam
1502 1688 1733 1743 maxime

165 1787 438 1844 historica:
462 1793 587 1842 sunt
614 1792 671 1839 et
687 1783 913 1854 simplici
941 1782 1285 1853 reSponsione
1306 1788 1604 1836 contente:
1635 1777 1734 1831 illa:

168 1890 299 1932 vero
323 1874 544 1947 majoris
575 1873 949 1944 inquisitionis,
974 1872 1332 1942 longiorisque
1360 1878 1618 1924 tractatus
1647 1871 1730 1924 in-

165 1968 352 2037 digent
377 1964 532 2037 [Cod.
564 1982 690 2029 ιιιεη
716 1973 771 2019 et
792 1964 1081 2034 longiorem
1120 1962 1323 2017 habere
1351 1962 1588 2032 indigent
1616 1970 1728 2015 tra-

165 2054 416 2127 ctatum].
437 2054 533 2110 llis
552 2061 777 2119 tantum,
803 2053 1143 2109 dilectissime
1169 2051 1354 2117 frater,
1374 2062 1490 2106 esto
1515 2061 1734 2105 conten-

169 2156 293 2200 tus:
333 2155 389 2214 et
432 2144 609 2215 siquid
646 2144 702 2198 in
738 2144 817 2199 eis
854 2158 1135 2214 perperam
1173 2142 1431 2208 dixerim,
1475 2152 1530 2196 tu
1565 2141 1735 2197 frater

168 2234 336 2306 [Ms.,
382 2233 616 2289 fraterno
643 2233 802 2306 stylo]
830 2248 927 2288 nos
956 2234 1227 2303 corrigere
1264 2234 1517 2299 studeas;
1559 2233 1734 2302 siquid

169 2338 297 2379 vero
316 2323 471 2387 bene,
497 2338 605 2378 non
631 2323 784 2389 mihi,
817 2323 910 2379 sed
946 2322 1180 2393 largitori
1222 2323 1422 2392 gratias
1465 2338 1603 2393 age;
1641 2324 1732 2391 qui

165 2423 223 2467 et
251 2422 304 2468 te
326 2411 610 2483 prolicere,
637 2420 693 2468 et
717 2428 804 2468 me
830 2412 925 2467 tibi
969 2412 1218 2467 sufficere
1242 2426 1308 2465 ex
1331 2410 1485 2466 donis
1515 2414 1627 2465 suis
1650 2411 1733 2465 fa-
1758 2418 1761 2421 ‘

166 2501 299 2567 ciat,
315 2500 430 2555 sine
452 2516 557 2571 quo
576 2500 707 2557 nihil
728 2515 1033 2572 possumus,
1054 2502 1108 2555 in
1134 2516 1241 2572 quo
1260 2503 1435 2556 omnia
1461 2503 1731 2573 possibilia

168 2598 298 2645 sunt
320 2592 597 2657 credenti;
629 2593 719 2661 qui
748 2593 1005 2648 creditam
1045 2608 1155 2646 suae
1184 2594 1333 2647 nobis
1358 2592 1595 2661 pecunia:
1629 2590 1732 2644 lar-

168 2678 446 2748 gitionem,
476 2683 531 2735 in
552 2680 761 2736 laudem
792 2696 888 2736 nos
912 2689 967 2735 et
987 2680 1211 2751 gloriam
1238 2682 1321 2735 sui
1343 2681 1571 2735 nominis
1600 2679 1731 2734 mul-

170 2766 415 2837 tiplicare
442 2768 625 2823 faciat.
850 2773 854 2777 ’

240 2856 588 2929 Interrogatio
624 2861 674 2917 Ι.
700 2859 975 2927 Quomodo
1012 2864 1260 2917 convenit
1289 2863 1430 2932 quod
1458 2863 1508 2916 in
1535 2862 1729 2918 Genesi

169 2948 401 3017 legitur:
432 2947 691 3015 Requierit
718 2949 857 3004 Deus
894 2951 977 3005 die
1004 2953 1218 3021 septimo
1252 2953 1315 3005 ab
1345 2953 1578 3006 omnibus
1614 2969 1730 3022 ape-

168 3036 315 3089 ribus
337 3037 445 3090 suis
475 3036 626 3108 (Gen.
657 3055 720 3104 ιι,
760 3039 839 3112 2),
868 3049 924 3095 et
949 3042 1001 3095 in
1041 3041 1324 3112 Evangelia
1349 3061 1360 3071 '
1382 3042 1564 3118 .mter
1588 3060 1731 3097 meus

169 3142 332 3196 usque
356 3126 510 3179 modo
534 3138 776 3197 aperatur
800 3140 848 3183 et
874 3147 966 3200 ego
993 3146 1175 3201 operor
1205 3133 1381 3203 (Joan.
1416 3149 1447 3185 v
1464 3172 1479 3197 ,
1515 3134 1596 3207 Π)
1620 3135 1643 3187 '2
1664 3164 1731 3174 --

780 510 1185 569 EXEGETICA.
1228 539 1291 552 ——
1329 505 1695 564 INTERROG.
1738 504 1823 559 l‘ZT
1863 504 2192 561 RESl’ONS.
2235 505 2300 559 ΙΧ
2338 506 2578 561 CENES.
2619 508 2767 561 l‘ITtZ.

3294 513 3400 564 5M

3132 618 3271 689 ligno
3302 636 3392 673 at?-

1837 714 1942 757 tcm
1972 704 2211 758 scienter
2236 704 2359 758 boni
2384 715 2441 759 et
2464 705 2613 769 mali,
2642 706 2793 773 quasi
2834 716 2889 761 ut
2924 722 3157 769 veno-uo.
3201 717 3257 761 ut
3284 724 3400 765 nlo-

1835 805 2062 849 reretur.

1904 886 2068 940 Inter.
2095 888 2144 942 7.
2169 887 2347 956 Quare
2376 888 2545 944 Adam
2571 892 2750 945 mundi
2786 892 3031 946 dominus
3052 890 3220 967 legent
3251 909 3402 950 accc~

1832 978 1951 1046 pit?
1979 1008 2046 1017 -—
2078 978 2233 1049 Resp.
2270 981 2337 1035 Ut
2356 996 2458 1034 non
2487 989 2634 1034 tanto
2662 979 3008 1034 exlullcrrlur
3029 982 3285 1046 dominio.
3306 987 3401 1037 βίοιί

1836 1066 1887 1118 in
1922 1055 2294 1123 obschatione
2318 1070 2556 1122 mandati
2582 1069 2741 1122 sciret
2762 1085 2819 1123 se
2840 1070 3137 1139 subjectum
3160 1072 3398 1125 Ct't‘ulmi

1837 1156 1987 1229 [.lls.,
2018 1144 2315 1230 Conditori]
2341 1175 2458 1213 suo.

1905 1245 2070 1299 Inter.
2101 1249 2153 1301 8.
2184 1247 2320 1314 Quid
2348 1256 2450 1311 cst,
2482 1249 2623 1316 quod
2664 1249 2801 1303 Dens
2840 1250 3103 1317 inspirat-it
3130 1252 3181 1301 in
3209 1249 3395 1318 [aciem

1835 1334 1963 1390 Atla:
1983 1337 2298 1406 spiraculum
2326 1341 2442 1392 rita'
2466 1338 2614 1410 (Gen.
2651 1356 2711 1401 ιι,
2740 1339 2917 1409 7)?—
2942 1340 3095 1409 Resp.
3122 1342 3401 1410 lnspiratio

1838 1428 1931 1482 Dei
1974 1426 2074 1500 [in]
2105 1427 2296 1483 faciem
2336 1430 2566 1484 hominis
2593 1430 2809 1483 traditio
2835 1428 2987 1499 [.lls..
3026 1432 3281 1502 conditio]
3320 1443 3396 1486 t‘sl

1839 1521 2030 1574 anima:
2049 1504 2356 1575 rationalis.
2484 1580 2487 1583 _
3006 1528 3011 1535 '

1905 1611 2071 1682 306
2107 1610 2271 1664 Inter.
2312 1610 2366 1666 9.
2405 1610 2516 1664 Cur
2544 1610 2702 1664 homo
2737 1619 2892 1664 sexto
2919 1611 3005 1665 die
3033 1620 3247 1663 creatus
3282 1620 3399 1674 est,

1837 1716 1960 1755 eum
1987 1709 2203 1771 propter
2229 1700 2484 1754 rationem
2523 1699 2749 1753 nobilior
2786 1699 2997 1754 cartcris
3019 1708 3162 1753 esset
3185 1707 3401 1754 creatu-

1842 1792 1935 1854 ris,
1958 1806 2077 1859 qute
2106 1799 2230 1843 ante
2254 1789 2445 1861 [Edit.,
2475 1787 2555 1859 se]
2580 1788 2693 1858 [sex
2724 1787 2933 1859 diebus]
2964 1787 3116 1841 facta:
3139 1787 3306 1842 sunt?
3329 1819 3397 1827 -—-

1842 1882 1993 1952 Resp.
2016 1882 2085 1937 Ut
2102 1882 2567 1951 primmnCrcator
2585 1880 2839 1934 tnundum
2864 1879 3016 1947 quasi
3044 1880 3255 1958 domum
3272 1894 3402 1948 prm-

1835 1978 2069 2039 pararet,
2115 1978 2171 2023 et
2215 1978 2338 2038 post
2366 1967 2731 2022 introduceret
2776 1966 3151 2031 habitatorem,
3202 1967 3253 2022 id
3293 1977 3394 2023 cst.

1830 2061 2103 2116 dominum
2124 2060 2333 2114 domus.

1904 2148 2065 2203 Inter.
2098 2147 2181 2201 10.
2213 2146 2390 2214 Quare
2418 2146 2641 2202 Creator
2679 2149 2730 2201 iu
2777 2148 2903 2201 Adze
2943 2146 3157 2218 [delicto
3198 2146 3395 2217 (fidit,

1832 2238 2180 2309 maledicto)]
2214 2238 2676 2292 terrtemaledixit
2703 2247 2757 2291 et
2783 2254 2887 2291 non
2931 2238 3084 2305 aquis
3115 2238 3264 2305 (lien.
3298 2251 3396 2301 ιιι,

1834 2329 2055 2398 l7)?—-
2082 2327 2236 2396 Resp.
2275 2327 2409 2392 Quia
2455 2328 2520 2381 de
2560 2337 2716 2381 terrm
2746 2326 2920 2379 fructu
2963 2326 3111 2395 [.lls.,
3143 2325 3210 2378 de
3254 2334 3396 2379 terra

1832 2415 2085 2488 fructum]
2115 2424 2301 2470 contra
2330 2416 2670 2471 interdictum
2710 2415 3045 2469 Inamlucavit
3077 2415 3253 2476 homo,
3289 2432 3393 2467 non

1830 2507 1897 2560 de
1942 2505 2095 2576 aquis
2140 2505 2305 2566 bibit;
2340 2514 2395 2559 et
2430 2506 2572 2574 quod
2610 2504 2737 2575 [.lIs.
2763 2545 2777 2568 ,
2820 2504 2966 2573 quia]
2998 2505 3397 2573 pmalcstinavit

1833 2594 1971 2649 Deus
1996 2595 2048 2646 in
2070 2593 2222 2661 aquis
2243 2592 2456 2647 abluere
2474 2602 2771 2665 peccatum,
2792 2594 2933 2663 quod
2954 2594 3019 2645 dc
3040 2592 3212 2646 fructu
3238 2602 3394 2647 terrae

1832 2684 2102 2735 contraxit
2122 2682 2301 2735 homo.

1900 2769 2063 2822 Inter.
2095 2770 2178 2821 ll.
2210 2770 2385 2836 Quare
2422 2771 2696 2824 terrestria
2737 2772 2987 2825 animalia
3026 2771 3143 2841 plus
3173 2770 3393 2825 maledi-

1830 2860 2023 2913 ctionis
2058 2859 2257 2913 habent
2291 2876 2450 2928 quam
2488 2860 2785 2931 aquatilia?
2811 2893 2878 2900 —
2913 2859 3065 2930 Resp.
3098 2860 3236 2937 Quia
3277 2860 3396 2929 plus

1830 2952 1894 3003 de
1921 2950 2204 3003 maledicta
2250 2958 2391 3003 terra
2434 2951 2617 3004 vivunt
2643 2968 2803 3021 quam
2854 2951 3144 3020 aquatilia;
3185 2958 3239 3027 et
3277 2949 3393 3002 ideo

1830 3037 2076 3091 Christus
2123 3047 2244 3107 post
2285 3040 2735 3093 resurrectionem
2782 3040 2847 3092 de
2892 3041 3036 3109 pisce
3074 3038 3396 3092 manducare

1829 3109 2009 3187 voluit,
2030 3140 2133 3179 non
2159 3127 2223 3181 de
2247 3126 2425 3196 aliquo
2447 3127 2659 3181 animali
2678 3126 2923 3190 terrestri
2946 3127 3097 3196 (an.
3121 3141 3265 3189 xxrv,
3281 3125 3391 3194 45).

171 3217 476 3288 Responsio.
506 3218 785 3288 Requievit
805 3236 836 3275 a
857 3237 1114 3276 novarum
1134 3225 1436 3279 conditione
1459 3238 1483 3264 ιι
1504 3234 1561 3280 ει
1580 3242 1730 3281 (ει-ρει-
1758 3261 1804 3323 c
1903 3214 2067 3269 Inter.
2097 3215 2182 3269 1‘2.
2228 3216 2405 3281 Quare
2446 3215 2560 3285 ipse
2591 3216 2816 3269 Creator
2844 3216 3075 3270 hominis
3119 3224 3393 3285 peceatum

172 3307 318 3363 tione
344 3315 734 3374 creaturarum,
758 3324 863 3363 non
892 3325 924 3364 a
953 3310 1287 3365 conditarum
1322 3314 1725 3382 gubernatione.

168 3398 240 3452 Et
262 3397 386 3452 ideo
413 3396 557 3452 Deus
581 3398 752 3472 [tunc]
782 3409 997 3456 creator
1019 3402 1072 3456 in
1097 3417 1190 3457 sex
1217 3402 1424 3458 dierum
1456 3405 1731 3459 creatione

170 3488 438 3555 putandus
464 3495 567 3553 est,
598 3503 739 3544 nunc
760 3504 890 3546 vero
916 3490 1241 3565 gubernator
1276 3492 1330 3546 in
1362 3482 1521 3549 totius
1548 3495 1730 3549 mundi

170 3578 440 3633 creaturis
461 3576 614 3650 [Ils.,
638 3570 893 3653 naturis].

240 3664 409 3719 Inter.
439 3667 493 3721 2.
523 3667 663 3734 Quot
687 3678 965 3749 creaturas
1000 3672 1286 3728 rationales
1310 3672 1461 3745 [Hs.,
1491 3660 1751 3729 rationa—l

169 3753 329 3825 biles]
355 3756 597 3811 condidit
615 3758 756 3812 Deus
774 3760 877 3813 ?—
914 3759 1083 3833 Resp.
1100 3762 1263 3818 Duas.
1290 3762 1521 3833 Angelos
1550 3774 1605 3819 et
1629 3767 1729 3821 ho-

170 3847 382 3903 mines:
423 3855 479 3925 et
520 3847 713 3905 caelum
752 3846 979 3921 angelis.
1001 3860 1057 3907 et
1076 3861 1276 3908 terram
1301 3854 1604 3909 hominibus
1629 3855 1729 3909 ha-

171 3934 510 3991 bitationem.
860 3982 864 3989 .

242 4024 407 4080 Inter.
441 4027 495 4082 5.
538 4026 715 4095 Quare
757 4030 1054 4101 angelicum
1100 4041 1381 4103 peccatum
1424 4018 1635 4090 silentio
1677 4036 1729 4090 in

171 4114 369 4169 Genesi
395 4114 764 4172 absconditum
790 4127 882 4188 est
920 4129 976 4175 et
1007 4123 1235 4178 hominis
1261 4122 1628 4193 patefactum?
1660 4157 1731 4166 —

178 4202 336 4272 Resp.
366 4202 501 4268 Quia
533 4203 829 4274 angelicum
862 4206 1054 4262 vulnus
1079 4208 1219 4263 Deus
1253 4226 1360 4264 non
1387 4214 1731 4280 praedestina-

176 4293 255 4346 vit
273 4307 482 4358 curare,
504 4293 735 4349 hominis
756 4310 882 4350 vero
905 4311 1098 4351 sanare
1123 4299 1538 4366 praedestinavit.

247 4380 414 4435 Inter.
452 4380 506 4435 4.
548 4380 659 4436 Cur
689 4385 879 4438 summi
912 4384 1082 4455 angeli
1122 4395 1398 4454 peccatum
1435 4388 1729 4445 insanabile

176 4475 310 4539 fuit,
358 4482 414 4529 et
459 4476 689 4531 hominis
720 4477 998 4532 sanabile?
1022 4509 1093 4517 —
1116 4478 1266 4548 Resp.
1299 4480 1478 4552 [Quia]
1514 4482 1730 4550 angelus

176 4565 259 4619 sui
297 4564 514 4620 sceleris
548 4567 793 4623 inventor
817 4570 938 4634 fuit,
962 4570 1123 4625 homo
1149 4587 1277 4626 vero
1302 4572 1521 4628 alterius
1542 4572 1728 4629 fraude

173 4656 427 4711 seductus
453 4655 615 4730 [fuit].
665 4657 831 4724 Item,
856 4667 1057 4729 quanto
1091 4662 1367 4717 sublimior
1412 4664 1631 4733 angelus
1671 4665 1724 4718 in

175 4746 368 4815 gloria,
392 4753 539 4800 tanto
568 4746 737 4816 major
765 4747 818 4801 in
843 4749 1028 4802 ruina:
1061 4750 1220 4805 homo
1239 4766 1366 4805 vero
1391 4761 1591 4820 quanto
1616 4751 1726 4807 fra-

175 4824 331 4907 gilior
352 4836 406 4890 in
434 4843 645 4904 natura,
673 4844 821 4893 tanto
840 4834 1048 4893 facilior
1070 4839 1136 4894 ad
1164 4839 1393 4893 veniam.

243 4943 412 5000 Inter.
437 4945 492 4999 5.
512 4946 621 5002 Cur
639 4947 934 5005 homosua:
958 4951 1236 5020 potestatis
1253 4960 1441 5008 auctor
1465 4962 1548 5008 est
1572 4969 1728 5009 crea-

178 5035 307 5089 tus?
329 5064 405 5077 —
432 5034 587 5106 Resp.
617 5036 689 5092 Ut
723 5037 821 5093 sibi
844 5038 957 5109 ipse
981 5050 1167 5097 auctor
1203 5050 1348 5097 esset
1378 5042 1533 5115 [sive]
1561 5044 1626 5098 ad
1647 5046 1727 5099 vi-

180 5132 309 5191 tam,
336 5126 448 5180 sive
469 5126 537 5180 ad
572 5134 817 5181 mortem.
854 5125 913 5181 Si
941 5143 1068 5182 vero
1103 5132 1422 5186 necessitate
1451 5130 1600 5203 [Hs.,
1632 5147 1729 5186 ne-

175 5215 440 5288 cessitati]
465 5224 610 5271 esset
628 5216 916 5286 subjectus,
940 5224 1069 5273 tunc
1088 5234 1187 5274 nec
1212 5220 1338 5275 boni
1367 5222 1546 5290 Operis
1567 5222 1731 5276 habe-

177 5313 263 5360 ret
292 5306 540 5375 gloriam,
566 5321 665 5363 nee
684 5308 807 5362 mali
827 5323 1074 5378 poenam:
1105 5310 1198 5365 sed
1237 5318 1381 5365 esset
1417 5311 1570 5379 quasi
1594 5325 1731 5365 unus

179 5392 309 5465 [Al.,
332 5395 521 5466 unum]
550 5412 614 5451 ex
640 5396 942 5465 pecoribus.

247 5484 412 5539 Inter.
438 5484 492 5538 6.
515 5484 623 5539 Cur
645 5486 832 5558 [enim]
857 5487 910 5540 in
938 5489 1188 5556 paradiso
1209 5490 1412 5560 lignum
1442 5491 1564 5546 vitm
1590 5500 1645 5546 et
1662 5491 1728 5546 li-

182 5590 341 5645 gnum
364 5561 602 5631 scientiae
620 5575 746 5631 boni
770 5584 825 5632 et
842 5575 967 5632 mali
986 5583 1228 5632 creatum
1250 5580 1374 5633 est?
1395 5608 1464 5621 --
1483 5580 1638 5653 Resp.
1664 5581 1733 5635 Ut

184 5682 275 5735 per
300 5664 426 5720 illud
450 5664 709 5735 potuisset
749 5666 910 5722 homo
938 5665 1251 5724 immortalis
1293 5682 1413 5723 esse
1432 5708 1447 5732 ,
1491 5685 1589 5737 per
1627 5671 1730 5725 hoc

183 5770 305 5810 vero
330 5753 601 5820 mortalis;
636 5753 777 5822 ligno
802 5755 925 5810 vitae
964 5756 1117 5825 quasi
1148 5754 1436 5816 medicina,
1468 5764 1528 5808 ut
1554 5756 1732 5812 incor-

250 5882 274 5909 ι
300 5869 473 5925 Verba
503 5876 549 5921 et
572 5869 826 5922 creatione
849 5869 1164 5923 omittuntur
1190 5868 1240 5922 in
1273 5866 1424 5921 codd.
1455 5881 1582 5921 mss.

1831 3324 1928 3377 per
1949 3307 2181 3376 seipsum
2209 3307 2424 3376 expiare
2464 3307 2651 3369 voluit,
2682 3314 2737 3359 et
2773 3320 2878 3359 non
2906 3322 3002 3376 per
3029 3306 3395 3376 angelum?—

1833 3396 1986 3465 Resp.
2017 3394 2149 3461 Quia
2190 3411 2294 3449 non
2337 3395 2637 3449 sufficiebat
2668 3396 2824 3450 unius
2849 3395 3017 3466 angeli
3051 3397 3296 3450 meritum
3327 3397 3395 3471 ad

1830 3485 2246 3554 redemptionem
2300 3485 2462 3537 totius
2502 3485 2717 3554 generis
2743 3486 2999 3550 humani;
3040 3500 3138 3540 nec
3189 3494 3392 3539 tantum

1831 3573 2049 3628 sceleris
2074 3572 2224 3645 [Ms.,
2240 3572 2436 3644 scelus]
2467 3573 2782 3641 incurrisset
2800 3573 3042 3628 diabolus
3067 3572 3120 3627 in
3147 3588 3279 3628 nece
3300 3590 3394 3629 an-

1830 3662 1950 3740 geli,
1981 3670 2235 3731 quantum
2271 3662 2493 3717 incurrit
2524 3663 2575 3716 in
2606 3677 2739 3717 nece
2763 3663 3051 3718 Creatoris.

1902 3736 2065 3807 Inter.
2098 3753 2182 3807 15.
2211 3752 2320 3806 Cur
2346 3752 2587 3807 diabolus
2613 3762 2720 3808 tam
2757 3752 2987 3809 infestus
3008 3762 3094 3809 est
3116 3736 3391 3810 hominum

1830 3843 2028 3899 saluti?
2051 3873 2118 3883 ——
2150 3841 2303 3913 Resp.
2333 3844 2558 3914 Propter
2583 3844 2763 3898 odium
2804 3846 2856 3899 in
2887 3844 3197 3900 Creatorem
3225 3854 3281 3900 et
3308 3847 3390 3901 in-

1828 3932 2027 3987 vidiam
2052 3933 2106 3987 in
2131 3933 2419 3998 hominem,
2444 3942 2497 3989 et
2522 3934 2946 4004 desperationem
2973 3950 3083 3989 sua:
3111 3935 3318 3991 salutis.

1901 4043 2063 4097 Inter.
2098 4043 2181 4097 M.
2213 4043 2390 4110 Quare
2432 4044 2574 4098 Deus
2609 4047 2662 4100 in
2707 4046 2968 4116 principio
3006 4048 3260 4119 [lmmano
3297 4066 3391 4117 ge-

1830 4133 1970 4207 neri]
1993 4134 2163 4205 legem
2188 4150 2291 4189 non
2321 4135 2467 4189 dedit
2489 4151 2649 4204 quam
2678 4145 2858 4205 postea
2901 4152 2997 4206 per
3036 4137 3246 4209 Moysen
3280 4148 3388 4193 tra-

1830 4225 1998 4277 didit?
2033 4254 2104 4264 —
2132 4224 2289 4293 Resp.
2328 4224 2463 4290 Quia
2510 4227 2561 4279 in
2610 4226 2910 4280 hominibus
2952 4228 3138 4295 primis
3177 4229 3263 4281 diu
3306 4229 3387 4282 lcx

1828 4311 1980 4365 bona:
2006 4321 2209 4365 natura:
2238 4312 2588 4378 servabatur';
2622 4321 2677 4366 at
2719 4314 2805 4371 ubi
2846 4314 3105 4367 naturalis
3145 4314 3224 4367 lex
3261 4332 3388 4368 (δισςι⁴

1830 4400 1961 4461 nuit,
1990 4399 2166 4453 oblata
2197 4400 2576 4454 consuetudine
2611 4403 2885 4469 peccandi,
2928 4404 3048 4455 data
3076 4412 3157 4456 cst
3196 4403 3274 4456 lex
3307 4404 3388 4456 lit~

1831 4498 1959 4543 tera:
1982 4504 2077 4559 per
2101 4490 2335 4559 Moysen,
2364 4498 2422 4543 ut
2458 4490 2595 4545 bona
2616 4506 2732 4559 quae
2757 4491 3063 4546 scicbantur
3091 4494 3383 4546 auctorita-

1756 4582 1810 4662 Β
1833 4588 1939 4634 tem
1969 4580 2253 4643 haberent,
2283 4589 2337 4633 et
2377 4595 2495 4648 qua:
2537 4580 2701 4632 latere
2737 4588 3042 4647 cmperant,
3074 4580 3384 4635 manifesta-

1829 4675 2051 4732 rentur;
2081 4677 2135 4720 et
2165 4674 2223 4719 nt
2244 4674 2418 4719 terror
2439 4665 2729 4735 disciplina:
2756 4668 3049 4736 corrigeret
3073 4668 3383 4739 delinquen—

1829 4765 1927 4819 tes,
1958 4764 2013 4810 et
2034 4755 2191 4811 fidem
2217 4755 2533 4811 reformaret
2558 4758 2612 4811 in
2643 4757 2829 4811 Deum.
3153 4815 3159 4820 _

1897 4845 2061 4901 Inter.
2087 4846 2174 4899 i5.
2207 4845 2276 4900 Ut
2296 4846 2420 4915 quid
2447 4845 2576 4900 Abel
2603 4846 2923 4900 sacrificium
2953 4850 3256 4916 susceptum
3278 4854 3380 4913 est,

1827 4945 1882 4991 et
1901 4936 2029 4993 Cain
2055 4934 2514 5005 refutatumlCen.
2539 4951 2610 4998 tv,
2642 4934 2735 5003 4)?
2762 4965 2831 4974 -—
2860 4933 3011 5004 Resp.
3048 4934 3227 5007 [Quia]
3253 4937 3383 4992 Abel

1829 5026 1938 5081 Deo
1961 5027 2159 5095 optima
2185 5034 2240 5079 et
2278 5025 2537 5080 naturalia
2573 5023 2849 5086 olfercbat,
2880 5023 3009 5077 Cain
3041 5039 3166 5077 vero
3196 5025 3381 5080 viliora

1827 5123 1883 5167 et
1913 5114 2144 5166 humana
2167 5112 2465 5166 inventione
2486 5112 2803 5181 excogitata,
2833 5119 2891 5163 ut
2912 5119 3145 5181 putatur.

1898 5219 2061 5273 Inter.
2093 5217 2176 5273 16.
2198 5218 2305 5273 Cur
2323 5218 2454 5273 Abel
2475 5219 2526 5271 in
2548 5218 2832 5288 Evangelia
2856 5219 3381 5289 singulariterjustus

1829 5312 2133 5365 nominatur
2177 5308 2389 5379 (Matth.
2432 5324 2564 5367 χχιιι
2586 5348 2601 5373 ,
2630 5308 2762 5379 35)?
2790 5322 2860 5349 -—'
2886 5307 3037 5376 Resp.
3069 5307 3249 5378 [Quia]
3280 5310 3379 5362 tria

1828 5402 2061 5456 maxima
2089 5399 2219 5471 [Αι.,
2242 5382 2757 5468 maxim2]ojustitia:
2786 5385 3049 5464 przeeouia
3083 5396 3134 5450 in
3163 5411 3228 5449 eo
3262 5412 3382 5450 esse

1828 5491 2439 5564 leguntur,virginitas,
2485 5489 2840 5543 sacerdotium
2887 5487 3023 5560 [et]
3067 5486 3381 5554 martyrium

1831 5584 1962 5655 μί..
1985 5581 2303 5652 virginitatis
2345 5581 2682 5635 sacerdotum
2711 5588 2766 5635 et
2800 5575 3142 5648 martyrum],
3169 5577 3222 5631 in
3257 5575 3381 5645 qul-

1829 5676 1929 5729 bus
1948 5673 2151 5743 primus
2172 5668 2369 5722 Christi
2396 5670 2618 5740 figuram
2639 5669 2820 5739 gessit,
2845 5667 2936 5737 qui
2971 5663 3071 5731 fuit
3097 5664 3268 5735 virgo,
3290 5677 3383 5720 sa-

1830 5764 2017 5817 cerdos
2043 5768 2092 5814 et
2128 5769 2347 5829 martyr.
2412 5821 2426 5838 ί
