4428 6436
798 530 900 586 illi)

1669 514 1727 569 ει.
1767 512 1828 569 ν.
1870 508 2092 567 sum
2129 507 2261 565 seu
2298 502 2569 561 suum:
2604 502 2885 563 oratum
2923 478 3100 559 rans
3132 498 3194 556 ιι.

3914 492 4018 549 820

873 664 1032 717 Inter.
1068 662 1147 715 Π.
1180 659 1357 728 Quare
1387 658 1566 713 Euocb
1605 664 1754 710 tanto
1775 665 2011 724 tempore
2046 648 2359 706 servabatur
2385 647 2433 708 Α
2459 647 2797 715 incomposita
2829 644 2990 715 (Ibid.
3014 659 3077 696 ea:
3103 656 3231 695 vers.
3263 635 3462 705 LXX)?
3499 665 3565 728 ῖ-
3600 632 3751 701 Resp.
3778 631 4023 728 invisibi-

716 730 719 743 έ
799 772 831 811 a
852 762 1023 811 morte
1048 750 1199 825 (Gen.
1229 767 1281 815 v,
1308 750 1399 821 25)
1421 749 1444 801 ?
1470 776 1535 786 —-
1558 746 1711 815 Resp.
1743 743 1814 799 Ut
1840 741 2213 797 ostenderetur
2234 735 2362 806 quid

798 861 985 904 omnes
1014 845 1257 900 homines
1282 842 1600 912 potuissent,
1624 838 1669 892 si
1697 851 1803 890 non
1833 841 2169 905 peccassent.

872 936 1037 992 Inter.
1071 934 1156 991 i8.
1190 934 1299 989 Cur
1328 930 1465 986 idem
1504 928 1689 983 Enoch
1723 926 2013 979 moriturus
2057 930 2141 976 est
2170 918 2361 990 (Apoc.

2467 736 2533 790 iis
2552 741 2768 803 propter
2792 732 3200 792 obscuritatem;
3234 722 3581 793 incomposita
3609 728 3826 791 propter
3848 717 4023 775 defor-

2468 827 2733 881 mitatem.

2538 912 2701 967 Inter.
2738 912 2825 967 3|.
2856 909 2993 976 Quid
3042 917 3125 963 est
3174 904 3315 977 quod
3359 904 3557 958 dicitur
3594 910 3611 953 ξ
3658 898 3801 953 Dixit
3849 896 4021 965 Deus,

804 990 891 1093 xi,
912 1026 1021 1099 5)?
1047 990 1125 1065 —r
1141 1023 1295 1092 Resp.
1323 1020 1394 1075 Ut
1411 1017 1645 1072 debitum
1670 1014 1843 1069 solvat
1867 1012 2115 1065 humanae
2141 1013 2365 1099 naturae.
2465 1006 2557 1074 ﬁat
2584 1003 2675 1057 lus:
2714 1000 2864 1073 (vers.
2895 1000 2985 1072 '5)?
3010 1029 3077 1039 ——
3103 998 3259 1068 Resp.
3288 997 3453 1060 Dixit,
3479 1008 3578 1064 pro
3606 991 3751 1057 fecit,
3798 990 4023 1061 scriptor

712 1108 715 1111 ’
804 1083 1023 1186 ρι’φιδᾶ
1044 1083 1285 1167 Christus
1308 1107 1475 1163 voluit
1494 1104 1645 1177 μὴ,
1669 1099 1881 1171 noluit],
1904 1093 2083 1152 nullus
2099 1094 2288 1165 possit,
2316 1090 2371 1147 id
2466 1096 2663 1167 posuit,
2680 1101 2737 1147 ut
2761 1092 3089 1148 celeritatem
3110 1089 3193 1145 vel
3218 1088 3528 1143 facilitatem
3548 1084 3724 1156 operis
3738 1083 3829 1138 Dei
3853 1090 4024 1137 esten.

807 1214 911 1270 est,
938 1221 1043 1261 non
1072 1202 1229 1258 mori.

879 1296 1043 1350 Inter.
1070 1294 1153 1348 19.
1178 1292 1319 1357 Quot
1342 1287 1513 1342 modis
1532 1292 1614 1340 est
1632 1282 1874 1354 operatio
1895 1277 2106 1333 divina?
2127 1306 2195 1316 -—
2218 1273 2370 1341 Resp.

808 1388 1067 1457 Quatuor.
1094 1383 1275 1437 Primo
1296 1422 1310 1445 ,
1346 1378 1489 1449 quod
1529 1377 1583 1431 in
1624 1374 1772 1428 verbi
1804 1368 1945 1443 [Dei]
1980 1366 2376 1457 dispensatione

809 1452 991 1532 omnia
1011 1477 1374 1542 :eternasunt.
1391 1465 1658 1526 Secundo,
1677 1461 1817 1531 quod
1839 1460 1894 1513 in
1915 1455 2140 1513 materia
2162 1452 2376 1509 infami

810 1567 901 1639 qui
945 1564 1060 1618 vivit
1102 1562 1157 1615 in
1202 1568 1451 1613 arternunt
1478 1593 1493 1619 ,
1544 1552 1730 1607 creavit
1773 1550 1948 1603 omnia
1992 1545 2147 1600 simul
2190 1542 2375 1617 (Eccl.

812 1636 966 1719 xvm,
1001 1653 1073 1723 i).
1100 1649 1303 1712 Tertio,
1336 1645 1479 1716 quod
1519 1658 1615 1714 per
1649 1656 1812 1712 opera
1840 1640 2047 1694 dierum
2086 1650 2179 1690 sex
2203 1636 2381 1690 varias

814 1744 1058 1801 distinxit
1088 1746 1381 1795 creaturas.
1408 1735 1645 1801 Quarto,
1675 1731 1818 1801 quod
1846 1744 1912 1784 ex
1950 1726 2382 1799 primordialibus

816 1834 1108 1892 seminibus
1136 1845 1239 1884 non
1269 1825 1552 1896 incognitae
1579 1822 1827 1877 oriuntur
1861 1826 2085 1881 naturae,
2118 1817 2213 1870 sed
2242 1822 2383 1869 nota:

817 1927 1028 1997 saepius,
1059 1936 1123 1976 ne
1147 1925 1389 1991 pereant,
1414 1914 1791 1970 reformantur.
2118 1901 2126 1911 '

2471 1185 2640 1241 deret.

2542 1275 2706 1331 Inter.
2742 1274 2829 1330 32.
2872 1274 3009 1341 Quid
3053 1281 3135 1328 est
3166 1292 3178 1326 :
3212 1270 3496 1343 Appellavit
3526 1269 3663 1323 Deus
3693 1266 3857 1321 lucem
3894 1266 4025 1319 diem

2475 1365 2628 1437 (vers.
2659 1364 2751 1436 5)?
2777 1395 2848 1404 ——
2876 1364 3032 1434 Resp.
3056 1363 3111 1417 id
3138 1370 3238 1428 est,
3264 1360 3514 1431 appellari
3534 1358 3680 1413 fecit.

2546 1454 2709 1509 Inter.
2738 1456 2824 1510 55.
2868 1454 3044 1521 Quare
3079 1454 3249 1524 prima
3281 1453 3366 1507 die
3390 1451 3479 1506 lux
3502 1458 3680 1504 creata
3710 1447 3931 1517 legitur?
3964 1472 4031 1487 -ο

2480 1546 2636 1616 Resp.
2663 1544 2918 1615 Congruit
2939 1545 3186 1614 operibus
3208 1542 3321 1605 Dei,
3339 1550 3397 1596 ut
3418 1540 3587 1610 prima
3608 1538 3695 1593 die
3710 1552 3741 1591 a
3767 1534 3917 1609 [Ms.,
3943 1532 4030 1607 de]

2479 1635 2599 1691 luce
2618 1642 2817 1690 aeterna
2834 1634 2921 1687 lux
2945 1632 3251 1702 temporalis
3268 1631 3441 1701 primo
3468 1627 3637 1692 ﬂeret,
3651 1635 3710 1682 ut
3732 1633 3873 1683 esset
3895 1625 4035 1679 unde

2480 1735 2673 1781 caetera
2704 1738 2822 1794 quae
2850 1731 3075 1787 crearet,
3113 1727 3447 1791 apparerent.

2551 1813 2713 1867 Inter.
2742 1813 2825 1867 34.
2859 1811 2994 1877 Quid
3032 1819 3114 1865 est
3157 1830 3168 1863 ε
3223 1808 3444 1863 Factum
3483 1816 3556 1861 est
3584 1820 3783 1875 vespere
3810 1813 3857 1858 et
3889 1819 4037 1857 mane

2482 1905 2590 1958 dies
2619 1920 2751 1956 unus
2777 1901 2927 1973 (vers.
2956 1900 3047 1971 5)?
3073 1907 3141 1940 —'-
3176 1899 3324 1969 Resp.
3350 1898 3405 1951 id
3434 1904 3514 1952 est
3541 1896 3662 1949 linis
3703 1892 3880 1963 operis
3920 1906 4040 1961 per-

889 1978 1052 2070 Inter.
1078 1978 1169 2068 2οῖ
1198 2013 1327 2079 Quae
1356 2018 1619 2065 creaturas
1645 2008 1710 2062 de
1746 2006 1911 2060 nihilo
1947 2005 2098 2059 factze
2124 2003 2291 2059 sunt?
2311 2030 2380 2041 -
2408 1978 2453 2038 Β
2482 1992 2630 2059 fecti,
2652 2001 2706 2048 et
2734 1993 2945 2053 initium
2974 1991 3152 2059 operis
3174 1989 3410 2057 incocpti.

821 2111 975 2180 Resp.
999 2108 1221 2172 Caelum,
1245 2114 1408 2169 terra,
1432 2104 1623 2175 angeli,
1646 2103 1756 2167 lux,
1779 2116 1892 2166 aer,
1918 2114 2056 2169 aqua
2081 2097 2177 2171 [et]
2200 2098 2380 2151 anima

822 2200 1073 2256 hominis.

892 2290 1056 2345 Inter.
1106 2288 1193 2341 21.
1241 2285 1381 2353 Quot
1426 2281 1704 2339 elementis
1752 2281 1982 2336 mundus
2028 2276 2277 2332 constat?
2317 2304 2387 2315 —

826 2379 979 2451 Resp.
1008 2378 1281 2444 Quatuor:
1319 2377 1461 2446 igne,
1499 2389 1643 2437 aere,
1676 2388 1835 2442 aqua,
1864 2380 2027 2424 terra.

895 2471 1057 2525 Inter.
1099 2469 1186 2523 22.
1223 2466 1349 2533 Qua:
1386 2475 1471 2521 est
1508 2464 1837 2533 singulorum
1869 2468 2061 2515 natura
2096 2457 2388 2511 elemento-

822 2550 990 2618 rum?
1014 2590 1083 2600 ——
1114 2558 1268 2629 Resp.
1300 2557 1443 2627 ignis
1464 2554 1649 2609 calidte
1669 2560 1724 2607 et
1747 2551 1908 2605 arida:
1931 2556 2015 2604 est
2038 2555 2269 2609 naturae;
2298 2559 2392 2599 aer

828 2642 1003 2725 [vero]
1031 2648 1217 2705 calidae
1241 2655 1295 2701 et
1319 2644 1579 2708 humidae;
1621 2657 1760 2712 aqua
1798 2639 2028 2695 humidm
2063 2645 2119 2692 et
2148 2636 2349 2707 frigidae
2373 2652 2390 2702 ;

829 2752 973 2797 terra
993 2738 1197 2811 frigida:
1222 2745 1278 2792 et
1299 2736 1460 2790 arida:
1482 2733 1633 2806 [Ed.,
1662 2728 1868 2802 aqueaz]
1890 2737 1973 2785 est
1999 2736 2224 2782 naturae.

900 2833 1065 2887 Inter.
1104 2821 1202 2884 25.
1252 2827 1415 2896 Cujus
1456 2834 1661 2880 natura
1708 2823 1902 2877 coelum
1948 2833 2068 2873 esse
2094 2816 2398 2871 fertur?—

836 2922 994 2993 Resp.
1020 2922 1217 2991 ignee,
1253 2918 1493 2972 rotundae
1527 2922 1685 2983 atque
1712 2910 1977 2966 volubilis.

903 3032 1068 3086 Inter.
1098 3027 1189 3082 24.
1216 3026 1273 3081 Si
1302 3024 1530 3080 volubile
1552 3021 1678 3095 [est]
1701 3038 1799 3075 cur
1820 3036 1925 3074 non
1949 3018 2132 3073 cadit?
2154 3047 2221 3059 --
2246 3013 2397 3086 Resp.

834 3123 1036 3178 Rueret
1054 3118 1225 3193 [vero]
1252 3124 1470 3188 propter
1490 3115 1710 3169 nimiam
1732 3112 2083 3174 celeritatem,
2111 3118 2172 3163 ut
2194 3108 2404 3177 sapien-

837 3224 919 3267 tes
936 3210 1117 3265 mundi
1142 3208 1408 3269 dixerunt,
1434 3205 1479 3259 si
1500 3219 1605 3258 non
1629 3203 1961 3273 planetarum
1984 3214 2210 3254 occursu
2234 3196 2400 3268 [Edit.

838 3302 940 3355 hoc
968 3297 1154 3370 cursu]
1185 3296 1576 3351 moderaretur.

911 3387 1074 3442 Inter.
1100 3386 1189 3440 25.
1230 3385 1337 3457 Cur
1376 3384 1514 3437 Deus
1554 3382 1763 3437 senario
1789 3395 2011 3435 numero
2039 3378 2219 3434 mundi
2249 3393 2400 3433 crea-

841 3480 1039 3533 tionem
1069 3474 1219 3548 [Ms.,
1251 3471 1550 3545 creaturas]
1584 3470 1845 3542 perfecit?
1869 3501 1938 3509 —
1966 3470 2117 3539 Resp.
2146 3468 2280 3535 Quia
2318 3468 2404 3522 illo

842 3580 1096 3623 numerus
1122 3562 1388 3635 perfectus
1418 3563 1570 3632 juxta
1610 3561 1960 3615 arithmeticae
1995 3558 2288 3627 disciplinae
2318 3572 2405 3608 ra-

844 3659 1041 3714 tionem
1064 3658 1253 3727 tegitur
1273 3670 1421 3719 esse;
1449 3662 1504 3707 et
1521 3661 1580 3705 ut
1597 3650 1901 3706 ostenderet
1927 3650 2067 3703 Deus
2088 3648 2266 3702 omnia
2294 3662 2410 3716 per-

844 3746 989 3805 fecta
1013 3756 1069 3801 et
1095 3747 1247 3800 valde
1275 3748 1413 3800 bona
1449 3759 1505 3797 se
1538 3743 1861 3797 condidisse.

921 3839 1078 3909 307
1117 3835 1279 3890 Inter.
1324 3834 1411 3888 26.
1459 3834 1596 3899 Quid
1642 3845 1725 3887 est
1766 3848 1779 3886 :
1832 3832 1898 3887 In
1934 3834 2187 3903 principio
2224 3833 2412 3886 crearit

854 3929 993 3983 Deus
1019 3926 1198 3981 caelum
1227 3934 1274 3979 et
1304 3924 1535 3977 terram?
1579 3952 1648 3961 -—
1697 3921 1851 3989 Resp.
1911 3921 1969 3973 in
2000 3920 2137 3973 Filio
2191 3918 2415 3989 perfecit

858 4016 1008 4091 (ila,
1040 4015 1185 4087 fecit]
1209 4015 1347 4069 Deus
1367 4012 1559 4067 ccelum
1587 4020 1640 4066 et
1668 4010 1904 4064 terram?

935 4109 1098 4161 Inter.
1128 4108 1217 4159 27.
1244 4105 1351 4161 Cur
1378 4105 1578 4158 dictum
1606 4112 1710 4167 est,
1741 4101 2060 4171 plantaverat
2090 4101 2226 4154 Deus
2261 4118 2416 4169 para-

861 4200 1033 4253 disum
1063 4213 1093 4249 a
1114 4194 1365 4266 principio
1390 4191 1545 4262 (Gen.
1580 4207 1639 4256 ιι,
1671 4190 1763 4258 8)?
1786 4218 1856 4229 —
1885 4188 2039 4258 Resp.
2063 4187 2417 4257 Hieronymus

864 4288 978 4342 vult
1008 4282 1194 4359 [quod]
1220 4291 1343 4337 ante
1366 4280 1727 4336 conditionem
1758 4280 1877 4335 creli
1907 4287 1961 4333 et
2005 4288 2161 4332 terra:
2204 4279 2417 4347 paradi-

863 4393 981 4433 sum
1005 4378 1301 4446 plantatum
1320 4381 1461 4427 esset
1490 4370 1681 4441 [Edit.,
1712 4368 1873 4440 esse].

933 4468 1097 4521 Inter.
1126 4464 1214 4519 28.
1242 4463 1379 4529 Quid
1403 4463 1455 4515 in
1481 4462 1601 4515 cadi
1624 4470 1887 4527 terraeque
1914 4460 2126 4513 nomine
2148 4459 2418 4527 signiﬁca-

863 4566 982 4619 tur,
1009 4551 1221 4623 quando
1248 4551 1444 4605 dicitur
1471 4566 1483 4602 :
1522 4548 1587 4601 In
1620 4548 1870 4617 principio
1898 4547 2015 4614 fecit
2062 4546 2201 4599 Deus
2235 4547 2415 4600 caelum

2555 2085 2721 2138 Inter.
2746 2082 2834 2137 55.
2860 2081 2994 2147 Quid
3015 2088 3097 2134 est
3121 2098 3131 2131 :
3172 2077 3305 2132 Vidit
3337 2078 3474 2131 Deus
3511 2076 3646 2147 quod
3668 2084 3796 2129 esset
3819 2074 4043 2127 bonum!

2484 2204 2553 2213 —-
2579 2172 2731 2243 Resp.
2767 2172 2821 2226 id
2849 2178 2947 2233 est,
2980 2170 3033 2223 in
3063 2184 3125 2223 ea
3148 2168 3385 2221 bonitate
3404 2166 3602 2235 placuit
3625 2173 3684 2219 ut
3709 2169 3967 2227 maneret,
3986 2161 4041 2213 in

2488 2278 2590 2332 qua
2614 2261 2815 2332 placuit
2843 2268 2902 2313 ut
2928 2257 3097 2323 ﬂeret,
3126 2257 3266 2327 quod
3296 2256 3439 2310 fecit.

2560 2352 2723 2406 Inter.
2753 2350 2839 2405 56.
2872 2348 3049 2415 Quare
3085 2350 3149 2403 de
3176 2347 3288 2402 solo
3314 2347 3528 2401 homine
3555 2344 3758 2399 dictum
3782 2349 3903 2397 est:
3939 2337 4047 2393 Fa—

2491 2444 2689 2497 ciamus
2719 2441 2974 2495 hominem
3006 2438 3156 2509 (Gen.
3179 2455 3217 2503 ι,
3238 2438 3363 2509 26);
3395 2437 3459 2490 de
3488 2436 3608 2490 aliis
3639 2441 3813 2488 autem
3839 2439 4047 2486 creatu-

2493 2536 2569 2588 ris
2594 2534 2785 2604 legitur
2812 2550 2826 2586 :
2860 2531 3006 2585 Dixit
3040 2530 3221 2584 Deus?
3252 2560 3320 2568 —
3350 2528 3502 2597 Resp.
3544 2525 3615 2582 Ut
3641 2524 3901 2586 videlicet,
3931 2536 4051 2591 qua:

2497 2622 2660 2695 [.lls.,
2688 2620 2845 2693 quia]
2889 2620 3221 2675 rationabilis
3262 2626 3506 2672 creatura
3556 2614 3903 2678 condebatur,
3928 2626 4048 2668 etim

2496 2712 2718 2769 consilio
2743 2712 2888 2767 facta
2911 2710 3204 2774 videretur,
3241 2719 3294 2763 et
3340 2718 3398 2762 ut
3439 2708 3554 2777 ejus
3586 2704 3831 2761 nobilitas
3875 2710 4051 2757 esten-

2497 2801 2736 2855 deretur.

2568 2890 2734 2969 Inter.
2764 2887 2852 2942 37.
2882 2888 2987 2943 Cur
3008 2888 3201 2957 plurali
3226 2900 3450 2941 numero
3476 2871 3624 2938 dixit
3657 2859 3683 2935 ἐ
3730 2878 4053 2933 Faciamus?

2498 3015 2568 3027 --
2589 2982 2745 3053 Resp.
2776 2981 2846 3036 Ut
2875 2981 3249 3035 ostenderetur
3272 2979 3434 3032 trium
3470 2990 3576 3029 una
3603 2972 3843 3043 operatio
3871 2984 4053 3039 persw

2501 3089 2713 3130 uarum.

2575 3162 2737 3216 Inter.
2774 3161 2864 3217 38.
2903 3160 2962 3214 in
3000 3174 3106 3229 quo
3136 3168 3217 3213 est
3244 3159 3403 3213 homo
3432 3156 3723 3212 conditoris
3748 3152 3827 3207 sui
3851 3150 4054 3222 imago?

2506 3283 2574 3292 —-
2612 3250 2767 3321 Resp.
2793 3250 2852 3304 in
2880 3248 3119 3303 interiori
3146 3247 3379 3313 homine.

2425 3304 2473 3366 c
2576 3304 2743 3397 Inter.
2770 3340 2858 3394 59.
2904 3338 3012 3393 Cur
3054 3312 3364 3405 utrumque,
3401 3338 3577 3405 imago
3628 3342 3682 3387 et
3733 3328 4060 3386 similitudo?

2502 3464 2573 3473 —
2602 3431 2756 3501 Resp.
2802 3430 2986 3498 imago
3032 3428 3085 3481 in
3138 3428 3472 3489 :eternitate,
3502 3422 3790 3477 similitudo
3836 3420 3891 3474 in
3944 3434 4057 3474 mo-

2506 3523 2673 3575 ribus.

2582 3610 2743 3664 Intee.
2773 3609 2857 3663 40.
2891 3608 3001 3663 Cur
3033 3609 3224 3662 iterum
3268 3606 3401 3660 dixit
3432 3620 3446 3658 :
3479 3602 3679 3658 Creavit
3714 3600 3853 3655 Deus
3900 3600 4064 3653 homi-

2510 3716 2622 3753 nem
2652 3699 2719 3751 (τά
2742 3698 3017 3766 imaginem
3039 3711 3187 3750 suam
3217 3692 3367 3765 (vers.
3390 3692 3513 3763 27);
3544 3706 3667 3747 cum
3700 3697 3857 3744 antea
3894 3687 4061 3743 dixis-

2508 3798 2591 3843 set
2616 3806 2627 3841 :
2655 3788 2722 3841 ad
2747 3788 3022 3854 imaginem
3051 3784 3317 3838 nostram?
3343 3812 3413 3823 —
3448 3782 3602 3852 Resp.
3645 3780 3715 3836 Ut
3755 3788 4062 3848 utrumque,

2511 3884 2565 3929 et
2598 3875 2876 3945 pluralitas
2900 3888 3270 3942 personarum,
3301 3879 3354 3925 et
3382 3870 3558 3925 unitas
3578 3868 3886 3923 substantia:
3928 3867 4061 3921 insi-

2514 3972 2789 4019 nuaretur.

2586 4074 2749 4127 Inter.
2770 4074 2829 4126 li
2843 4113 2857 4126 .
2881 4073 3058 4139 Quare
3081 4074 3147 4127 de
3172 4073 3288 4127 solo
3307 4072 3523 4127 homine
3542 4080 3721 4127 creato
3746 4084 3853 4125 non
3874 4069 4069 4124 dicitur

2516 4162 2859 4233 singulariter
2888 4179 2901 4213 :
2936 4160 3075 4214 Vidit
3098 4161 3234 4215 Deus
3254 4161 3391 4231 quod
3426 4169 3552 4215 esset
3583 4160 3789 4222 bonum,
3818 4158 3956 4212 sicut
4004 4158 4068 4211 de

2517 4255 2725 4310 czeteris
2742 4254 3003 4309 creaturis
3018 4254 3218 4308 dictum
3238 4253 3354 4308 est?
3377 4283 3445 4293 --
3462 4249 3615 4321 Resp.
3635 4250 3766 4316 Quia
3791 4256 4068 4319 postquam

2518 4348 2678 4401 homo
2722 4354 2934 4413 creatus
2982 4354 3094 4409 est,
3130 4345 3443 4399 dicebantur
3487 4343 3663 4404 omnia
3710 4340 3859 4395 valde
3908 4340 4066 4399 bona,

2519 4437 2672 4505 quasi
2695 4440 2818 4488 ante
2843 4442 3022 4489 essent
3064 4434 3269 4503 singula
3318 4436 3457 4487 bona
3491 4447 3507 4485 :
3544 4439 3759 4500 propter
3804 4428 4074 4481 hominem

2520 4533 2696 4579 autem
2750 4524 2928 4577 omnia
2980 4523 3131 4577 valde
3175 4524 3334 4589 bona,
3363 4522 3500 4589 quod
3550 4518 3719 4592 [Ms.,
3748 4516 3911 4589 quia]
3960 4530 4073 4572 om-

864 4657 911 4703 et
936 4604 1128 4702 ter;am
1153 4642 1303 4715 (Gen.
1335 4658 1373 4707 ι,
1404 4640 1497 4712 i)?
1522 4671 1586 4680 —
1616 4604 1768 4707 Resp.
1786 4604 2036 4692 informis
2062 4637 2149 4691 illa
2174 4637 2414 4702 materia,
2447 4617 2609 4715 D3113
2638 4615 2690 4668 in
2728 4613 2982 4715 decorem.
3020 4612 3248 4713 hominis
3279 4620 3461 4715 preata
3502 4614 3696 4715 essent.
3719 4604 3866 4709 [uf-i
3893 4604 4069 4715 320:];

866 4752 1026 4807 quam
1050 4735 1118 4791 de
1141 4732 1310 4789 nihilo
1333 4730 1459 4787 fecit
1476 4731 1634 4795 Deus,
1653 4728 1914 4798 appellata
1934 4736 2017 4782 est
2037 4728 2207 4797 primo
2228 4726 2421 4781 omium

867 4836 922 4881 et
942 4836 1087 4880 terra
1118 4842 1133 4877 :
1162 4838 1269 4878 non
1296 4822 1421 4892 quia
1439 4818 1549 4889 jam
1581 4819 1683 4873 hoc
1710 4826 1845 4882 erat,
1886 4818 1979 4872 sed
2008 4818 2132 4886 quia
2170 4818 2280 4886 jam
2324 4816 2427 4871 hoc

872 4927 992 4968 esse
1017 4919 1245 4983 poterat.
1266 4910 1399 4965 Nam
1421 4909 1655 4964 secundo
1672 4908 1757 4962 die
1779 4908 1973 4961 coelum
1996 4905 2137 4960 istud
2159 4905 2424 4960 sidereum

876 5003 1075 5059 factum
1098 5016 1217 5056 esse
1244 5002 1454 5070 legitur.
1482 5008 1537 5053 et
1564 4998 1722 5051 tertio
1747 4998 1832 5050 die
1873 5006 2075 5050 terram
2122 4995 2430 5065 apparuisse

877 5091 1140 5150 etvestiri
1168 5088 1385 5144 tioribus
1434 5086 1675 5157 empisse.
1731 5085 1881 5149 Sive,
1908 5086 1961 5139 in
2016 5083 2137 5138 coeli
2181 5091 2237 5137 et
2278 5092 2431 5138 terra:

883 5180 1100 5244 nomine
1124 5175 1427 5249 spiritu-sies
1446 5185 1499 5230 et
1522 5184 1746 5231 terrena:
1776 5183 2035 5229 creatura:
2062 5171 2283 5242 intelligi
2312 5186 2432 5242 pos-

956 5359 1118 5413 Inter.
1146 5359 1236 5414 29.
1267 5357 1405 5425 Quid
1432 5366 1513 5411 est
1544 5371 1557 5408 :
1586 5356 1811 5424 Spiritus
1832 5354 2045 5407 Domini
2078 5353 2335 5421 ferebatur
2355 5368 2435 5404 su-

885 5464 977 5518 per
1001 5462 1163 5517 emtas
1210 5446 1362 5519 (Gen.
1393 5463 1432 5513 I,
1460 5430 1554 5519 2)"?
1588 5456 1658 5486 —+
1685 5443 1841 5514 Resp.
1897 5441 2013 5495 Non
2064 5440 2439 5509 pervagatione

891 5536 1082 5609 [Edit.,
1122 5548 1218 5606 per
1244 5533 1618 5604 vagationem],
1664 5534 1759 5587 sed
1796 5539 2079 5603 potestate,
2105 5536 2161 5584 et
2207 5531 2441 5598 regentis

893 5626 1138 5696 imperio,
1169 5622 1237 5679 ad
1280 5621 1618 5678 formandum
1640 5630 1697 5675 et
1734 5620 2107 5676 viviﬁcandum
2162 5616 2441 5672 infamem

894 5716 1193 5781 materiam,
1217 5729 1337 5787 qua
1371 5713 1472 5769 boc
1512 5713 1630 5768 loco
1664 5726 1815 5779 aqua
1852 5712 2065 5765 nomine
2111 5707 2444 5779 signiﬁcatur

897 5804 1049 5875 11⁸..
1075 5804 1369 5875 signiﬁcari
1394 5801 1609 5875 potest].

968 5895 1128 5951 Inter.
1154 5896 1239 5951 50.
1267 5894 1403 5962 Quid
1434 5902 1514 5950 est
1542 5912 1553 5948 :
1590 5893 1746 5948 Terra
1776 5904 1944 5946 autem
1972 5904 2082 5947 erat
2105 5888 2374 5945 invisibilis
2400 5897 2447 5942 et

2524 4706 2684 4760 homo
2711 4718 2836 4757 vero
2859 4704 2912 4756 in
2934 4702 3153 4773 gloriam
3190 4711 3242 4756 et
3279 4698 3489 4755 laudem
3536 4696 3835 4779 Conditoris
3874 4695 3955 4749 sui
3996 4694 4077 4750 fa.

2526 4805 2650 4851 ειυς
2684 4805 2787 4851 est.

2598 4888 2759 4961 Inter.
2788 4905 2875 4959 42.
2902 4903 3038 4971 Quid
3065 4910 3148 4958 est
3168 4902 3309 4972 quod
3342 4900 3532 4971 legitur
3567 4896 3716 4970 [Ms.,
3739 4893 3892 4968 dixit]
3923 4912 3935 4949 :
3982 4894 4079 4949 Rev

2526 4997 2713 5066 quievit
2745 4994 2887 5047 Deus
2930 4994 3013 5047 die
3044 4994 3259 5062 septimo
3301 4991 3363 5044 ab
3404 4988 3635 5043 omnibus
3690 4986 3924 5057 operibus
3966 4986 4076 5042 suis

2531 5081 2681 5155 (Gen.
2710 5100 2769 5148 ιι,
2800 5082 2976 5154 2)2-
3003 5081 3155 5153 Resp.
3180 5080 3237 5136 Si
3266 5078 3452 5154 [enim]
3491 5079 3694 5135 dividas
3720 5074 4075 5147 septenarius:

2530 5188 2811 5229 numerum
2841 5173 2893 5226 in
2930 5187 3091 5227 unum
3117 5179 3171 5227 et
3194 5186 3288 5227 sex
3305 5211 3319 5236 ,
3347 5176 3503 5225 erunt
3529 5169 3633 5223 duo
3672 5165 3827 5235 primi
3870 5161 4075 5217 numeri

2532 5262 2753 5332 perfecti
2782 5279 2794 5314 :
2838 5260 3016 5315 unitas
3037 5275 3167 5315 vero
3188 5261 3243 5314 in
3276 5259 3450 5327 seipsa
3490 5262 3677 5309 natura
3713 5259 3768 5306 et
3818 5256 4078 5321 potestate

2533 5351 2769 5422 perfecta
2802 5359 2917 5415 est;
2975 5350 3217 5405 senarius
3258 5361 3387 5400 vero
3415 5357 3669 5400 numerus
3690 5341 3892 5413 primus
3920 5353 4077 5410 opere

2534 5449 2590 5496 et
2616 5449 2736 5495 actu
2759 5439 3024 5510 perfectus
3047 5446 3150 5503 est,
3174 5444 3229 5492 et
3247 5436 3488 5507 partibus
3512 5433 3623 5489 suis
3642 5430 3927 5502 impletur:
3957 5442 4075 5483 nam

2539 5544 2723 5593 unum,
2750 5528 2874 5591 duo,
2902 5526 3005 5581 tria
3031 5524 3233 5581 faciunt
3262 5539 3380 5582 sex.
3413 5520 3753 5591 Signiﬂeatnr
3775 5531 3903 5587 ergo
3926 5513 4072 5588 με..

2539 5616 2703 5692 vero]
2740 5614 2841 5689 [in]
2878 5616 3062 5687 requie
3084 5615 3185 5671 diei
3208 5610 3439 5684 septimi,
3470 5609 3610 5681 quod
3632 5608 3773 5663 Deus
3794 5610 3919 5661 ante
3939 5616 4078 5659 om

2542 5712 2741 5765 tionem
2765 5708 2947 5763 mundi
2972 5708 3028 5762 in
3052 5703 3433 5775 seipsoaamra
3459 5708 3513 5758 et
3531 5704 3790 5772 potestate
3817 5692 4079 5765 pes-iectus

2544 5807 2648 5864 est,
2663 5806 2717 5853 et
2737 5795 3064 5852 aeternaliter
3083 5794 3136 5849 in
3158 5793 3337 5865 seipse
3353 5792 3515 5848 habet
3538 5786 3799 5858 requiem;
3830 5788 4079 5840 creatura

2548 5903 2674 5941 vero
2699 5894 2817 5941 actu
2842 5886 2907 5940 ab
2939 5884 3053 5953 ipso
3084 5882 3368 5939 creationis
3396 5886 3612 5950 accepto
3642 5876 3838 5931 habent
3870 5885 3965 5942 per
4007 5871 4078 5937 lp-
