  <div class='ocr_page' id='page_1' title='image "/cluster/home/n/w/nwhite01/storage/ocr_20150623/99-100/uc1.31175006946845/908.png"; bbox 0 0 4428 6398; ppageno 0'>
   <div class='ocr_carea' id='block_1_1' title="bbox 210 439 309 494">
    <p class='ocr_par' dir='ltr' id='par_1_1' title="bbox 210 439 309 494">
     <span class='ocr_line' id='line_1_1' title="bbox 210 439 309 494; baseline -0.04 0"><span class='ocrx_word' id='word_1_1' title='bbox 210 439 309 494; x_wconf 70' lang='grc'><strong>521</strong></span> 
     </span>
    </p>
   </div>
   <div class='ocr_carea' id='block_1_2' title="bbox 820 389 2569 499">
    <p class='ocr_par' dir='ltr' id='par_1_2' title="bbox 820 389 2569 492">
     <span class='ocr_line' id='line_1_2' title="bbox 820 389 2569 492; baseline -0.001 -3"><span class='ocrx_word' id='word_1_2' title='bbox 820 389 1223 491; x_wconf 55' lang='grc' dir='ltr'><strong>ΕΧΕϐέΤΙεΑ.</strong></span> <span class='ocrx_word' id='word_1_3' title='bbox 1264 466 1342 479; x_wconf 88' lang='lat'><strong>—-</strong></span> <span class='ocrx_word' id='word_1_4' title='bbox 1371 434 1737 489; x_wconf 65' lang='lat' dir='ltr'><strong>lN&#39;lEﬂROG.</strong></span> <span class='ocrx_word' id='word_1_5' title='bbox 1781 434 1865 487; x_wconf 81' lang='lat' dir='ltr'><strong>ET</strong></span> <span class='ocrx_word' id='word_1_6' title='bbox 1902 433 2231 491; x_wconf 69' lang='lat' dir='ltr'><strong>RESi’ONS.</strong></span> <span class='ocrx_word' id='word_1_7' title='bbox 2276 439 2338 491; x_wconf 78' lang='grc' dir='ltr'><strong>ΙΝ</strong></span> <span class='ocrx_word' id='word_1_8' title='bbox 2375 436 2569 492; x_wconf 68' lang='lat' dir='ltr'>GENE!</span> 
     </span>
    </p>
   </div>
   <div class='ocr_carea' id='block_1_3' title="bbox 1081 389 2830 499">
    <p class='ocr_par' dir='ltr' id='par_1_3' title="bbox 1081 433 2830 499">
     <span class='ocr_line' id='line_1_3' title="bbox 1081 433 2830 499; baseline 0.003 -13"><span class='ocrx_word' id='word_1_9' title='bbox 1081 436 1223 489; x_wconf 56' lang='lat' dir='ltr'><strong>7|CA.</strong></span> <span class='ocrx_word' id='word_1_10' title='bbox 1264 466 1342 479; x_wconf 86' lang='lat'><strong>-—-</strong></span> <span class='ocrx_word' id='word_1_11' title='bbox 1371 434 1737 489; x_wconf 66' lang='lat' dir='ltr'><strong>lN&#39;lEﬂROG.</strong></span> <span class='ocrx_word' id='word_1_12' title='bbox 1781 434 1865 487; x_wconf 82' lang='lat' dir='ltr'><strong>ET</strong></span> <span class='ocrx_word' id='word_1_13' title='bbox 1902 433 2231 491; x_wconf 66' lang='lat' dir='ltr'><strong>HISPONS.</strong></span> <span class='ocrx_word' id='word_1_14' title='bbox 2276 439 2338 491; x_wconf 78' lang='grc' dir='ltr'><strong>ΙΝ</strong></span> <span class='ocrx_word' id='word_1_15' title='bbox 2375 436 2641 499; x_wconf 66' lang='grc' dir='ltr'><strong>ϐΕΝΕδ..</strong></span> <span class='ocrx_word' id='word_1_16' title='bbox 2688 440 2830 493; x_wconf 61' lang='grc' dir='ltr'><strong>ιίιηλ.</strong></span> 
     </span>
    </p>
   </div>
   <div class='ocr_carea' id='block_1_4' title="bbox 3340 443 3449 500">
    <p class='ocr_par' dir='ltr' id='par_1_4' title="bbox 3340 443 3449 500">
     <span class='ocr_line' id='line_1_4' title="bbox 3340 443 3449 500; baseline 0 0"><span class='ocrx_word' id='word_1_17' title='bbox 3340 443 3449 500; x_wconf 80' lang='lat' dir='ltr'><strong>m</strong></span> 
     </span>
    </p>
   </div>
   <div class='ocr_carea' id='block_1_5' title="bbox 208 543 3438 617">
    <p class='ocr_par' dir='ltr' id='par_1_5' title="bbox 208 543 3438 617">
     <span class='ocr_line' id='line_1_5' title="bbox 208 543 3438 617; baseline -0.001 -10"><span class='ocrx_word' id='word_1_18' title='bbox 208 565 328 607; x_wconf 83' lang='lat' dir='ltr'><strong>sum</strong></span> <span class='ocrx_word' id='word_1_19' title='bbox 353 551 405 605; x_wconf 87' lang='lat' dir='ltr'><strong>in</strong></span> <span class='ocrx_word' id='word_1_20' title='bbox 431 549 545 603; x_wconf 83' lang='lat' dir='ltr'><strong>suis</strong></span> <span class='ocrx_word' id='word_1_21' title='bbox 582 547 787 601; x_wconf 87' lang='lat' dir='ltr'><strong>naturis</strong></span> <span class='ocrx_word' id='word_1_22' title='bbox 812 547 1192 616; x_wconf 79' lang='lat' dir='ltr'><strong>perfectionem</strong></span> <span class='ocrx_word' id='word_1_23' title='bbox 1223 548 1528 615; x_wconf 82' lang='lat' dir='ltr'><strong>quamdam,</strong></span> <span class='ocrx_word' id='word_1_24' title='bbox 1564 555 1618 599; x_wconf 90' lang='lat' dir='ltr'><strong>et</strong></span> <span class='ocrx_word' id='word_1_25' title='bbox 1648 543 1772 617; x_wconf 67' lang='grc' dir='ltr'><strong>[Δίς.</strong></span> <span class='ocrx_word' id='word_1_26' title='bbox 1806 555 1849 607; x_wconf 77' lang='grc' dir='ltr'><strong>Α</strong></span> <span class='ocrx_word' id='word_1_27' title='bbox 1879 561 1996 615; x_wconf 74' lang='lat' dir='ltr'><strong>qua:</strong></span> <span class='ocrx_word' id='word_1_28' title='bbox 2019 547 2156 600; x_wconf 82' lang='lat' dir='ltr'><strong>Deus</strong></span> <span class='ocrx_word' id='word_1_29' title='bbox 2186 556 2459 600; x_wconf 85' lang='lat' dir='ltr'><strong>creaverat</strong></span> <span class='ocrx_word' id='word_1_30' title='bbox 2486 548 2701 600; x_wconf 76' lang='lat' dir='ltr'><strong>humani</strong></span> <span class='ocrx_word' id='word_1_31' title='bbox 2731 550 2909 616; x_wconf 67' lang='lat' dir='ltr'><strong>operis</strong></span> <span class='ocrx_word' id='word_1_32' title='bbox 2953 548 3217 613; x_wconf 79' lang='lat' dir='ltr'><strong>a-ljutorlo</strong></span> <span class='ocrx_word' id='word_1_33' title='bbox 3264 549 3438 606; x_wconf 58' lang='lat' dir='ltr'><strong>latius</strong></span> 
     </span>
    </p>
   </div>
   <div class='ocr_carea' id='block_1_6' title="bbox 205 635 1777 708">
    <p class='ocr_par' dir='ltr' id='par_1_6' title="bbox 205 635 1777 708">
     <span class='ocr_line' id='line_1_6' title="bbox 205 635 1777 708; baseline -0.001 -17"><span class='ocrx_word' id='word_1_34' title='bbox 205 640 395 691; x_wconf 82' lang='lat' dir='ltr'><strong>omittit</strong></span> <span class='ocrx_word' id='word_1_35' title='bbox 416 635 491 708; x_wconf 91' lang='lat' dir='ltr'><strong>et]</strong></span> <span class='ocrx_word' id='word_1_36' title='bbox 506 636 760 704; x_wconf 85' lang='lat' dir='ltr'><strong>-rcquiem</strong></span> <span class='ocrx_word' id='word_1_37' title='bbox 785 636 840 691; x_wconf 90' lang='lat' dir='ltr'><strong>in</strong></span> <span class='ocrx_word' id='word_1_38' title='bbox 862 638 1167 707; x_wconf 65' lang='lat' dir='ltr'><strong>ape-ratione</strong></span> <span class='ocrx_word' id='word_1_39' title='bbox 1189 636 1351 706; x_wconf 76' lang='lat'><strong>308</strong></span> <span class='ocrx_word' id='word_1_40' title='bbox 1373 635 1703 697; x_wconf 70' lang='lat' dir='ltr'><strong>obedientite,</strong></span> <span class='ocrx_word' id='word_1_41' title='bbox 1725 647 1777 691; x_wconf 91' lang='lat' dir='ltr'><strong>et</strong></span> 
     </span>
    </p>
   </div>
   <div class='ocr_carea' id='block_1_7' title="bbox 208 724 1777 798">
    <p class='ocr_par' dir='ltr' id='par_1_7' title="bbox 208 724 1777 798">
     <span class='ocr_line' id='line_1_7' title="bbox 208 724 1777 798; baseline -0.003 -17"><span class='ocrx_word' id='word_1_42' title='bbox 208 728 448 782; x_wconf 75' lang='lat' dir='ltr'><strong>maxime</strong></span> <span class='ocrx_word' id='word_1_43' title='bbox 486 727 830 781; x_wconf 87' lang='lat' dir='ltr'><strong>rationabiles</strong></span> <span class='ocrx_word' id='word_1_44' title='bbox 878 738 1137 781; x_wconf 70' lang='lat' dir='ltr'><strong>creatura:</strong></span> <span class='ocrx_word' id='word_1_45' title='bbox 1186 728 1240 781; x_wconf 90' lang='lat' dir='ltr'><strong>in</strong></span> <span class='ocrx_word' id='word_1_46' title='bbox 1293 726 1417 798; x_wconf 71' lang='lat' dir='ltr'><strong>[.ils.</strong></span> <span class='ocrx_word' id='word_1_47' title='bbox 1452 744 1554 779; x_wconf 87' lang='lat' dir='ltr'><strong>om.</strong></span> <span class='ocrx_word' id='word_1_48' title='bbox 1589 724 1664 796; x_wconf 91' lang='lat' dir='ltr'><strong>in]</strong></span> <span class='ocrx_word' id='word_1_49' title='bbox 1712 740 1777 777; x_wconf 86' lang='lat' dir='ltr'><strong>eo</strong></span> 
     </span>
    </p>
   </div>
   <div class='ocr_carea' id='block_1_8' title="bbox 205 818 1691 884">
    <p class='ocr_par' dir='ltr' id='par_1_8' title="bbox 205 818 1691 884">
     <span class='ocr_line' id='line_1_8' title="bbox 205 818 1691 884; baseline -0.003 -12"><span class='ocrx_word' id='word_1_50' title='bbox 205 820 350 874; x_wconf 84' lang='lat' dir='ltr'><strong>bono</strong></span> <span class='ocrx_word' id='word_1_51' title='bbox 376 819 543 872; x_wconf 58' lang='lat' dir='ltr'><strong>beatae</strong></span> <span class='ocrx_word' id='word_1_52' title='bbox 571 828 712 880; x_wconf 86' lang='lat' dir='ltr'><strong>sunt,</strong></span> <span class='ocrx_word' id='word_1_53' title='bbox 742 828 798 871; x_wconf 93' lang='lat' dir='ltr'><strong>ut</strong></span> <span class='ocrx_word' id='word_1_54' title='bbox 834 818 885 870; x_wconf 90' lang='lat' dir='ltr'><strong>in</strong></span> <span class='ocrx_word' id='word_1_55' title='bbox 911 819 1187 872; x_wconf 77' lang='lat' dir='ltr'><strong>conditore</strong></span> <span class='ocrx_word' id='word_1_56' title='bbox 1215 835 1311 870; x_wconf 65' lang='lat' dir='ltr'><strong>suo</strong></span> <span class='ocrx_word' id='word_1_57' title='bbox 1337 818 1691 884; x_wconf 77' lang='lat' dir='ltr'><strong>requiescant.</strong></span> 
     </span>
    </p>
   </div>
   <div class='ocr_carea' id='block_1_9' title="bbox 276 906 1773 967">
    <p class='ocr_par' dir='ltr' id='par_1_9' title="bbox 276 906 1773 967">
     <span class='ocr_line' id='line_1_9' title="bbox 276 906 1773 967; baseline -0.005 -3"><span class='ocrx_word' id='word_1_58' title='bbox 276 909 443 964; x_wconf 97' lang='lat' dir='ltr'><strong>Inter.</strong></span> <span class='ocrx_word' id='word_1_59' title='bbox 470 908 557 967; x_wconf 63' lang='lat'><strong>43.</strong></span> <span class='ocrx_word' id='word_1_60' title='bbox 586 907 695 963; x_wconf 89' lang='lat' dir='ltr'><strong>Cur</strong></span> <span class='ocrx_word' id='word_1_61' title='bbox 730 909 795 961; x_wconf 92' lang='lat' dir='ltr'><strong>de</strong></span> <span class='ocrx_word' id='word_1_62' title='bbox 842 908 928 961; x_wconf 90' lang='lat' dir='ltr'><strong>die</strong></span> <span class='ocrx_word' id='word_1_63' title='bbox 970 908 1178 961; x_wconf 84' lang='lat' dir='ltr'><strong>sabbati</strong></span> <span class='ocrx_word' id='word_1_64' title='bbox 1230 907 1423 960; x_wconf 83' lang='lat' dir='ltr'><strong>dicitur</strong></span> <span class='ocrx_word' id='word_1_65' title='bbox 1460 923 1472 957; x_wconf 93' lang='lat'><strong>:</strong></span> <span class='ocrx_word' id='word_1_66' title='bbox 1504 906 1773 958; x_wconf 72' lang='lat' dir='ltr'><strong>Benedirit</strong></span> 
     </span>
    </p>
   </div>
   <div class='ocr_carea' id='block_1_10' title="bbox 203 994 1769 1067">
    <p class='ocr_par' dir='ltr' id='par_1_10' title="bbox 203 994 1769 1067">
     <span class='ocr_line' id='line_1_10' title="bbox 203 994 1769 1067; baseline -0.002 -16"><span class='ocrx_word' id='word_1_67' title='bbox 203 999 346 1053; x_wconf 87' lang='lat' dir='ltr'><strong>Deus</strong></span> <span class='ocrx_word' id='word_1_68' title='bbox 373 999 477 1051; x_wconf 82' lang='lat' dir='ltr'><strong>diei</strong></span> <span class='ocrx_word' id='word_1_69' title='bbox 506 999 719 1067; x_wconf 81' lang='lat' dir='ltr'><strong>septimo</strong></span> <span class='ocrx_word' id='word_1_70' title='bbox 752 1006 799 1049; x_wconf 90' lang='lat' dir='ltr'><strong>et</strong></span> <span class='ocrx_word' id='word_1_71' title='bbox 830 996 1167 1063; x_wconf 75' lang='lat' dir='ltr'><strong>sancti/icarit</strong></span> <span class='ocrx_word' id='word_1_72' title='bbox 1199 995 1347 1047; x_wconf 86' lang='lat' dir='ltr'><strong>illum</strong></span> <span class='ocrx_word' id='word_1_73' title='bbox 1374 999 1521 1063; x_wconf 85' lang='lat' dir='ltr'><strong>(rers.</strong></span> <span class='ocrx_word' id='word_1_74' title='bbox 1551 994 1628 1062; x_wconf 72' lang='lat'><strong>5),</strong></span> <span class='ocrx_word' id='word_1_75' title='bbox 1654 1008 1769 1048; x_wconf 87' lang='lat' dir='ltr'><strong>cum</strong></span> 
     </span>
    </p>
   </div>
   <div class='ocr_carea' id='block_1_11' title="bbox 203 1082 1769 1155">
    <p class='ocr_par' dir='ltr' id='par_1_11' title="bbox 203 1082 1769 1155">
     <span class='ocr_line' id='line_1_11' title="bbox 203 1082 1769 1155; baseline -0.006 -12"><span class='ocrx_word' id='word_1_76' title='bbox 203 1089 271 1143; x_wconf 89' lang='lat' dir='ltr'><strong>de</strong></span> <span class='ocrx_word' id='word_1_77' title='bbox 292 1089 409 1142; x_wconf 87' lang='lat' dir='ltr'><strong>aliis</strong></span> <span class='ocrx_word' id='word_1_78' title='bbox 429 1089 615 1142; x_wconf 91' lang='lat' dir='ltr'><strong>diebus</strong></span> <span class='ocrx_word' id='word_1_79' title='bbox 636 1100 739 1141; x_wconf 92' lang='lat' dir='ltr'><strong>non</strong></span> <span class='ocrx_word' id='word_1_80' title='bbox 768 1086 971 1155; x_wconf 75' lang='lat' dir='ltr'><strong>legatur</strong></span> <span class='ocrx_word' id='word_1_81' title='bbox 994 1085 1093 1138; x_wconf 87' lang='lat' dir='ltr'><strong>hoc</strong></span> <span class='ocrx_word' id='word_1_82' title='bbox 1123 1100 1241 1137; x_wconf 69' lang='lat' dir='ltr'><strong>enim</strong></span> <span class='ocrx_word' id='word_1_83' title='bbox 1263 1085 1499 1137; x_wconf 71' lang='lat' dir='ltr'><strong>dixisse?</strong></span> <span class='ocrx_word' id='word_1_84' title='bbox 1524 1112 1589 1121; x_wconf 83' lang='lat'><strong>—-</strong></span> <span class='ocrx_word' id='word_1_85' title='bbox 1617 1082 1769 1149; x_wconf 78' lang='lat' dir='ltr'><strong>Resp.</strong></span> 
     </span>
    </p>
   </div>
   <div class='ocr_carea' id='block_1_12' title="bbox 206 1173 1774 1243">
    <p class='ocr_par' dir='ltr' id='par_1_12' title="bbox 206 1173 1774 1243">
     <span class='ocr_line' id='line_1_12' title="bbox 206 1173 1774 1243; baseline -0.006 -8"><span class='ocrx_word' id='word_1_86' title='bbox 206 1178 277 1235; x_wconf 85' lang='lat' dir='ltr'><strong>Ut</strong></span> <span class='ocrx_word' id='word_1_87' title='bbox 305 1178 613 1233; x_wconf 87' lang='lat' dir='ltr'><strong>ostenderet</strong></span> <span class='ocrx_word' id='word_1_88' title='bbox 640 1190 943 1230; x_wconf 85' lang='lat' dir='ltr'><strong>sanetorum</strong></span> <span class='ocrx_word' id='word_1_89' title='bbox 970 1175 1204 1243; x_wconf 85' lang='lat' dir='ltr'><strong>requiem</strong></span> <span class='ocrx_word' id='word_1_90' title='bbox 1230 1182 1346 1242; x_wconf 85' lang='lat' dir='ltr'><strong>post</strong></span> <span class='ocrx_word' id='word_1_91' title='bbox 1375 1188 1467 1228; x_wconf 72' lang='lat' dir='ltr'><strong>sex</strong></span> <span class='ocrx_word' id='word_1_92' title='bbox 1498 1173 1650 1242; x_wconf 86' lang='lat' dir='ltr'><strong>hujus</strong></span> <span class='ocrx_word' id='word_1_93' title='bbox 1676 1187 1774 1225; x_wconf 70' lang='lat' dir='ltr'><strong>sa:-</strong></span> 
     </span>
    </p>
   </div>
   <div class='ocr_carea' id='block_1_13' title="bbox 202 1264 1769 1328">
    <p class='ocr_par' dir='ltr' id='par_1_13' title="bbox 202 1264 1769 1328">
     <span class='ocr_line' id='line_1_13' title="bbox 202 1264 1769 1328; baseline -0.006 -3"><span class='ocrx_word' id='word_1_94' title='bbox 202 1267 315 1325; x_wconf 86' lang='lat' dir='ltr'><strong>culi</strong></span> <span class='ocrx_word' id='word_1_95' title='bbox 352 1278 570 1323; x_wconf 74' lang='lat' dir='ltr'><strong>aetatum</strong></span> <span class='ocrx_word' id='word_1_96' title='bbox 606 1264 836 1328; x_wconf 68' lang='lat' dir='ltr'><strong>latores,</strong></span> <span class='ocrx_word' id='word_1_97' title='bbox 863 1266 913 1317; x_wconf 91' lang='lat' dir='ltr'><strong>in</strong></span> <span class='ocrx_word' id='word_1_98' title='bbox 939 1273 1141 1319; x_wconf 80' lang='lat' dir='ltr'><strong>:eterno</strong></span> <span class='ocrx_word' id='word_1_99' title='bbox 1166 1266 1388 1319; x_wconf 86' lang='lat' dir='ltr'><strong>sabbato</strong></span> <span class='ocrx_word' id='word_1_100' title='bbox 1416 1274 1469 1317; x_wconf 86' lang='lat' dir='ltr'><strong>et</strong></span> <span class='ocrx_word' id='word_1_101' title='bbox 1497 1265 1769 1317; x_wconf 73' lang='lat' dir='ltr'><strong>benedicta</strong></span> 
     </span>
    </p>
   </div>
   <div class='ocr_carea' id='block_1_14' title="bbox 202 1354 1773 1426">
    <p class='ocr_par' dir='ltr' id='par_1_14' title="bbox 202 1354 1773 1426">
     <span class='ocr_line' id='line_1_14' title="bbox 202 1354 1773 1426; baseline -0.004 -15"><span class='ocrx_word' id='word_1_102' title='bbox 202 1357 391 1426; x_wconf 89' lang='lat' dir='ltr'><strong>requie</strong></span> <span class='ocrx_word' id='word_1_103' title='bbox 434 1358 737 1425; x_wconf 82' lang='lat' dir='ltr'><strong>quieturam</strong></span> <span class='ocrx_word' id='word_1_104' title='bbox 787 1355 1297 1426; x_wconf 79' lang='lat' dir='ltr'><strong>[.lIs.,quieturos],</strong></span> <span class='ocrx_word' id='word_1_105' title='bbox 1345 1356 1483 1409; x_wconf 89' lang='lat' dir='ltr'><strong>sicut</strong></span> <span class='ocrx_word' id='word_1_106' title='bbox 1533 1354 1773 1407; x_wconf 89' lang='lat' dir='ltr'><strong>dicturus</strong></span> 
     </span>
    </p>
   </div>
   <div class='ocr_carea' id='block_1_15' title="bbox 199 1445 1769 1515">
    <p class='ocr_par' dir='ltr' id='par_1_15' title="bbox 199 1445 1769 1515">
     <span class='ocr_line' id='line_1_15' title="bbox 199 1445 1769 1515; baseline -0.004 -11"><span class='ocrx_word' id='word_1_107' title='bbox 199 1452 331 1504; x_wconf 74' lang='lat' dir='ltr'><strong>esti</strong></span> <span class='ocrx_word' id='word_1_108' title='bbox 376 1445 575 1513; x_wconf 79' lang='lat' dir='ltr'><strong>Venite,</strong></span> <span class='ocrx_word' id='word_1_109' title='bbox 606 1447 853 1501; x_wconf 76' lang='lat' dir='ltr'><strong>benedicti</strong></span> <span class='ocrx_word' id='word_1_110' title='bbox 902 1446 1077 1499; x_wconf 79' lang='lat' dir='ltr'><strong>I’alris</strong></span> <span class='ocrx_word' id='word_1_111' title='bbox 1120 1448 1242 1505; x_wconf 71' lang='lat' dir='ltr'><strong>mei,</strong></span> <span class='ocrx_word' id='word_1_112' title='bbox 1274 1447 1515 1515; x_wconf 68' lang='lat' dir='ltr'><strong>perripite</strong></span> <span class='ocrx_word' id='word_1_113' title='bbox 1560 1462 1769 1514; x_wconf 71' lang='lat' dir='ltr'><strong>regnum</strong></span> 
     </span>
    </p>
   </div>
   <div class='ocr_carea' id='block_1_16' title="bbox 202 1538 1769 1611">
    <p class='ocr_par' dir='ltr' id='par_1_16' title="bbox 202 1538 1769 1611">
     <span class='ocr_line' id='line_1_16' title="bbox 202 1538 1769 1611; baseline -0.004 -16"><span class='ocrx_word' id='word_1_114' title='bbox 202 1542 421 1611; x_wconf 69' lang='lat' dir='ltr'><strong>(Matth.</strong></span> <span class='ocrx_word' id='word_1_115' title='bbox 440 1540 690 1610; x_wconf 64' lang='lat' dir='ltr'><strong>xxv,3«t).</strong></span> <span class='ocrx_word' id='word_1_116' title='bbox 713 1540 837 1594; x_wconf 88' lang='lat' dir='ltr'><strong>ldeo</strong></span> <span class='ocrx_word' id='word_1_117' title='bbox 864 1549 917 1594; x_wconf 88' lang='lat' dir='ltr'><strong>et</strong></span> <span class='ocrx_word' id='word_1_118' title='bbox 944 1539 1027 1592; x_wconf 89' lang='lat' dir='ltr'><strong>ille</strong></span> <span class='ocrx_word' id='word_1_119' title='bbox 1046 1540 1157 1593; x_wconf 83' lang='lat' dir='ltr'><strong>dies</strong></span> <span class='ocrx_word' id='word_1_120' title='bbox 1180 1540 1294 1591; x_wconf 85' lang='lat' dir='ltr'><strong>sine</strong></span> <span class='ocrx_word' id='word_1_121' title='bbox 1315 1552 1530 1606; x_wconf 81' lang='lat' dir='ltr'><strong>vespera</strong></span> <span class='ocrx_word' id='word_1_122' title='bbox 1560 1538 1769 1608; x_wconf 75' lang='lat' dir='ltr'><strong>legitur,</strong></span> 
     </span>
    </p>
   </div>
   <div class='ocr_carea' id='block_1_17' title="bbox 200 1630 1661 1700">
    <p class='ocr_par' dir='ltr' id='par_1_17' title="bbox 200 1630 1661 1700">
     <span class='ocr_line' id='line_1_17' title="bbox 200 1630 1661 1700; baseline -0.005 -16"><span class='ocrx_word' id='word_1_123' title='bbox 200 1633 344 1700; x_wconf 92' lang='lat' dir='ltr'><strong>quod</strong></span> <span class='ocrx_word' id='word_1_124' title='bbox 390 1631 575 1683; x_wconf 87' lang='lat' dir='ltr'><strong>ultima</strong></span> <span class='ocrx_word' id='word_1_125' title='bbox 621 1630 832 1698; x_wconf 87' lang='lat' dir='ltr'><strong>requies</strong></span> <span class='ocrx_word' id='word_1_126' title='bbox 871 1638 1175 1683; x_wconf 80' lang='lat' dir='ltr'><strong>sanctorum</strong></span> <span class='ocrx_word' id='word_1_127' title='bbox 1210 1630 1531 1697; x_wconf 75' lang='lat' dir='ltr'><strong>sempiterna</strong></span> <span class='ocrx_word' id='word_1_128' title='bbox 1560 1635 1661 1681; x_wconf 90' lang='lat' dir='ltr'><strong>est.</strong></span> 
     </span>
    </p>
   </div>
   <div class='ocr_carea' id='block_1_18' title="bbox 273 1716 1770 1787">
    <p class='ocr_par' dir='ltr' id='par_1_18' title="bbox 273 1716 1770 1787">
     <span class='ocr_line' id='line_1_18' title="bbox 273 1716 1770 1787; baseline -0.004 -13"><span class='ocrx_word' id='word_1_129' title='bbox 273 1720 438 1774; x_wconf 82' lang='lat' dir='ltr'><strong>Inter.</strong></span> <span class='ocrx_word' id='word_1_130' title='bbox 470 1720 560 1773; x_wconf 66' lang='grc' dir='ltr'>μ.</span> <span class='ocrx_word' id='word_1_131' title='bbox 590 1720 698 1773; x_wconf 90' lang='lat' dir='ltr'><strong>Cur</strong></span> <span class='ocrx_word' id='word_1_132' title='bbox 726 1720 861 1771; x_wconf 75' lang='lat' dir='ltr'><strong>dixit</strong></span> <span class='ocrx_word' id='word_1_133' title='bbox 890 1736 906 1769; x_wconf 58' lang='grc' dir='ltr'>ιε</span> <span class='ocrx_word' id='word_1_134' title='bbox 946 1718 1068 1772; x_wconf 74' lang='lat' dir='ltr'><strong>Ista:</strong></span> <span class='ocrx_word' id='word_1_135' title='bbox 1102 1728 1218 1771; x_wconf 83' lang='lat' dir='ltr'><strong>sunt</strong></span> <span class='ocrx_word' id='word_1_136' title='bbox 1267 1719 1620 1787; x_wconf 80' lang='lat' dir='ltr'><strong>generationes</strong></span> <span class='ocrx_word' id='word_1_137' title='bbox 1660 1716 1770 1769; x_wconf 72' lang='lat' dir='ltr'><strong>caeli</strong></span> 
     </span>
    </p>
   </div>
   <div class='ocr_carea' id='block_1_19' title="bbox 198 1791 1767 1881">
    <p class='ocr_par' dir='ltr' id='par_1_19' title="bbox 198 1791 1767 1881">
     <span class='ocr_line' id='line_1_19' title="bbox 198 1791 1767 1881; baseline -0.003 -18"><span class='ocrx_word' id='word_1_138' title='bbox 198 1822 248 1863; x_wconf 89' lang='lat' dir='ltr'><strong>et</strong></span> <span class='ocrx_word' id='word_1_139' title='bbox 272 1821 423 1864; x_wconf 71' lang='lat' dir='ltr'><strong>terra:</strong></span> <span class='ocrx_word' id='word_1_140' title='bbox 450 1808 600 1881; x_wconf 82' lang='lat' dir='ltr'><strong>(Gen.</strong></span> <span class='ocrx_word' id='word_1_141' title='bbox 627 1825 687 1871; x_wconf 90' lang='lat' dir='ltr'><strong>ll,</strong></span> <span class='ocrx_word' id='word_1_142' title='bbox 719 1808 809 1876; x_wconf 61' lang='lat'><strong>4)?</strong></span> <span class='ocrx_word' id='word_1_143' title='bbox 835 1838 903 1846; x_wconf 89' lang='lat'><strong>——</strong></span> <span class='ocrx_word' id='word_1_144' title='bbox 931 1807 1084 1877; x_wconf 76' lang='lat' dir='ltr'><strong>Resp.</strong></span> <span class='ocrx_word' id='word_1_145' title='bbox 1114 1791 1311 1860; x_wconf 81' lang='lat' dir='ltr'><strong>Contra</strong></span> <span class='ocrx_word' id='word_1_146' title='bbox 1337 1822 1430 1860; x_wconf 84' lang='lat' dir='ltr'><strong>eos</strong></span> <span class='ocrx_word' id='word_1_147' title='bbox 1467 1805 1642 1877; x_wconf 75' lang='lat' dir='ltr'><strong>[facit]</strong></span> <span class='ocrx_word' id='word_1_148' title='bbox 1678 1806 1767 1874; x_wconf 89' lang='lat' dir='ltr'><strong>qui</strong></span> 
     </span>
    </p>
   </div>
   <div class='ocr_carea' id='block_1_20' title="bbox 203 1894 1609 1966">
    <p class='ocr_par' dir='ltr' id='par_1_20' title="bbox 203 1894 1609 1966">
     <span class='ocr_line' id='line_1_20' title="bbox 203 1894 1609 1966; baseline -0.006 -13"><span class='ocrx_word' id='word_1_149' title='bbox 203 1902 461 1954; x_wconf 86' lang='lat' dir='ltr'><strong>mundum</strong></span> <span class='ocrx_word' id='word_1_150' title='bbox 482 1904 597 1953; x_wconf 87' lang='lat' dir='ltr'><strong>sine</strong></span> <span class='ocrx_word' id='word_1_151' title='bbox 628 1899 780 1952; x_wconf 89' lang='lat' dir='ltr'><strong>initio</strong></span> <span class='ocrx_word' id='word_1_152' title='bbox 806 1906 859 1950; x_wconf 87' lang='lat' dir='ltr'><strong>ct</strong></span> <span class='ocrx_word' id='word_1_153' title='bbox 886 1912 1096 1966; x_wconf 78' lang='lat' dir='ltr'><strong>semper</strong></span> <span class='ocrx_word' id='word_1_154' title='bbox 1124 1894 1289 1949; x_wconf 77' lang='lat' dir='ltr'><strong>fuisse</strong></span> <span class='ocrx_word' id='word_1_155' title='bbox 1324 1894 1609 1948; x_wconf 83' lang='lat' dir='ltr'><strong>alliriuaut.</strong></span> 
     </span>
    </p>
   </div>
   <div class='ocr_carea' id='block_1_21' title="bbox 273 1984 1770 2057">
    <p class='ocr_par' dir='ltr' id='par_1_21' title="bbox 273 1984 1770 2057">
     <span class='ocr_line' id='line_1_21' title="bbox 273 1984 1770 2057; baseline -0.003 -16"><span class='ocrx_word' id='word_1_156' title='bbox 273 1987 439 2041; x_wconf 90' lang='lat' dir='ltr'><strong>Inter.</strong></span> <span class='ocrx_word' id='word_1_157' title='bbox 464 1987 550 2041; x_wconf 70' lang='grc'><strong>45.</strong></span> <span class='ocrx_word' id='word_1_158' title='bbox 591 1988 701 2041; x_wconf 89' lang='lat' dir='ltr'><strong>Cur</strong></span> <span class='ocrx_word' id='word_1_159' title='bbox 749 1986 907 2056; x_wconf 74' lang='lat' dir='ltr'><strong>[dixit</strong></span> <span class='ocrx_word' id='word_1_160' title='bbox 936 2004 947 2037; x_wconf 94' lang='lat'>:</span> <span class='ocrx_word' id='word_1_161' title='bbox 984 1984 1070 2057; x_wconf 90' lang='lat' dir='ltr'><strong>In]</strong></span> <span class='ocrx_word' id='word_1_162' title='bbox 1120 1986 1203 2038; x_wconf 86' lang='lat' dir='ltr'><strong>die</strong></span> <span class='ocrx_word' id='word_1_163' title='bbox 1235 2002 1336 2054; x_wconf 90' lang='lat' dir='ltr'><strong>quo</strong></span> <span class='ocrx_word' id='word_1_164' title='bbox 1359 1986 1481 2053; x_wconf 73' lang='lat' dir='ltr'><strong>fecit</strong></span> <span class='ocrx_word' id='word_1_165' title='bbox 1511 1985 1693 2038; x_wconf 70' lang='lat' dir='ltr'><strong>calum</strong></span> <span class='ocrx_word' id='word_1_166' title='bbox 1723 1996 1770 2037; x_wconf 88' lang='lat' dir='ltr'><strong>et</strong></span> 
     </span>
    </p>
   </div>
   <div class='ocr_carea' id='block_1_22' title="bbox 202 2076 1771 2149">
    <p class='ocr_par' dir='ltr' id='par_1_22' title="bbox 202 2076 1771 2149">
     <span class='ocr_line' id='line_1_22' title="bbox 202 2076 1771 2149; baseline -0.001 -18"><span class='ocrx_word' id='word_1_167' title='bbox 202 2090 399 2134; x_wconf 87' lang='lat' dir='ltr'><strong>terram</strong></span> <span class='ocrx_word' id='word_1_168' title='bbox 436 2079 585 2149; x_wconf 82' lang='lat' dir='ltr'><strong>(rers.</strong></span> <span class='ocrx_word' id='word_1_169' title='bbox 606 2078 659 2149; x_wconf 68' lang='grc'><strong>4)</strong></span> <span class='ocrx_word' id='word_1_170' title='bbox 680 2119 693 2139; x_wconf 84' lang='grc'><strong>,</strong></span> <span class='ocrx_word' id='word_1_171' title='bbox 719 2087 771 2131; x_wconf 91' lang='lat' dir='ltr'><strong>et</strong></span> <span class='ocrx_word' id='word_1_172' title='bbox 800 2093 905 2131; x_wconf 87' lang='lat' dir='ltr'><strong>non</strong></span> <span class='ocrx_word' id='word_1_173' title='bbox 944 2096 956 2129; x_wconf 91' lang='lat'>:</span> <span class='ocrx_word' id='word_1_174' title='bbox 1005 2078 1058 2129; x_wconf 88' lang='lat' dir='ltr'><strong>in</strong></span> <span class='ocrx_word' id='word_1_175' title='bbox 1082 2077 1301 2131; x_wconf 76' lang='lat' dir='ltr'><strong>diebus?</strong></span> <span class='ocrx_word' id='word_1_176' title='bbox 1340 2106 1409 2116; x_wconf 90' lang='lat'><strong>—-</strong></span> <span class='ocrx_word' id='word_1_177' title='bbox 1440 2076 1592 2145; x_wconf 80' lang='lat' dir='ltr'><strong>Resp.</strong></span> <span class='ocrx_word' id='word_1_178' title='bbox 1622 2077 1771 2130; x_wconf 81' lang='lat' dir='ltr'><strong>Diem</strong></span> 
     </span>
    </p>
   </div>
   <div class='ocr_carea' id='block_1_23' title="bbox 146 2168 1769 2243">
    <p class='ocr_par' dir='ltr' id='par_1_23' title="bbox 146 2168 1769 2243">
     <span class='ocr_line' id='line_1_23' title="bbox 146 2168 1769 2243; baseline -0.002 -19"><span class='ocrx_word' id='word_1_179' title='bbox 146 2205 151 2210; x_wconf 91' lang='lat'><strong>-</strong></span> <span class='ocrx_word' id='word_1_180' title='bbox 202 2171 378 2243; x_wconf 83' lang='lat' dir='ltr'><strong>(vero)</strong></span> <span class='ocrx_word' id='word_1_181' title='bbox 405 2187 504 2241; x_wconf 87' lang='lat' dir='ltr'><strong>pro</strong></span> <span class='ocrx_word' id='word_1_182' title='bbox 542 2180 653 2225; x_wconf 90' lang='lat' dir='ltr'><strong>toto</strong></span> <span class='ocrx_word' id='word_1_183' title='bbox 703 2181 937 2243; x_wconf 71' lang='lat' dir='ltr'><strong>tempore.</strong></span> <span class='ocrx_word' id='word_1_184' title='bbox 977 2168 1339 2238; x_wconf 84' lang='lat' dir='ltr'><strong>primordialis</strong></span> <span class='ocrx_word' id='word_1_185' title='bbox 1375 2178 1634 2222; x_wconf 72' lang='lat' dir='ltr'><strong>creatura:</strong></span> <span class='ocrx_word' id='word_1_186' title='bbox 1670 2184 1769 2237; x_wconf 81' lang='lat' dir='ltr'><strong>po—</strong></span> 
     </span>
    </p>
   </div>
   <div class='ocr_carea' id='block_1_24' title="bbox 205 2256 1772 2329">
    <p class='ocr_par' dir='ltr' id='par_1_24' title="bbox 205 2256 1772 2329">
     <span class='ocr_line' id='line_1_24' title="bbox 205 2256 1772 2329; baseline -0.005 -13"><span class='ocrx_word' id='word_1_187' title='bbox 205 2262 348 2324; x_wconf 83' lang='lat' dir='ltr'><strong>suit,</strong></span> <span class='ocrx_word' id='word_1_188' title='bbox 375 2262 512 2316; x_wconf 89' lang='lat' dir='ltr'><strong>sicut</strong></span> <span class='ocrx_word' id='word_1_189' title='bbox 546 2270 600 2314; x_wconf 85' lang='lat' dir='ltr'><strong>et</strong></span> <span class='ocrx_word' id='word_1_190' title='bbox 639 2256 921 2329; x_wconf 73' lang='lat' dir='ltr'><strong>Apostolus</strong></span> <span class='ocrx_word' id='word_1_191' title='bbox 962 2274 976 2311; x_wconf 88' lang='lat'>:</span> <span class='ocrx_word' id='word_1_192' title='bbox 1020 2258 1149 2311; x_wconf 81' lang='lat' dir='ltr'><strong>Etce</strong></span> <span class='ocrx_word' id='word_1_193' title='bbox 1196 2256 1375 2327; x_wconf 77' lang='lat' dir='ltr'><strong>(nunc)</strong></span> <span class='ocrx_word' id='word_1_194' title='bbox 1429 2258 1538 2309; x_wconf 87' lang='lat' dir='ltr'><strong>dies</strong></span> <span class='ocrx_word' id='word_1_195' title='bbox 1589 2256 1772 2309; x_wconf 70' lang='lat' dir='ltr'><strong>salutis</strong></span> 
     </span>
    </p>
   </div>
   <div class='ocr_carea' id='block_1_25' title="bbox 211 2348 1768 2421">
    <p class='ocr_par' dir='ltr' id='par_1_25' title="bbox 211 2348 1768 2421">
     <span class='ocr_line' id='line_1_25' title="bbox 211 2348 1768 2421; baseline -0.003 -15"><span class='ocrx_word' id='word_1_196' title='bbox 211 2351 301 2420; x_wconf 87' lang='lat' dir='ltr'><strong>(II</strong></span> <span class='ocrx_word' id='word_1_197' title='bbox 318 2351 440 2406; x_wconf 87' lang='lat' dir='ltr'><strong>Cor.</strong></span> <span class='ocrx_word' id='word_1_198' title='bbox 458 2351 624 2421; x_wconf 74' lang='lat' dir='ltr'><strong>vt,2),</strong></span> <span class='ocrx_word' id='word_1_199' title='bbox 650 2353 787 2405; x_wconf 87' lang='lat' dir='ltr'><strong>diem</strong></span> <span class='ocrx_word' id='word_1_200' title='bbox 847 2359 1014 2405; x_wconf 90' lang='lat' dir='ltr'><strong>totum</strong></span> <span class='ocrx_word' id='word_1_201' title='bbox 1060 2359 1267 2419; x_wconf 87' lang='lat' dir='ltr'><strong>tempus</strong></span> <span class='ocrx_word' id='word_1_202' title='bbox 1315 2348 1532 2418; x_wconf 83' lang='lat' dir='ltr'><strong>intelligi</strong></span> <span class='ocrx_word' id='word_1_203' title='bbox 1587 2348 1768 2412; x_wconf 70' lang='lat' dir='ltr'><strong>voluit,</strong></span> 
     </span>
    </p>
   </div>
   <div class='ocr_carea' id='block_1_26' title="bbox 210 2438 1766 2512">
    <p class='ocr_par' dir='ltr' id='par_1_26' title="bbox 210 2438 1766 2512">
     <span class='ocr_line' id='line_1_26' title="bbox 210 2438 1766 2512; baseline -0.003 -18"><span class='ocrx_word' id='word_1_204' title='bbox 210 2458 319 2512; x_wconf 88' lang='lat' dir='ltr'><strong>quo</strong></span> <span class='ocrx_word' id='word_1_205' title='bbox 339 2510 343 2512; x_wconf 13' lang='grc' dir='ltr'><strong>Α</strong></span> <span class='ocrx_word' id='word_1_206' title='bbox 365 2443 539 2496; x_wconf 88' lang='lat' dir='ltr'><strong>sancti</strong></span> <span class='ocrx_word' id='word_1_207' title='bbox 571 2443 623 2494; x_wconf 91' lang='lat' dir='ltr'><strong>in</strong></span> <span class='ocrx_word' id='word_1_208' title='bbox 651 2442 750 2495; x_wconf 90' lang='lat' dir='ltr'><strong>hac</strong></span> <span class='ocrx_word' id='word_1_209' title='bbox 774 2442 881 2494; x_wconf 87' lang='lat' dir='ltr'><strong>vita</strong></span> <span class='ocrx_word' id='word_1_210' title='bbox 910 2455 1008 2509; x_wconf 88' lang='lat' dir='ltr'><strong>pro</strong></span> <span class='ocrx_word' id='word_1_211' title='bbox 1052 2449 1249 2493; x_wconf 66' lang='lat' dir='ltr'><strong>ceterna</strong></span> <span class='ocrx_word' id='word_1_212' title='bbox 1296 2438 1464 2492; x_wconf 87' lang='lat' dir='ltr'><strong>salute</strong></span> <span class='ocrx_word' id='word_1_213' title='bbox 1507 2438 1766 2492; x_wconf 76' lang='lat' dir='ltr'><strong>laborant.</strong></span> 
     </span>
    </p>
   </div>
   <div class='ocr_carea' id='block_1_27' title="bbox 277 2510 1769 2600">
    <p class='ocr_par' dir='ltr' id='par_1_27' title="bbox 277 2510 1769 2600">
     <span class='ocr_line' id='line_1_27' title="bbox 277 2510 1769 2600; baseline -0.005 -15"><span class='ocrx_word' id='word_1_214' title='bbox 277 2510 442 2585; x_wconf 76' lang='lat' dir='ltr'><strong>Inter.</strong></span> <span class='ocrx_word' id='word_1_215' title='bbox 468 2530 555 2584; x_wconf 65' lang='lat'><strong>46.</strong></span> <span class='ocrx_word' id='word_1_216' title='bbox 582 2529 718 2595; x_wconf 83' lang='lat' dir='ltr'><strong>Quid</strong></span> <span class='ocrx_word' id='word_1_217' title='bbox 744 2540 826 2583; x_wconf 89' lang='lat' dir='ltr'><strong>est</strong></span> <span class='ocrx_word' id='word_1_218' title='bbox 848 2529 1013 2600; x_wconf 87' lang='lat' dir='ltr'><strong>[quod</strong></span> <span class='ocrx_word' id='word_1_219' title='bbox 1049 2527 1202 2599; x_wconf 88' lang='lat' dir='ltr'><strong>dicit]</strong></span> <span class='ocrx_word' id='word_1_220' title='bbox 1236 2543 1249 2580; x_wconf 92' lang='lat'>:</span> <span class='ocrx_word' id='word_1_221' title='bbox 1294 2527 1455 2581; x_wconf 84' lang='lat' dir='ltr'><strong>Omne</strong></span> <span class='ocrx_word' id='word_1_222' title='bbox 1496 2528 1769 2596; x_wconf 68' lang='lat' dir='ltr'><strong>virgultum</strong></span> 
     </span>
    </p>
   </div>
   <div class='ocr_carea' id='block_1_28' title="bbox 208 2616 1771 2690">
    <p class='ocr_par' dir='ltr' id='par_1_28' title="bbox 208 2616 1771 2690">
     <span class='ocr_line' id='line_1_28' title="bbox 208 2616 1771 2690; baseline -0.004 -17"><span class='ocrx_word' id='word_1_223' title='bbox 208 2620 328 2690; x_wconf 84' lang='lat' dir='ltr'><strong>agri</strong></span> <span class='ocrx_word' id='word_1_224' title='bbox 378 2619 529 2689; x_wconf 82' lang='lat' dir='ltr'><strong>(Cen.</strong></span> <span class='ocrx_word' id='word_1_225' title='bbox 563 2635 634 2681; x_wconf 91' lang='grc' dir='ltr'><strong>ιι,</strong></span> <span class='ocrx_word' id='word_1_226' title='bbox 664 2618 717 2687; x_wconf 82' lang='lat'><strong>5)</strong></span> <span class='ocrx_word' id='word_1_227' title='bbox 765 2627 1049 2685; x_wconf 82' lang='lat' dir='ltr'><strong>antequam</strong></span> <span class='ocrx_word' id='word_1_228' title='bbox 1100 2617 1333 2671; x_wconf 87' lang='lat' dir='ltr'><strong>oriretur</strong></span> <span class='ocrx_word' id='word_1_229' title='bbox 1387 2618 1438 2669; x_wconf 91' lang='lat' dir='ltr'><strong>in</strong></span> <span class='ocrx_word' id='word_1_230' title='bbox 1483 2616 1660 2669; x_wconf 81' lang='lat' dir='ltr'><strong>terra?</strong></span> <span class='ocrx_word' id='word_1_231' title='bbox 1704 2644 1771 2654; x_wconf 86' lang='lat'><strong>-—</strong></span> 
     </span>
    </p>
   </div>
   <div class='ocr_carea' id='block_1_29' title="bbox 206 2705 1769 2777">
    <p class='ocr_par' dir='ltr' id='par_1_29' title="bbox 206 2705 1769 2777">
     <span class='ocr_line' id='line_1_29' title="bbox 206 2705 1769 2777; baseline -0.003 -16"><span class='ocrx_word' id='word_1_232' title='bbox 206 2707 366 2777; x_wconf 85' lang='lat' dir='ltr'><strong>Resp.</strong></span> <span class='ocrx_word' id='word_1_233' title='bbox 400 2708 468 2763; x_wconf 74' lang='lat' dir='ltr'><strong>Ut</strong></span> <span class='ocrx_word' id='word_1_234' title='bbox 489 2708 814 2762; x_wconf 89' lang='lat' dir='ltr'><strong>celeritatem</strong></span> <span class='ocrx_word' id='word_1_235' title='bbox 840 2706 1019 2776; x_wconf 85' lang='lat' dir='ltr'><strong>operis</strong></span> <span class='ocrx_word' id='word_1_236' title='bbox 1061 2706 1152 2760; x_wconf 89' lang='lat' dir='ltr'><strong>Dei</strong></span> <span class='ocrx_word' id='word_1_237' title='bbox 1188 2706 1512 2769; x_wconf 81' lang='lat' dir='ltr'><strong>insinuaret;</strong></span> <span class='ocrx_word' id='word_1_238' title='bbox 1563 2705 1617 2758; x_wconf 91' lang='lat' dir='ltr'><strong>id</strong></span> <span class='ocrx_word' id='word_1_239' title='bbox 1663 2714 1769 2765; x_wconf 86' lang='lat' dir='ltr'><strong>est,</strong></span> 
     </span>
    </p>
   </div>
   <div class='ocr_carea' id='block_1_30' title="bbox 205 2794 1771 2864">
    <p class='ocr_par' dir='ltr' id='par_1_30' title="bbox 205 2794 1771 2864">
     <span class='ocr_line' id='line_1_30' title="bbox 205 2794 1771 2864; baseline -0.001 -18"><span class='ocrx_word' id='word_1_240' title='bbox 205 2808 495 2864; x_wconf 81' lang='lat' dir='ltr'><strong>antequam</strong></span> <span class='ocrx_word' id='word_1_241' title='bbox 517 2796 677 2863; x_wconf 77' lang='lat' dir='ltr'><strong>aliqui</strong></span> <span class='ocrx_word' id='word_1_242' title='bbox 698 2795 901 2848; x_wconf 82' lang='lat' dir='ltr'><strong>fructus</strong></span> <span class='ocrx_word' id='word_1_243' title='bbox 922 2809 985 2848; x_wconf 88' lang='lat' dir='ltr'><strong>ex</strong></span> <span class='ocrx_word' id='word_1_244' title='bbox 1011 2803 1153 2849; x_wconf 88' lang='lat' dir='ltr'><strong>terra</strong></span> <span class='ocrx_word' id='word_1_245' title='bbox 1189 2795 1478 2847; x_wconf 76' lang='lat' dir='ltr'><strong>crescendo</strong></span> <span class='ocrx_word' id='word_1_246' title='bbox 1500 2794 1771 2846; x_wconf 87' lang='lat' dir='ltr'><strong>orirentur</strong></span> 
     </span>
    </p>
   </div>
   <div class='ocr_carea' id='block_1_31' title="bbox 204 2884 1771 2954">
    <p class='ocr_par' dir='ltr' id='par_1_31' title="bbox 204 2884 1771 2954">
     <span class='ocr_line' id='line_1_31' title="bbox 204 2884 1771 2954; baseline -0.002 -16"><span class='ocrx_word' id='word_1_247' title='bbox 204 2896 299 2941; x_wconf 88' lang='lat' dir='ltr'><strong>aut</strong></span> <span class='ocrx_word' id='word_1_248' title='bbox 325 2886 703 2954; x_wconf 85' lang='lat' dir='ltr'><strong>germinarent,</strong></span> <span class='ocrx_word' id='word_1_249' title='bbox 732 2893 950 2954; x_wconf 87' lang='lat' dir='ltr'><strong>repente</strong></span> <span class='ocrx_word' id='word_1_250' title='bbox 975 2900 1163 2939; x_wconf 81' lang='lat' dir='ltr'><strong>omnes</strong></span> <span class='ocrx_word' id='word_1_251' title='bbox 1187 2886 1358 2953; x_wconf 89' lang='lat' dir='ltr'><strong>campi</strong></span> <span class='ocrx_word' id='word_1_252' title='bbox 1385 2893 1439 2937; x_wconf 89' lang='lat' dir='ltr'><strong>et</strong></span> <span class='ocrx_word' id='word_1_253' title='bbox 1459 2884 1623 2938; x_wconf 87' lang='lat' dir='ltr'><strong>colles</strong></span> <span class='ocrx_word' id='word_1_254' title='bbox 1651 2884 1771 2936; x_wconf 89' lang='lat' dir='ltr'><strong>her-</strong></span> 
     </span>
    </p>
   </div>
   <div class='ocr_carea' id='block_1_32' title="bbox 204 2978 1136 3045">
    <p class='ocr_par' dir='ltr' id='par_1_32' title="bbox 204 2978 1136 3045">
     <span class='ocr_line' id='line_1_32' title="bbox 204 2978 1136 3045; baseline -0.004 -14"><span class='ocrx_word' id='word_1_255' title='bbox 204 2979 291 3032; x_wconf 90' lang='lat' dir='ltr'><strong>bis</strong></span> <span class='ocrx_word' id='word_1_256' title='bbox 315 2987 469 3033; x_wconf 90' lang='lat' dir='ltr'><strong>erant</strong></span> <span class='ocrx_word' id='word_1_257' title='bbox 493 2986 545 3032; x_wconf 87' lang='lat' dir='ltr'><strong>et</strong></span> <span class='ocrx_word' id='word_1_258' title='bbox 572 2978 853 3031; x_wconf 82' lang='lat' dir='ltr'><strong>arboribus</strong></span> <span class='ocrx_word' id='word_1_259' title='bbox 880 2978 1136 3045; x_wconf 88' lang='lat' dir='ltr'><strong>cooperti.</strong></span> 
     </span>
    </p>
   </div>
   <div class='ocr_carea' id='block_1_33' title="bbox 283 3065 1768 3135">
    <p class='ocr_par' dir='ltr' id='par_1_33' title="bbox 283 3065 1768 3135">
     <span class='ocr_line' id='line_1_33' title="bbox 283 3065 1768 3135; baseline -0.002 -15"><span class='ocrx_word' id='word_1_260' title='bbox 283 3066 449 3120; x_wconf 82' lang='lat' dir='ltr'><strong>Inter.</strong></span> <span class='ocrx_word' id='word_1_261' title='bbox 481 3067 567 3120; x_wconf 69' lang='grc'><strong>47.</strong></span> <span class='ocrx_word' id='word_1_262' title='bbox 596 3066 731 3132; x_wconf 89' lang='lat' dir='ltr'><strong>Quid</strong></span> <span class='ocrx_word' id='word_1_263' title='bbox 755 3076 875 3120; x_wconf 88' lang='lat' dir='ltr'><strong>est:</strong></span> <span class='ocrx_word' id='word_1_264' title='bbox 913 3066 1033 3119; x_wconf 82' lang='lat' dir='ltr'><strong>Non</strong></span> <span class='ocrx_word' id='word_1_265' title='bbox 1080 3068 1215 3122; x_wconf 64' lang='lat' dir='ltr'><strong>enim</strong></span> <span class='ocrx_word' id='word_1_266' title='bbox 1266 3065 1467 3135; x_wconf 78' lang='lat' dir='ltr'><strong>pluerat</strong></span> <span class='ocrx_word' id='word_1_267' title='bbox 1517 3065 1768 3118; x_wconf 83' lang='lat' dir='ltr'><strong>Dominus</strong></span> 
     </span>
    </p>
   </div>
   <div class='ocr_carea' id='block_1_34' title="bbox 204 3145 1771 3225">
    <p class='ocr_par' dir='ltr' id='par_1_34' title="bbox 204 3145 1771 3225">
     <span class='ocr_line' id='line_1_34' title="bbox 204 3145 1771 3225; baseline -0.002 -17"><span class='ocrx_word' id='word_1_268' title='bbox 204 3153 348 3209; x_wconf 79' lang='lat' dir='ltr'><strong>Deus</strong></span> <span class='ocrx_word' id='word_1_269' title='bbox 362 3170 513 3224; x_wconf 88' lang='lat' dir='ltr'><strong>super</strong></span> <span class='ocrx_word' id='word_1_270' title='bbox 541 3145 727 3206; x_wconf 83' lang='lat' dir='ltr'><strong>terram</strong></span> <span class='ocrx_word' id='word_1_271' title='bbox 752 3154 901 3225; x_wconf 82' lang='lat' dir='ltr'><strong>(rers.</strong></span> <span class='ocrx_word' id='word_1_272' title='bbox 921 3152 1011 3222; x_wconf 87' lang='lat'><strong>5)?</strong></span> <span class='ocrx_word' id='word_1_273' title='bbox 1029 3183 1096 3192; x_wconf 90' lang='lat'><strong><em>—</em></strong></span> <span class='ocrx_word' id='word_1_274' title='bbox 1116 3152 1265 3223; x_wconf 87' lang='lat' dir='ltr'><strong>Resp.</strong></span> <span class='ocrx_word' id='word_1_275' title='bbox 1298 3154 1366 3209; x_wconf 87' lang='lat' dir='ltr'><strong>Ut</strong></span> <span class='ocrx_word' id='word_1_276' title='bbox 1394 3153 1771 3222; x_wconf 71' lang='lat' dir='ltr'><strong>intelligeretur</strong></span> 
     </span>
    </p>
   </div>
   <div class='ocr_carea' id='block_1_35' title="bbox 211 3212 1842 3312">
    <p class='ocr_par' dir='ltr' id='par_1_35' title="bbox 211 3212 1842 3312">
     <span class='ocr_line' id='line_1_35' title="bbox 211 3212 1842 3312; baseline -0.003 -13"><span class='ocrx_word' id='word_1_277' title='bbox 211 3252 467 3300; x_wconf 74' lang='lat' dir='ltr'><strong>r:uantum</strong></span> <span class='ocrx_word' id='word_1_278' title='bbox 495 3244 666 3311; x_wconf 89' lang='lat' dir='ltr'><strong>prima</strong></span> <span class='ocrx_word' id='word_1_279' title='bbox 712 3251 867 3297; x_wconf 80' lang='lat' dir='ltr'><strong>terra:</strong></span> <span class='ocrx_word' id='word_1_280' title='bbox 890 3243 1208 3312; x_wconf 77' lang='lat' dir='ltr'><strong>geminatio</strong></span> <span class='ocrx_word' id='word_1_281' title='bbox 1246 3258 1275 3295; x_wconf 89' lang='lat' dir='ltr'><strong>a</strong></span> <span class='ocrx_word' id='word_1_282' title='bbox 1316 3238 1567 3296; x_wconf 75' lang='lat' dir='ltr'><strong>moderna</strong></span> <span class='ocrx_word' id='word_1_283' title='bbox 1597 3242 1766 3295; x_wconf 82' lang='lat' dir='ltr'><strong>dista-</strong></span> <span class='ocrx_word' id='word_1_284' title='bbox 1794 3212 1842 3272; x_wconf 67' lang='grc' dir='ltr'><strong>ο</strong></span> 
     </span>
    </p>
   </div>
   <div class='ocr_carea' id='block_1_36' title="bbox 204 3329 1767 3401">
    <p class='ocr_par' dir='ltr' id='par_1_36' title="bbox 204 3329 1767 3401">
     <span class='ocr_line' id='line_1_36' title="bbox 204 3329 1767 3401; baseline -0.003 -14"><span class='ocrx_word' id='word_1_285' title='bbox 204 3334 317 3401; x_wconf 81' lang='lat' dir='ltr'><strong>bat,</strong></span> <span class='ocrx_word' id='word_1_286' title='bbox 351 3346 468 3399; x_wconf 71' lang='lat' dir='ltr'><strong>qua:</strong></span> <span class='ocrx_word' id='word_1_287' title='bbox 493 3331 715 3384; x_wconf 89' lang='lat' dir='ltr'><strong>morulis</strong></span> <span class='ocrx_word' id='word_1_288' title='bbox 734 3332 799 3385; x_wconf 91' lang='lat' dir='ltr'><strong>ad</strong></span> <span class='ocrx_word' id='word_1_289' title='bbox 826 3331 1127 3401; x_wconf 76' lang='lat' dir='ltr'><strong>pluviarum</strong></span> <span class='ocrx_word' id='word_1_290' title='bbox 1152 3331 1515 3399; x_wconf 68' lang='lat' dir='ltr'><strong>irrigatiouem</strong></span> <span class='ocrx_word' id='word_1_291' title='bbox 1536 3329 1626 3385; x_wconf 80' lang='lat' dir='ltr'><strong>vix</strong></span> <span class='ocrx_word' id='word_1_292' title='bbox 1648 3336 1767 3384; x_wconf 82' lang='lat' dir='ltr'><strong>tan—</strong></span> 
     </span>
    </p>
   </div>
   <div class='ocr_carea' id='block_1_37' title="bbox 202 3407 1766 3491">
    <p class='ocr_par' dir='ltr' id='par_1_37' title="bbox 202 3407 1766 3491">
     <span class='ocr_line' id='line_1_37' title="bbox 202 3407 1766 3491; baseline -0.001 -14"><span class='ocrx_word' id='word_1_293' title='bbox 202 3421 325 3477; x_wconf 85' lang='lat' dir='ltr'><strong>dem</strong></span> <span class='ocrx_word' id='word_1_294' title='bbox 351 3431 405 3475; x_wconf 90' lang='lat' dir='ltr'><strong>et</strong></span> <span class='ocrx_word' id='word_1_295' title='bbox 434 3422 587 3476; x_wconf 81' lang='lat' dir='ltr'><strong>tarde</strong></span> <span class='ocrx_word' id='word_1_296' title='bbox 614 3407 884 3489; x_wconf 80' lang='lat' dir='ltr'><strong>perliciiur</strong></span> <span class='ocrx_word' id='word_1_297' title='bbox 915 3439 927 3474; x_wconf 92' lang='lat'>:</span> <span class='ocrx_word' id='word_1_298' title='bbox 966 3423 1052 3476; x_wconf 78' lang='lat' dir='ltr'><strong>illa</strong></span> <span class='ocrx_word' id='word_1_299' title='bbox 1078 3436 1204 3474; x_wconf 87' lang='lat' dir='ltr'><strong>vero</strong></span> <span class='ocrx_word' id='word_1_300' title='bbox 1231 3420 1296 3473; x_wconf 90' lang='lat' dir='ltr'><strong>ad</strong></span> <span class='ocrx_word' id='word_1_301' title='bbox 1316 3416 1556 3489; x_wconf 65' lang='lat' dir='ltr'><strong>iubentis</strong></span> <span class='ocrx_word' id='word_1_302' title='bbox 1598 3420 1766 3491; x_wconf 77' lang='lat' dir='ltr'><strong>impe-</strong></span> 
     </span>
    </p>
   </div>
   <div class='ocr_carea' id='block_1_38' title="bbox 207 3513 1395 3582">
    <p class='ocr_par' dir='ltr' id='par_1_38' title="bbox 207 3513 1395 3582">
     <span class='ocr_line' id='line_1_38' title="bbox 207 3513 1395 3582; baseline 0 -17"><span class='ocrx_word' id='word_1_303' title='bbox 207 3513 346 3565; x_wconf 87' lang='lat' dir='ltr'><strong>rium</strong></span> <span class='ocrx_word' id='word_1_304' title='bbox 372 3528 491 3568; x_wconf 88' lang='lat' dir='ltr'><strong>mox</strong></span> <span class='ocrx_word' id='word_1_305' title='bbox 525 3522 710 3566; x_wconf 76' lang='lat' dir='ltr'><strong>exorta</strong></span> <span class='ocrx_word' id='word_1_306' title='bbox 736 3513 1001 3582; x_wconf 87' lang='lat' dir='ltr'><strong>apparuit.</strong></span> <span class='ocrx_word' id='word_1_307' title='bbox 1079 3544 1089 3553; x_wconf 70' lang='grc' dir='ltr'><strong><em>ο</em></strong></span> <span class='ocrx_word' id='word_1_308' title='bbox 1390 3528 1395 3533; x_wconf 95' lang='grc'>·</span> 
     </span>
    </p>
   </div>
   <div class='ocr_carea' id='block_1_39' title="bbox 278 3598 1767 3674">
    <p class='ocr_par' dir='ltr' id='par_1_39' title="bbox 278 3598 1767 3674">
     <span class='ocr_line' id='line_1_39' title="bbox 278 3598 1767 3674; baseline 0.001 -21"><span class='ocrx_word' id='word_1_309' title='bbox 278 3599 441 3653; x_wconf 81' lang='lat' dir='ltr'><strong>Inter.</strong></span> <span class='ocrx_word' id='word_1_310' title='bbox 467 3598 552 3653; x_wconf 65' lang='lat' dir='ltr'><strong>i8.</strong></span> <span class='ocrx_word' id='word_1_311' title='bbox 590 3600 727 3666; x_wconf 84' lang='lat' dir='ltr'><strong>Quid</strong></span> <span class='ocrx_word' id='word_1_312' title='bbox 770 3610 852 3655; x_wconf 88' lang='lat' dir='ltr'><strong>est</strong></span> <span class='ocrx_word' id='word_1_313' title='bbox 893 3600 1132 3672; x_wconf 65' lang='lat' dir='ltr'><strong>(iterum,</strong></span> <span class='ocrx_word' id='word_1_314' title='bbox 1168 3600 1308 3669; x_wconf 89' lang='lat' dir='ltr'><strong>quod</strong></span> <span class='ocrx_word' id='word_1_315' title='bbox 1350 3601 1506 3674; x_wconf 78' lang='lat' dir='ltr'><strong>dixit]</strong></span> <span class='ocrx_word' id='word_1_316' title='bbox 1554 3620 1565 3655; x_wconf 93' lang='lat'><strong>:</strong></span> <span class='ocrx_word' id='word_1_317' title='bbox 1623 3601 1767 3655; x_wconf 80' lang='lat' dir='ltr'><strong>Fons</strong></span> 
     </span>
    </p>
   </div>
   <div class='ocr_carea' id='block_1_40' title="bbox 204 3694 1766 3764">
    <p class='ocr_par' dir='ltr' id='par_1_40' title="bbox 204 3694 1766 3764">
     <span class='ocr_line' id='line_1_40' title="bbox 204 3694 1766 3764; baseline 0 -18"><span class='ocrx_word' id='word_1_318' title='bbox 204 3694 511 3748; x_wconf 69' lang='lat' dir='ltr'><strong>ascendebat</strong></span> <span class='ocrx_word' id='word_1_319' title='bbox 544 3695 608 3747; x_wconf 81' lang='lat' dir='ltr'><strong>de</strong></span> <span class='ocrx_word' id='word_1_320' title='bbox 634 3704 773 3747; x_wconf 86' lang='lat' dir='ltr'><strong>terra</strong></span> <span class='ocrx_word' id='word_1_321' title='bbox 818 3697 1041 3764; x_wconf 81' lang='lat' dir='ltr'><strong>irrigans</strong></span> <span class='ocrx_word' id='word_1_322' title='bbox 1091 3696 1328 3748; x_wconf 72' lang='lat' dir='ltr'><strong>uniuersa</strong></span> <span class='ocrx_word' id='word_1_323' title='bbox 1378 3710 1530 3764; x_wconf 86' lang='lat' dir='ltr'><strong>super</strong></span> <span class='ocrx_word' id='word_1_324' title='bbox 1579 3694 1766 3764; x_wconf 77' lang='lat' dir='ltr'><strong>faciens</strong></span> 
     </span>
    </p>
   </div>
   <div class='ocr_carea' id='block_1_41' title="bbox 206 3780 1765 3854">
    <p class='ocr_par' dir='ltr' id='par_1_41' title="bbox 206 3780 1765 3854">
     <span class='ocr_line' id='line_1_41' title="bbox 206 3780 1765 3854; baseline -0.002 -19"><span class='ocrx_word' id='word_1_325' title='bbox 206 3780 355 3853; x_wconf 71' lang='lat' dir='ltr'><strong>[Ms.,</strong></span> <span class='ocrx_word' id='word_1_326' title='bbox 384 3782 676 3835; x_wconf 80' lang='lat' dir='ltr'><strong>universam</strong></span> <span class='ocrx_word' id='word_1_327' title='bbox 704 3780 1050 3854; x_wconf 74' lang='lat' dir='ltr'><strong>superﬁciem]</strong></span> <span class='ocrx_word' id='word_1_328' title='bbox 1099 3792 1254 3834; x_wconf 78' lang='lat' dir='ltr'><strong>terra:</strong></span> <span class='ocrx_word' id='word_1_329' title='bbox 1312 3780 1465 3850; x_wconf 84' lang='lat' dir='ltr'><strong>(Gen.</strong></span> <span class='ocrx_word' id='word_1_330' title='bbox 1497 3797 1557 3844; x_wconf 91' lang='grc' dir='ltr'><strong>ιι,</strong></span> <span class='ocrx_word' id='word_1_331' title='bbox 1581 3780 1673 3851; x_wconf 82' lang='lat'><strong>6)?</strong></span> <span class='ocrx_word' id='word_1_332' title='bbox 1698 3811 1765 3820; x_wconf 92' lang='lat'><strong>-—</strong></span> 
     </span>
    </p>
   </div>
   <div class='ocr_carea' id='block_1_42' title="bbox 208 3869 1769 3943">
    <p class='ocr_par' dir='ltr' id='par_1_42' title="bbox 208 3869 1769 3943">
     <span class='ocr_line' id='line_1_42' title="bbox 208 3869 1769 3943; baseline -0.001 -17"><span class='ocrx_word' id='word_1_333' title='bbox 208 3869 367 3943; x_wconf 87' lang='lat' dir='ltr'><strong>Resp.</strong></span> <span class='ocrx_word' id='word_1_334' title='bbox 394 3872 500 3927; x_wconf 82' lang='lat' dir='ltr'><strong>Aut</strong></span> <span class='ocrx_word' id='word_1_335' title='bbox 538 3873 604 3927; x_wconf 88' lang='lat' dir='ltr'><strong>de</strong></span> <span class='ocrx_word' id='word_1_336' title='bbox 630 3872 743 3927; x_wconf 83' lang='lat' dir='ltr'><strong>solo</strong></span> <span class='ocrx_word' id='word_1_337' title='bbox 768 3872 896 3926; x_wconf 89' lang='lat' dir='ltr'><strong>dicit</strong></span> <span class='ocrx_word' id='word_1_338' title='bbox 922 3872 1185 3941; x_wconf 82' lang='lat' dir='ltr'><strong>paradiso,</strong></span> <span class='ocrx_word' id='word_1_339' title='bbox 1205 3872 1294 3941; x_wconf 92' lang='lat' dir='ltr'><strong>qui</strong></span> <span class='ocrx_word' id='word_1_340' title='bbox 1322 3887 1427 3925; x_wconf 90' lang='lat' dir='ltr'><strong>uno</strong></span> <span class='ocrx_word' id='word_1_341' title='bbox 1464 3870 1606 3925; x_wconf 77' lang='lat' dir='ltr'><strong>fonte</strong></span> <span class='ocrx_word' id='word_1_342' title='bbox 1648 3871 1769 3925; x_wconf 61' lang='lat' dir='ltr'><strong>irrio</strong></span> 
     </span>
    </p>
   </div>
   <div class='ocr_carea' id='block_1_43' title="bbox 206 3960 1766 4031">
    <p class='ocr_par' dir='ltr' id='par_1_43' title="bbox 206 3960 1766 4031">
     <span class='ocr_line' id='line_1_43' title="bbox 206 3960 1766 4031; baseline 0.001 -19"><span class='ocrx_word' id='word_1_343' title='bbox 206 3960 320 4028; x_wconf 84' lang='lat' dir='ltr'><strong>gari</strong></span> <span class='ocrx_word' id='word_1_344' title='bbox 344 3960 615 4025; x_wconf 88' lang='lat' dir='ltr'><strong>creditur;</strong></span> <span class='ocrx_word' id='word_1_345' title='bbox 647 3967 760 4024; x_wconf 84' lang='lat' dir='ltr'><strong>aut,</strong></span> <span class='ocrx_word' id='word_1_346' title='bbox 779 3960 822 4014; x_wconf 83' lang='lat' dir='ltr'><strong>si</strong></span> <span class='ocrx_word' id='word_1_347' title='bbox 848 3960 915 4015; x_wconf 88' lang='lat' dir='ltr'><strong>de</strong></span> <span class='ocrx_word' id='word_1_348' title='bbox 934 3970 1046 4014; x_wconf 91' lang='lat' dir='ltr'><strong>tota</strong></span> <span class='ocrx_word' id='word_1_349' title='bbox 1072 3970 1211 4015; x_wconf 88' lang='lat' dir='ltr'><strong>terra</strong></span> <span class='ocrx_word' id='word_1_350' title='bbox 1242 3960 1635 4031; x_wconf 87' lang='lat' dir='ltr'><strong>intelligendum</strong></span> <span class='ocrx_word' id='word_1_351' title='bbox 1664 3968 1766 4023; x_wconf 88' lang='lat' dir='ltr'><strong>est,</strong></span> 
     </span>
    </p>
   </div>
   <div class='ocr_carea' id='block_1_44' title="bbox 205 4051 1583 4131">
    <p class='ocr_par' dir='ltr' id='par_1_44' title="bbox 205 4051 1583 4131">
     <span class='ocr_line' id='line_1_44' title="bbox 205 4051 1583 4131; baseline 0.004 -30"><span class='ocrx_word' id='word_1_352' title='bbox 205 4063 421 4102; x_wconf 88' lang='lat' dir='ltr'><strong>omnem</strong></span> <span class='ocrx_word' id='word_1_353' title='bbox 454 4064 712 4117; x_wconf 87' lang='lat' dir='ltr'><strong>aquarum</strong></span> <span class='ocrx_word' id='word_1_354' title='bbox 746 4051 1124 4109; x_wconf 83' lang='lat' dir='ltr'><strong>abundantiam</strong></span> <span class='ocrx_word' id='word_1_355' title='bbox 1151 4053 1383 4124; x_wconf 67' lang='lat' dir='ltr'><strong>intelligi.</strong></span> <span class='ocrx_word' id='word_1_356' title='bbox 1401 4054 1583 4131; x_wconf 51' lang='lat' dir='ltr'><strong>Voluit.</strong></span> 
     </span>
    </p>
   </div>
   <div class='ocr_carea' id='block_1_45' title="bbox 282 4156 1769 4235">
    <p class='ocr_par' dir='ltr' id='par_1_45' title="bbox 282 4156 1769 4235">
     <span class='ocr_line' id='line_1_45' title="bbox 282 4156 1769 4235; baseline 0.004 -23"><span class='ocrx_word' id='word_1_357' title='bbox 282 4159 444 4212; x_wconf 88' lang='lat' dir='ltr'><strong>Inter.</strong></span> <span class='ocrx_word' id='word_1_358' title='bbox 484 4158 573 4212; x_wconf 72' lang='grc'><strong>49.</strong></span> <span class='ocrx_word' id='word_1_359' title='bbox 614 4156 880 4215; x_wconf 79' lang='lat' dir='ltr'><strong>Formavit</strong></span> <span class='ocrx_word' id='word_1_360' title='bbox 914 4163 1072 4230; x_wconf 86' lang='lat' dir='ltr'><strong>igitur</strong></span> <span class='ocrx_word' id='word_1_361' title='bbox 1104 4161 1399 4235; x_wconf 85' lang='lat' dir='ltr'><strong>(Dominus)</strong></span> <span class='ocrx_word' id='word_1_362' title='bbox 1435 4163 1578 4219; x_wconf 81' lang='lat' dir='ltr'><strong>Deus</strong></span> <span class='ocrx_word' id='word_1_363' title='bbox 1602 4166 1769 4218; x_wconf 74' lang='lat' dir='ltr'><strong>Itami-</strong></span> 
     </span>
    </p>
   </div>
   <div class='ocr_carea' id='block_1_46' title="bbox 207 4250 1766 4325">
    <p class='ocr_par' dir='ltr' id='par_1_46' title="bbox 207 4250 1766 4325">
     <span class='ocr_line' id='line_1_46' title="bbox 207 4250 1766 4325; baseline 0.005 -22"><span class='ocrx_word' id='word_1_364' title='bbox 207 4266 323 4303; x_wconf 78' lang='lat' dir='ltr'><strong>nem</strong></span> <span class='ocrx_word' id='word_1_365' title='bbox 353 4251 416 4303; x_wconf 90' lang='lat' dir='ltr'><strong>de</strong></span> <span class='ocrx_word' id='word_1_366' title='bbox 440 4250 562 4302; x_wconf 86' lang='lat' dir='ltr'><strong>limo</strong></span> <span class='ocrx_word' id='word_1_367' title='bbox 587 4260 738 4305; x_wconf 76' lang='lat' dir='ltr'><strong>terra:</strong></span> <span class='ocrx_word' id='word_1_368' title='bbox 769 4250 919 4321; x_wconf 85' lang='lat' dir='ltr'><strong>(Gen.</strong></span> <span class='ocrx_word' id='word_1_369' title='bbox 950 4269 1011 4315; x_wconf 92' lang='grc' dir='ltr'><strong>ιι,</strong></span> <span class='ocrx_word' id='word_1_370' title='bbox 1032 4253 1109 4323; x_wconf 85' lang='grc'><strong>7).</strong></span> <span class='ocrx_word' id='word_1_371' title='bbox 1130 4253 1266 4319; x_wconf 82' lang='lat' dir='ltr'><strong>Quid</strong></span> <span class='ocrx_word' id='word_1_372' title='bbox 1292 4255 1484 4325; x_wconf 79' lang='lat' dir='ltr'><strong>igitur?</strong></span> <span class='ocrx_word' id='word_1_373' title='bbox 1511 4254 1645 4309; x_wconf 85' lang='lat' dir='ltr'><strong>Num</strong></span> <span class='ocrx_word' id='word_1_374' title='bbox 1663 4271 1766 4311; x_wconf 87' lang='lat' dir='ltr'><strong>non</strong></span> 
     </span>
    </p>
   </div>
   <div class='ocr_carea' id='block_1_47' title="bbox 206 4342 1765 4417">
    <p class='ocr_par' dir='ltr' id='par_1_47' title="bbox 206 4342 1765 4417">
     <span class='ocr_line' id='line_1_47' title="bbox 206 4342 1765 4417; baseline 0.004 -23"><span class='ocrx_word' id='word_1_375' title='bbox 206 4350 353 4403; x_wconf 84' lang='lat' dir='ltr'><strong>ante,</strong></span> <span class='ocrx_word' id='word_1_376' title='bbox 385 4342 468 4394; x_wconf 85' lang='lat' dir='ltr'><strong>die</strong></span> <span class='ocrx_word' id='word_1_377' title='bbox 491 4350 661 4402; x_wconf 88' lang='lat' dir='ltr'><strong>sexto,</strong></span> <span class='ocrx_word' id='word_1_378' title='bbox 690 4342 850 4397; x_wconf 89' lang='lat' dir='ltr'><strong>homo</strong></span> <span class='ocrx_word' id='word_1_379' title='bbox 875 4343 1069 4413; x_wconf 86' lang='lat' dir='ltr'><strong>legitur</strong></span> <span class='ocrx_word' id='word_1_380' title='bbox 1090 4359 1208 4399; x_wconf 89' lang='lat' dir='ltr'><strong>esse</strong></span> <span class='ocrx_word' id='word_1_381' title='bbox 1244 4346 1491 4399; x_wconf 80' lang='lat' dir='ltr'><strong>creatus?</strong></span> <span class='ocrx_word' id='word_1_382' title='bbox 1514 4375 1583 4385; x_wconf 89' lang='lat'><strong>—</strong></span> <span class='ocrx_word' id='word_1_383' title='bbox 1610 4346 1765 4417; x_wconf 82' lang='lat' dir='ltr'><strong>Resp.</strong></span> 
     </span>
    </p>
   </div>
   <div class='ocr_carea' id='block_1_48' title="bbox 204 4430 1769 4509">
    <p class='ocr_par' dir='ltr' id='par_1_48' title="bbox 204 4430 1769 4509">
     <span class='ocr_line' id='line_1_48' title="bbox 204 4430 1769 4509; baseline 0.006 -26"><span class='ocrx_word' id='word_1_384' title='bbox 204 4430 327 4483; x_wconf 77' lang='lat' dir='ltr'><strong>1am</strong></span> <span class='ocrx_word' id='word_1_385' title='bbox 354 4431 539 4485; x_wconf 86' lang='lat' dir='ltr'><strong>stricte</strong></span> <span class='ocrx_word' id='word_1_386' title='bbox 562 4432 985 4502; x_wconf 72' lang='lat' dir='ltr'><strong>[Ms.,strictim,</strong></span> <span class='ocrx_word' id='word_1_387' title='bbox 1018 4436 1089 4488; x_wconf 87' lang='lat' dir='ltr'><strong>al.</strong></span> <span class='ocrx_word' id='word_1_388' title='bbox 1116 4436 1307 4509; x_wconf 87' lang='lat' dir='ltr'><strong>omitt.]</strong></span> <span class='ocrx_word' id='word_1_389' title='bbox 1336 4438 1486 4507; x_wconf 91' lang='lat' dir='ltr'><strong>prius</strong></span> <span class='ocrx_word' id='word_1_390' title='bbox 1512 4453 1608 4507; x_wconf 90' lang='lat' dir='ltr'><strong>per</strong></span> <span class='ocrx_word' id='word_1_391' title='bbox 1631 4439 1769 4492; x_wconf 88' lang='lat' dir='ltr'><strong>auti-</strong></span> 
     </span>
    </p>
   </div>
   <div class='ocr_carea' id='block_1_49' title="bbox 1879 633 3429 707">
    <p class='ocr_par' dir='ltr' id='par_1_49' title="bbox 1879 633 3429 707">
     <span class='ocr_line' id='line_1_49' title="bbox 1879 633 3429 707; baseline 0.005 -20"><span class='ocrx_word' id='word_1_392' title='bbox 1879 634 2212 702; x_wconf 82' lang='lat' dir='ltr'><strong>l&#39;eraciusque</strong></span> <span class='ocrx_word' id='word_1_393' title='bbox 2236 633 2386 706; x_wconf 72' lang='lat' dir='ltr'><strong>{.lIs.,</strong></span> <span class='ocrx_word' id='word_1_394' title='bbox 2422 635 2685 707; x_wconf 72' lang='lat' dir='ltr'><strong>velamus]</strong></span> <span class='ocrx_word' id='word_1_395' title='bbox 2714 639 3075 705; x_wconf 72' lang='lat' dir='ltr'><strong>provenirent.</strong></span> <span class='ocrx_word' id='word_1_396' title='bbox 3120 638 3183 692; x_wconf 83' lang='lat' dir='ltr'><strong>Et</strong></span> <span class='ocrx_word' id='word_1_397' title='bbox 3214 644 3429 694; x_wconf 82' lang='lat' dir='ltr'><strong>custodi-</strong></span> 
     </span>
    </p>
   </div>
   <div class='ocr_carea' id='block_1_50' title="bbox 1879 722 3433 799">
    <p class='ocr_par' dir='ltr' id='par_1_50' title="bbox 1879 722 3433 799">
     <span class='ocr_line' id='line_1_50' title="bbox 1879 722 3433 799; baseline 0.006 -25"><span class='ocrx_word' id='word_1_398' title='bbox 1879 734 1951 777; x_wconf 81' lang='lat' dir='ltr'><strong>ret</strong></span> <span class='ocrx_word' id='word_1_399' title='bbox 1978 722 2147 786; x_wconf 86' lang='lat' dir='ltr'><strong>illum,</strong></span> <span class='ocrx_word' id='word_1_400' title='bbox 2171 733 2230 775; x_wconf 89' lang='grc' dir='ltr'><strong>ιιι</strong></span> <span class='ocrx_word' id='word_1_401' title='bbox 2264 727 2555 778; x_wconf 84' lang='lat' dir='ltr'><strong>custodiret</strong></span> <span class='ocrx_word' id='word_1_402' title='bbox 2578 727 2821 780; x_wconf 84' lang='lat' dir='ltr'><strong>eumdem</strong></span> <span class='ocrx_word' id='word_1_403' title='bbox 2844 727 3150 795; x_wconf 79' lang='lat' dir='ltr'><strong>paradisum</strong></span> <span class='ocrx_word' id='word_1_404' title='bbox 3184 730 3281 782; x_wconf 83' lang='lat' dir='ltr'><strong>sibi</strong></span> <span class='ocrx_word' id='word_1_405' title='bbox 3310 731 3433 799; x_wconf 87' lang='lat' dir='ltr'><strong>ipsi,</strong></span> 
     </span>
    </p>
   </div>
   <div class='ocr_carea' id='block_1_51' title="bbox 1875 812 3446 891">
    <p class='ocr_par' dir='ltr' id='par_1_51' title="bbox 1875 812 3446 891">
     <span class='ocr_line' id='line_1_51' title="bbox 1875 812 3446 891; baseline 0.008 -28"><span class='ocrx_word' id='word_1_406' title='bbox 1875 823 1928 866; x_wconf 78' lang='lat' dir='ltr'><strong>et</strong></span> <span class='ocrx_word' id='word_1_407' title='bbox 1960 812 2110 891; x_wconf 66' lang='lat' dir='ltr'><strong>[Ms.,</strong></span> <span class='ocrx_word' id='word_1_408' title='bbox 2138 812 2223 882; x_wconf 82' lang='lat' dir='ltr'><strong>ne]</strong></span> <span class='ocrx_word' id='word_1_409' title='bbox 2255 815 2297 865; x_wconf 83' lang='lat' dir='ltr'><strong>si</strong></span> <span class='ocrx_word' id='word_1_410' title='bbox 2331 814 2529 883; x_wconf 87' lang='lat' dir='ltr'><strong>aliquid</strong></span> <span class='ocrx_word' id='word_1_411' title='bbox 2571 816 2872 879; x_wconf 81' lang='lat' dir='ltr'><strong>amitteret,</strong></span> <span class='ocrx_word' id='word_1_412' title='bbox 2899 826 2958 869; x_wconf 91' lang='lat' dir='ltr'><strong>ut</strong></span> <span class='ocrx_word' id='word_1_413' title='bbox 3001 818 3119 871; x_wconf 90' lang='lat' dir='ltr'><strong>inde</strong></span> <span class='ocrx_word' id='word_1_414' title='bbox 3148 832 3446 876; x_wconf 84' lang='lat' dir='ltr'><strong>mereretur</strong></span> 
     </span>
    </p>
   </div>
   <div class='ocr_carea' id='block_1_52' title="bbox 1874 908 2087 976">
    <p class='ocr_par' dir='ltr' id='par_1_52' title="bbox 1874 908 2087 976">
     <span class='ocr_line' id='line_1_52' title="bbox 1874 908 2087 976; baseline -0.005 -16"><span class='ocrx_word' id='word_1_415' title='bbox 1874 908 2087 976; x_wconf 59' lang='lat' dir='ltr'><strong>expelli.</strong></span> 
     </span>
    </p>
   </div>
   <div class='ocr_carea' id='block_1_53' title="bbox 1948 996 3438 1067">
    <p class='ocr_par' dir='ltr' id='par_1_53' title="bbox 1948 996 3438 1067">
     <span class='ocr_line' id='line_1_53' title="bbox 1948 996 3438 1067; baseline 0.007 -20"><span class='ocrx_word' id='word_1_416' title='bbox 1948 996 2109 1048; x_wconf 84' lang='lat' dir='ltr'><strong>Inter.</strong></span> <span class='ocrx_word' id='word_1_417' title='bbox 2141 997 2226 1050; x_wconf 72' lang='lat'><strong>52.</strong></span> <span class='ocrx_word' id='word_1_418' title='bbox 2260 997 2366 1051; x_wconf 87' lang='lat' dir='ltr'><strong>Cur</strong></span> <span class='ocrx_word' id='word_1_419' title='bbox 2394 997 2591 1051; x_wconf 70' lang='lat' dir='ltr'><strong>diczunt</strong></span> <span class='ocrx_word' id='word_1_420' title='bbox 2617 1008 2699 1051; x_wconf 86' lang='lat' dir='ltr'><strong>est</strong></span> <span class='ocrx_word' id='word_1_421' title='bbox 2733 1018 2743 1049; x_wconf 90' lang='lat'><strong>:</strong></span> <span class='ocrx_word' id='word_1_422' title='bbox 2787 998 3004 1067; x_wconf 84' lang='lat' dir='ltr'><strong>Lignum</strong></span> <span class='ocrx_word' id='word_1_423' title='bbox 3050 1002 3276 1054; x_wconf 78' lang='lat' dir='ltr'><strong>scicntia‘</strong></span> <span class='ocrx_word' id='word_1_424' title='bbox 3318 1003 3438 1057; x_wconf 80' lang='lat' dir='ltr'><strong>boni</strong></span> 
     </span>
    </p>
   </div>
   <div class='ocr_carea' id='block_1_54' title="bbox 1872 1086 3439 1161">
    <p class='ocr_par' dir='ltr' id='par_1_54' title="bbox 1872 1086 3439 1161">
     <span class='ocr_line' id='line_1_54' title="bbox 1872 1086 3439 1161; baseline 0.005 -23"><span class='ocrx_word' id='word_1_425' title='bbox 1872 1100 1917 1138; x_wconf 91' lang='lat' dir='ltr'><strong>et</strong></span> <span class='ocrx_word' id='word_1_426' title='bbox 1964 1086 2088 1139; x_wconf 83' lang='lat' dir='ltr'><strong>ntali</strong></span> <span class='ocrx_word' id='word_1_427' title='bbox 2138 1086 2305 1155; x_wconf 79' lang='lat' dir='ltr'><strong>(Cen.</strong></span> <span class='ocrx_word' id='word_1_428' title='bbox 2353 1088 2543 1157; x_wconf 86' lang='lat' dir='ltr'><strong>II.9)?</strong></span> <span class='ocrx_word' id='word_1_429' title='bbox 2591 1118 2661 1127; x_wconf 89' lang='lat'><strong>-—-</strong></span> <span class='ocrx_word' id='word_1_430' title='bbox 2711 1088 2866 1156; x_wconf 67' lang='lat' dir='ltr'><strong>Resp.</strong></span> <span class='ocrx_word' id='word_1_431' title='bbox 2913 1088 3023 1142; x_wconf 74' lang='lat' dir='ltr'><strong>Non</strong></span> <span class='ocrx_word' id='word_1_432' title='bbox 3076 1092 3216 1158; x_wconf 83' lang='lat' dir='ltr'><strong>quod</strong></span> <span class='ocrx_word' id='word_1_433' title='bbox 3263 1092 3439 1161; x_wconf 70' lang='lat' dir='ltr'><strong>ipsiim</strong></span> 
     </span>
    </p>
   </div>
   <div class='ocr_carea' id='block_1_55' title="bbox 1874 1176 3439 1246">
    <p class='ocr_par' dir='ltr' id='par_1_55' title="bbox 1874 1176 3439 1246">
     <span class='ocr_line' id='line_1_55' title="bbox 1874 1176 3439 1246; baseline 0.004 -17"><span class='ocrx_word' id='word_1_434' title='bbox 1874 1176 2073 1246; x_wconf 75' lang='lat' dir='ltr'><strong>lignum</strong></span> <span class='ocrx_word' id='word_1_435' title='bbox 2116 1179 2168 1230; x_wconf 91' lang='lat' dir='ltr'><strong>in</strong></span> <span class='ocrx_word' id='word_1_436' title='bbox 2198 1194 2289 1231; x_wconf 84' lang='lat' dir='ltr'><strong>sua</strong></span> <span class='ocrx_word' id='word_1_437' title='bbox 2320 1190 2508 1231; x_wconf 88' lang='lat' dir='ltr'><strong>natura</strong></span> <span class='ocrx_word' id='word_1_438' title='bbox 2554 1178 2814 1232; x_wconf 85' lang='lat' dir='ltr'><strong>rationale</strong></span> <span class='ocrx_word' id='word_1_439' title='bbox 2858 1189 3019 1241; x_wconf 56' lang='lat' dir='ltr'><strong>esset,</strong></span> <span class='ocrx_word' id='word_1_440' title='bbox 3053 1181 3129 1233; x_wconf 87' lang='lat' dir='ltr'><strong>vel</strong></span> <span class='ocrx_word' id='word_1_441' title='bbox 3163 1183 3439 1237; x_wconf 79' lang='lat' dir='ltr'><strong>scientiam</strong></span> 
     </span>
    </p>
   </div>
   <div class='ocr_carea' id='block_1_56' title="bbox 1873 1265 3445 1340">
    <p class='ocr_par' dir='ltr' id='par_1_56' title="bbox 1873 1265 3445 1340">
     <span class='ocr_line' id='line_1_56' title="bbox 1873 1265 3445 1340; baseline 0.005 -22"><span class='ocrx_word' id='word_1_442' title='bbox 1873 1265 2001 1319; x_wconf 88' lang='lat' dir='ltr'><strong>boni</strong></span> <span class='ocrx_word' id='word_1_443' title='bbox 2030 1273 2083 1319; x_wconf 91' lang='lat' dir='ltr'><strong>et</strong></span> <span class='ocrx_word' id='word_1_444' title='bbox 2113 1266 2236 1319; x_wconf 88' lang='lat' dir='ltr'><strong>mali</strong></span> <span class='ocrx_word' id='word_1_445' title='bbox 2265 1268 2564 1329; x_wconf 85' lang='lat' dir='ltr'><strong>habuisset;</strong></span> <span class='ocrx_word' id='word_1_446' title='bbox 2590 1268 2679 1320; x_wconf 88' lang='lat' dir='ltr'><strong>sed</strong></span> <span class='ocrx_word' id='word_1_447' title='bbox 2706 1268 2847 1336; x_wconf 77' lang='lat' dir='ltr'><strong>quod</strong></span> <span class='ocrx_word' id='word_1_448' title='bbox 2880 1268 3036 1321; x_wconf 90' lang='lat' dir='ltr'><strong>homo</strong></span> <span class='ocrx_word' id='word_1_449' title='bbox 3075 1268 3126 1321; x_wconf 93' lang='lat' dir='ltr'><strong>in</strong></span> <span class='ocrx_word' id='word_1_450' title='bbox 3175 1282 3237 1322; x_wconf 89' lang='lat' dir='ltr'><strong>eo</strong></span> <span class='ocrx_word' id='word_1_451' title='bbox 3281 1286 3445 1340; x_wconf 76' lang='lat' dir='ltr'><strong>espo-</strong></span> 
     </span>
    </p>
   </div>
   <div class='ocr_carea' id='block_1_57' title="bbox 1874 1356 3437 1425">
    <p class='ocr_par' dir='ltr' id='par_1_57' title="bbox 1874 1356 3437 1425">
     <span class='ocr_line' id='line_1_57' title="bbox 1874 1356 3437 1425; baseline 0.003 -16"><span class='ocrx_word' id='word_1_452' title='bbox 1874 1356 1967 1409; x_wconf 90' lang='lat' dir='ltr'><strong>riri</strong></span> <span class='ocrx_word' id='word_1_453' title='bbox 1999 1365 2052 1408; x_wconf 85' lang='lat' dir='ltr'><strong>et</strong></span> <span class='ocrx_word' id='word_1_454' title='bbox 2080 1358 2217 1410; x_wconf 86' lang='lat' dir='ltr'><strong>scire</strong></span> <span class='ocrx_word' id='word_1_455' title='bbox 2240 1357 2412 1425; x_wconf 88' lang='lat' dir='ltr'><strong>potuit</strong></span> <span class='ocrx_word' id='word_1_456' title='bbox 2435 1356 2559 1424; x_wconf 89' lang='lat' dir='ltr'><strong>quid</strong></span> <span class='ocrx_word' id='word_1_457' title='bbox 2584 1366 2727 1409; x_wconf 82' lang='lat' dir='ltr'><strong>esset</strong></span> <span class='ocrx_word' id='word_1_458' title='bbox 2749 1358 2888 1409; x_wconf 76' lang='lat' dir='ltr'><strong>inter</strong></span> <span class='ocrx_word' id='word_1_459' title='bbox 2909 1357 3223 1411; x_wconf 71' lang='lat' dir='ltr'><strong>ohcdientim</strong></span> <span class='ocrx_word' id='word_1_460' title='bbox 3242 1359 3437 1414; x_wconf 88' lang='lat' dir='ltr'><strong>bonum</strong></span> 
     </span>
    </p>
   </div>
   <div class='ocr_carea' id='block_1_58' title="bbox 1870 1446 3092 1500">
    <p class='ocr_par' dir='ltr' id='par_1_58' title="bbox 1870 1446 3092 1500">
     <span class='ocr_line' id='line_1_58' title="bbox 1870 1446 3092 1500; baseline -0.002 -1"><span class='ocrx_word' id='word_1_461' title='bbox 1870 1455 1924 1499; x_wconf 82' lang='lat' dir='ltr'><strong>et</strong></span> <span class='ocrx_word' id='word_1_462' title='bbox 1958 1446 2325 1499; x_wconf 72' lang='lat' dir='ltr'><strong>inoberiicntize</strong></span> <span class='ocrx_word' id='word_1_463' title='bbox 2354 1446 2571 1500; x_wconf 86' lang='lat' dir='ltr'><strong>malum.</strong></span> <span class='ocrx_word' id='word_1_464' title='bbox 3083 1451 3092 1464; x_wconf 83' lang='lat'><strong>‘</strong></span> 
     </span>
    </p>
   </div>
   <div class='ocr_carea' id='block_1_59' title="bbox 1944 1533 3441 1607">
    <p class='ocr_par' dir='ltr' id='par_1_59' title="bbox 1944 1533 3441 1607">
     <span class='ocr_line' id='line_1_59' title="bbox 1944 1533 3441 1607; baseline 0.006 -19"><span class='ocrx_word' id='word_1_465' title='bbox 1944 1536 2104 1589; x_wconf 72' lang='lat' dir='ltr'><strong>Inter.</strong></span> <span class='ocrx_word' id='word_1_466' title='bbox 2146 1533 2232 1589; x_wconf 71' lang='lat'><strong>33.</strong></span> <span class='ocrx_word' id='word_1_467' title='bbox 2262 1534 2397 1602; x_wconf 84' lang='lat' dir='ltr'><strong>Quid</strong></span> <span class='ocrx_word' id='word_1_468' title='bbox 2428 1535 2691 1605; x_wconf 70' lang='lat' dir='ltr'><strong>significat</strong></span> <span class='ocrx_word' id='word_1_469' title='bbox 2722 1538 2772 1590; x_wconf 93' lang='lat' dir='ltr'><strong>in</strong></span> <span class='ocrx_word' id='word_1_470' title='bbox 2802 1553 2864 1592; x_wconf 86' lang='lat' dir='ltr'><strong>eo</strong></span> <span class='ocrx_word' id='word_1_471' title='bbox 2895 1541 3035 1607; x_wconf 83' lang='lat' dir='ltr'><strong>quod</strong></span> <span class='ocrx_word' id='word_1_472' title='bbox 3069 1541 3200 1593; x_wconf 65' lang='lat' dir='ltr'><strong>dixit</strong></span> <span class='ocrx_word' id='word_1_473' title='bbox 3230 1558 3243 1593; x_wconf 88' lang='lat'>:</span> <span class='ocrx_word' id='word_1_474' title='bbox 3278 1542 3441 1597; x_wconf 79' lang='lat' dir='ltr'><strong>Morte</strong></span> 
     </span>
    </p>
   </div>
   <div class='ocr_carea' id='block_1_60' title="bbox 1873 1625 3439 1696">
    <p class='ocr_par' dir='ltr' id='par_1_60' title="bbox 1873 1625 3439 1696">
     <span class='ocr_line' id='line_1_60' title="bbox 1873 1625 3439 1696; baseline 0.006 -19"><span class='ocrx_word' id='word_1_475' title='bbox 1873 1626 2103 1677; x_wconf 75' lang='lat' dir='ltr'><strong>morieris</strong></span> <span class='ocrx_word' id='word_1_476' title='bbox 2128 1628 2275 1696; x_wconf 81' lang='lat' dir='ltr'><strong>(rers.</strong></span> <span class='ocrx_word' id='word_1_477' title='bbox 2296 1625 2642 1695; x_wconf 72' lang='lat' dir='ltr'><strong>i7)?-—Rcsp.</strong></span> <span class='ocrx_word' id='word_1_478' title='bbox 2664 1628 2933 1695; x_wconf 85' lang='lat' dir='ltr'><strong>Duplieeln</strong></span> <span class='ocrx_word' id='word_1_479' title='bbox 2958 1630 3187 1684; x_wconf 83' lang='lat' dir='ltr'><strong>hominis</strong></span> <span class='ocrx_word' id='word_1_480' title='bbox 3214 1641 3439 1687; x_wconf 84' lang='lat' dir='ltr'><strong>mortem</strong></span> 
     </span>
    </p>
   </div>
   <div class='ocr_carea' id='block_1_61' title="bbox 1870 1713 3433 1785">
    <p class='ocr_par' dir='ltr' id='par_1_61' title="bbox 1870 1713 3433 1785">
     <span class='ocr_line' id='line_1_61' title="bbox 1870 1713 3433 1785; baseline 0.006 -21"><span class='ocrx_word' id='word_1_481' title='bbox 1870 1713 2132 1782; x_wconf 81' lang='lat' dir='ltr'><strong>designat,</strong></span> <span class='ocrx_word' id='word_1_482' title='bbox 2164 1714 2213 1766; x_wconf 93' lang='lat' dir='ltr'><strong>id</strong></span> <span class='ocrx_word' id='word_1_483' title='bbox 2238 1723 2340 1776; x_wconf 93' lang='lat' dir='ltr'><strong>est,</strong></span> <span class='ocrx_word' id='word_1_484' title='bbox 2360 1715 2553 1769; x_wconf 76' lang='lat' dir='ltr'><strong>auinizu</strong></span> <span class='ocrx_word' id='word_1_485' title='bbox 2576 1723 2629 1770; x_wconf 88' lang='lat' dir='ltr'><strong>et</strong></span> <span class='ocrx_word' id='word_1_486' title='bbox 2648 1716 2906 1785; x_wconf 84' lang='lat' dir='ltr'><strong>corporis.</strong></span> <span class='ocrx_word' id='word_1_487' title='bbox 2929 1717 3133 1772; x_wconf 70' lang='lat' dir='ltr'><strong>Animae</strong></span> <span class='ocrx_word' id='word_1_488' title='bbox 3157 1735 3301 1773; x_wconf 91' lang='lat' dir='ltr'><strong>mors</strong></span> <span class='ocrx_word' id='word_1_489' title='bbox 3327 1730 3433 1783; x_wconf 79' lang='lat' dir='ltr'><strong>est,</strong></span> 
     </span>
    </p>
   </div>
   <div class='ocr_carea' id='block_1_62' title="bbox 1870 1804 3431 1874">
    <p class='ocr_par' dir='ltr' id='par_1_62' title="bbox 1870 1804 3431 1874">
     <span class='ocr_line' id='line_1_62' title="bbox 1870 1804 3431 1874; baseline 0.006 -19"><span class='ocrx_word' id='word_1_490' title='bbox 1870 1804 1995 1857; x_wconf 87' lang='lat' dir='ltr'><strong>dum</strong></span> <span class='ocrx_word' id='word_1_491' title='bbox 2020 1813 2237 1872; x_wconf 88' lang='lat' dir='ltr'><strong>propter</strong></span> <span class='ocrx_word' id='word_1_492' title='bbox 2262 1812 2539 1874; x_wconf 84' lang='lat' dir='ltr'><strong>peccatum</strong></span> <span class='ocrx_word' id='word_1_493' title='bbox 2578 1807 2852 1873; x_wconf 74' lang='lat' dir='ltr'><strong>quodlibet</strong></span> <span class='ocrx_word' id='word_1_494' title='bbox 2887 1808 3119 1860; x_wconf 89' lang='lat' dir='ltr'><strong>animam</strong></span> <span class='ocrx_word' id='word_1_495' title='bbox 3164 1809 3302 1863; x_wconf 89' lang='lat' dir='ltr'><strong>Deus</strong></span> <span class='ocrx_word' id='word_1_496' title='bbox 3339 1811 3431 1865; x_wconf 86' lang='lat' dir='ltr'><strong>de-</strong></span> 
     </span>
    </p>
   </div>
   <div class='ocr_carea' id='block_1_63' title="bbox 1803 1887 3437 1964">
    <p class='ocr_par' dir='ltr' id='par_1_63' title="bbox 1803 1887 3437 1964">
     <span class='ocr_line' id='line_1_63' title="bbox 1803 1887 3437 1964; baseline 0.007 -21"><span class='ocrx_word' id='word_1_497' title='bbox 1803 1887 1843 1943; x_wconf 80' lang='grc' dir='ltr'><strong>Β</strong></span> <span class='ocrx_word' id='word_1_498' title='bbox 1874 1893 2021 1945; x_wconf 85' lang='lat' dir='ltr'><strong>serit.</strong></span> <span class='ocrx_word' id='word_1_499' title='bbox 2046 1892 2300 1961; x_wconf 88' lang='lat' dir='ltr'><strong>Corporis</strong></span> <span class='ocrx_word' id='word_1_500' title='bbox 2324 1909 2468 1947; x_wconf 86' lang='lat' dir='ltr'><strong>mors</strong></span> <span class='ocrx_word' id='word_1_501' title='bbox 2489 1902 2595 1955; x_wconf 85' lang='lat' dir='ltr'><strong>est,</strong></span> <span class='ocrx_word' id='word_1_502' title='bbox 2628 1895 2751 1947; x_wconf 88' lang='lat' dir='ltr'><strong>dum</strong></span> <span class='ocrx_word' id='word_1_503' title='bbox 2798 1907 3016 1964; x_wconf 72' lang='lat' dir='ltr'><strong>propter</strong></span> <span class='ocrx_word' id='word_1_504' title='bbox 3063 1900 3437 1954; x_wconf 80' lang='lat' dir='ltr'><strong>necessitatem</strong></span> 
     </span>
    </p>
   </div>
   <div class='ocr_carea' id='block_1_64' title="bbox 1878 1982 3441 2058">
    <p class='ocr_par' dir='ltr' id='par_1_64' title="bbox 1878 1982 3441 2058">
     <span class='ocr_line' id='line_1_64' title="bbox 1878 1982 3441 2058; baseline 0.007 -26"><span class='ocrx_word' id='word_1_505' title='bbox 1878 1982 2173 2048; x_wconf 83' lang='lat' dir='ltr'><strong>quamlibet</strong></span> <span class='ocrx_word' id='word_1_506' title='bbox 2228 1997 2423 2051; x_wconf 88' lang='lat' dir='ltr'><strong>corpus</strong></span> <span class='ocrx_word' id='word_1_507' title='bbox 2478 1983 2744 2036; x_wconf 87' lang='lat' dir='ltr'><strong>deseritur</strong></span> <span class='ocrx_word' id='word_1_508' title='bbox 2783 1986 2868 2058; x_wconf 87' lang='lat' dir='ltr'><strong>_ab</strong></span> <span class='ocrx_word' id='word_1_509' title='bbox 2918 1987 3122 2039; x_wconf 82' lang='lat' dir='ltr'><strong>auiam.</strong></span> <span class='ocrx_word' id='word_1_510' title='bbox 3182 1987 3248 2039; x_wconf 77' lang='lat' dir='ltr'><strong>Et</strong></span> <span class='ocrx_word' id='word_1_511' title='bbox 3303 1988 3441 2043; x_wconf 84' lang='lat' dir='ltr'><strong>hanc.</strong></span> 
     </span>
    </p>
   </div>
   <div class='ocr_carea' id='block_1_65' title="bbox 1876 2073 3438 2152">
    <p class='ocr_par' dir='ltr' id='par_1_65' title="bbox 1876 2073 3438 2152">
     <span class='ocr_line' id='line_1_65' title="bbox 1876 2073 3438 2152; baseline 0.005 -26"><span class='ocrx_word' id='word_1_512' title='bbox 1876 2074 2087 2144; x_wconf 87' lang='lat' dir='ltr'><strong>duplam</strong></span> <span class='ocrx_word' id='word_1_513' title='bbox 2116 2075 2349 2129; x_wconf 84' lang='lat' dir='ltr'><strong>hominis</strong></span> <span class='ocrx_word' id='word_1_514' title='bbox 2376 2082 2602 2128; x_wconf 88' lang='lat' dir='ltr'><strong>mortem</strong></span> <span class='ocrx_word' id='word_1_515' title='bbox 2632 2073 2879 2129; x_wconf 87' lang='lat' dir='ltr'><strong>Christus</strong></span> <span class='ocrx_word' id='word_1_516' title='bbox 2896 2091 2988 2129; x_wconf 89' lang='lat' dir='ltr'><strong>sua</strong></span> <span class='ocrx_word' id='word_1_517' title='bbox 3015 2077 3200 2146; x_wconf 84' lang='lat' dir='ltr'><strong>simpla</strong></span> <span class='ocrx_word' id='word_1_518' title='bbox 3222 2077 3438 2152; x_wconf 78' lang='lat' dir='ltr'><strong>[morte]</strong></span> 
     </span>
    </p>
   </div>
   <div class='ocr_carea' id='block_1_66' title="bbox 1874 2162 3437 2235">
    <p class='ocr_par' dir='ltr' id='par_1_66' title="bbox 1874 2162 3437 2235">
     <span class='ocr_line' id='line_1_66' title="bbox 1874 2162 3437 2235; baseline 0.005 -20"><span class='ocrx_word' id='word_1_519' title='bbox 1874 2163 2155 2216; x_wconf 77' lang='lat' dir='ltr'><strong>destruxit.</strong></span> <span class='ocrx_word' id='word_1_520' title='bbox 2188 2162 2321 2216; x_wconf 77' lang='lat' dir='ltr'><strong>Nam</strong></span> <span class='ocrx_word' id='word_1_521' title='bbox 2350 2162 2463 2217; x_wconf 77' lang='lat' dir='ltr'><strong>sola</strong></span> <span class='ocrx_word' id='word_1_522' title='bbox 2503 2178 2665 2218; x_wconf 86' lang='lat' dir='ltr'><strong>carne</strong></span> <span class='ocrx_word' id='word_1_523' title='bbox 2695 2172 2937 2218; x_wconf 89' lang='lat' dir='ltr'><strong>mortuus</strong></span> <span class='ocrx_word' id='word_1_524' title='bbox 2967 2175 3050 2219; x_wconf 88' lang='lat' dir='ltr'><strong>est</strong></span> <span class='ocrx_word' id='word_1_525' title='bbox 3082 2167 3148 2220; x_wconf 91' lang='lat' dir='ltr'><strong>ad</strong></span> <span class='ocrx_word' id='word_1_526' title='bbox 3196 2177 3437 2235; x_wconf 86' lang='lat' dir='ltr'><strong>tempus,</strong></span> 
     </span>
    </p>
   </div>
   <div class='ocr_carea' id='block_1_67' title="bbox 1874 2252 3249 2323">
    <p class='ocr_par' dir='ltr' id='par_1_67' title="bbox 1874 2252 3249 2323">
     <span class='ocr_line' id='line_1_67' title="bbox 1874 2252 3249 2323; baseline 0.003 -19"><span class='ocrx_word' id='word_1_527' title='bbox 1874 2252 2050 2305; x_wconf 87' lang='lat' dir='ltr'><strong>anima</strong></span> <span class='ocrx_word' id='word_1_528' title='bbox 2076 2267 2201 2307; x_wconf 85' lang='lat' dir='ltr'><strong>vero</strong></span> <span class='ocrx_word' id='word_1_529' title='bbox 2227 2267 2518 2321; x_wconf 89' lang='lat' dir='ltr'><strong>nunquam,</strong></span> <span class='ocrx_word' id='word_1_530' title='bbox 2542 2253 2664 2322; x_wconf 90' lang='lat' dir='ltr'><strong>quia</strong></span> <span class='ocrx_word' id='word_1_531' title='bbox 2692 2268 2961 2322; x_wconf 82' lang='lat' dir='ltr'><strong>nunquam</strong></span> <span class='ocrx_word' id='word_1_532' title='bbox 2988 2257 3249 2323; x_wconf 85' lang='lat' dir='ltr'><strong>peccavit.</strong></span> 
     </span>
    </p>
   </div>
   <div class='ocr_carea' id='block_1_68' title="bbox 1945 2341 3435 2413">
    <p class='ocr_par' dir='ltr' id='par_1_68' title="bbox 1945 2341 3435 2413">
     <span class='ocr_line' id='line_1_68' title="bbox 1945 2341 3435 2413; baseline 0.005 -18"><span class='ocrx_word' id='word_1_533' title='bbox 1945 2341 2107 2396; x_wconf 83' lang='lat' dir='ltr'><strong>Inter.</strong></span> <span class='ocrx_word' id='word_1_534' title='bbox 2132 2342 2219 2396; x_wconf 71' lang='grc'><strong>54.</strong></span> <span class='ocrx_word' id='word_1_535' title='bbox 2251 2342 2400 2398; x_wconf 77' lang='lat' dir='ltr'><strong>Unde</strong></span> <span class='ocrx_word' id='word_1_536' title='bbox 2434 2344 2633 2398; x_wconf 89' lang='lat' dir='ltr'><strong>dicitur</strong></span> <span class='ocrx_word' id='word_1_537' title='bbox 2660 2361 2671 2395; x_wconf 91' lang='lat'><strong><em>:</em></strong></span> <span class='ocrx_word' id='word_1_538' title='bbox 2705 2346 2936 2398; x_wconf 74' lang='lat' dir='ltr'><strong>Adduxit</strong></span> <span class='ocrx_word' id='word_1_539' title='bbox 2960 2363 3023 2399; x_wconf 88' lang='lat' dir='ltr'><strong>ea</strong></span> <span class='ocrx_word' id='word_1_540' title='bbox 3054 2349 3121 2400; x_wconf 75' lang='lat' dir='ltr'><strong>ad</strong></span> <span class='ocrx_word' id='word_1_541' title='bbox 3149 2349 3314 2403; x_wconf 83' lang='lat' dir='ltr'><strong>Adam</strong></span> <span class='ocrx_word' id='word_1_542' title='bbox 3334 2392 3348 2413; x_wconf 89' lang='lat'><strong>,</strong></span> <span class='ocrx_word' id='word_1_543' title='bbox 3377 2361 3435 2405; x_wconf 81' lang='lat' dir='ltr'><strong>ut</strong></span> 
     </span>
    </p>
   </div>
   <div class='ocr_carea' id='block_1_69' title="bbox 1874 2433 3431 2509">
    <p class='ocr_par' dir='ltr' id='par_1_69' title="bbox 1874 2433 3431 2509">
     <span class='ocr_line' id='line_1_69' title="bbox 1874 2433 3431 2509; baseline 0.007 -24"><span class='ocrx_word' id='word_1_544' title='bbox 1874 2433 2059 2487; x_wconf 75' lang='lat' dir='ltr'><strong>rideret</strong></span> <span class='ocrx_word' id='word_1_545' title='bbox 2086 2434 2210 2503; x_wconf 84' lang='lat' dir='ltr'><strong>quid</strong></span> <span class='ocrx_word' id='word_1_546' title='bbox 2236 2445 2434 2488; x_wconf 74' lang='lat' dir='ltr'><strong>uocaret</strong></span> <span class='ocrx_word' id='word_1_547' title='bbox 2458 2452 2517 2487; x_wconf 88' lang='lat' dir='ltr'><strong>ea</strong></span> <span class='ocrx_word' id='word_1_548' title='bbox 2548 2433 2698 2503; x_wconf 82' lang='lat' dir='ltr'><strong>(Gen.</strong></span> <span class='ocrx_word' id='word_1_549' title='bbox 2726 2452 2763 2489; x_wconf 90' lang='grc' dir='ltr'><strong>ιι</strong></span> <span class='ocrx_word' id='word_1_550' title='bbox 2784 2476 2797 2498; x_wconf 90' lang='grc'><strong>,</strong></span> <span class='ocrx_word' id='word_1_551' title='bbox 2826 2436 2944 2504; x_wconf 76' lang='lat'><strong>19)?</strong></span> <span class='ocrx_word' id='word_1_552' title='bbox 2994 2467 3063 2476; x_wconf 92' lang='lat'><strong><em>—</em></strong></span> <span class='ocrx_word' id='word_1_553' title='bbox 3107 2439 3261 2509; x_wconf 76' lang='lat' dir='ltr'><strong>Resp.</strong></span> <span class='ocrx_word' id='word_1_554' title='bbox 3318 2441 3431 2497; x_wconf 72' lang='lat' dir='ltr'><strong>Non</strong></span> 
     </span>
    </p>
   </div>
   <div class='ocr_carea' id='block_1_70' title="bbox 1873 2510 3431 2598">
    <p class='ocr_par' dir='ltr' id='par_1_70' title="bbox 1873 2510 3431 2598">
     <span class='ocr_line' id='line_1_70' title="bbox 1873 2510 3431 2598; baseline 0.006 -23"><span class='ocrx_word' id='word_1_555' title='bbox 1873 2510 2099 2578; x_wconf 80' lang='lat' dir='ltr'><strong>circuitu</strong></span> <span class='ocrx_word' id='word_1_556' title='bbox 2142 2525 2297 2579; x_wconf 89' lang='lat' dir='ltr'><strong>locali</strong></span> <span class='ocrx_word' id='word_1_557' title='bbox 2338 2526 2629 2588; x_wconf 81' lang='lat' dir='ltr'><strong>adducens,</strong></span> <span class='ocrx_word' id='word_1_558' title='bbox 2661 2524 2753 2579; x_wconf 79' lang='lat' dir='ltr'><strong>sed</strong></span> <span class='ocrx_word' id='word_1_559' title='bbox 2794 2526 3002 2580; x_wconf 77' lang='lat' dir='ltr'><strong>occulto</strong></span> <span class='ocrx_word' id='word_1_560' title='bbox 3042 2537 3169 2581; x_wconf 88' lang='lat' dir='ltr'><strong>nutu</strong></span> <span class='ocrx_word' id='word_1_561' title='bbox 3199 2544 3307 2584; x_wconf 74' lang='lat' dir='ltr'><strong>sure</strong></span> <span class='ocrx_word' id='word_1_562' title='bbox 3336 2548 3431 2598; x_wconf 83' lang='lat' dir='ltr'><strong>po-</strong></span> 
     </span>
    </p>
   </div>
   <div class='ocr_carea' id='block_1_71' title="bbox 1873 2616 2603 2669">
    <p class='ocr_par' dir='ltr' id='par_1_71' title="bbox 1873 2616 2603 2669">
     <span class='ocr_line' id='line_1_71' title="bbox 1873 2616 2603 2669; baseline -0.003 0"><span class='ocrx_word' id='word_1_563' title='bbox 1873 2617 2052 2669; x_wconf 70' lang='lat' dir='ltr'><strong>tentiae</strong></span> <span class='ocrx_word' id='word_1_564' title='bbox 2078 2616 2241 2669; x_wconf 80' lang='lat' dir='ltr'><strong>voluit</strong></span> <span class='ocrx_word' id='word_1_565' title='bbox 2264 2626 2321 2669; x_wconf 92' lang='lat' dir='ltr'><strong>ut</strong></span> <span class='ocrx_word' id='word_1_566' title='bbox 2343 2616 2603 2669; x_wconf 83' lang='lat' dir='ltr'><strong>venirent.</strong></span> 
     </span>
    </p>
   </div>
   <div class='ocr_carea' id='block_1_72' title="bbox 1940 2724 3431 2795">
    <p class='ocr_par' dir='ltr' id='par_1_72' title="bbox 1940 2724 3431 2795">
     <span class='ocr_line' id='line_1_72' title="bbox 1940 2724 3431 2795; baseline 0.005 -19"><span class='ocrx_word' id='word_1_567' title='bbox 1940 2724 2102 2795; x_wconf 78' lang='lat'><strong>309</strong></span> <span class='ocrx_word' id='word_1_568' title='bbox 2129 2724 2286 2778; x_wconf 84' lang='lat' dir='ltr'><strong>Inter.</strong></span> <span class='ocrx_word' id='word_1_569' title='bbox 2314 2724 2401 2778; x_wconf 78' lang='lat'><strong>55.</strong></span> <span class='ocrx_word' id='word_1_570' title='bbox 2426 2724 2535 2779; x_wconf 89' lang='lat' dir='ltr'><strong>Cur</strong></span> <span class='ocrx_word' id='word_1_571' title='bbox 2560 2724 2728 2780; x_wconf 85' lang='lat' dir='ltr'><strong>voluit</strong></span> <span class='ocrx_word' id='word_1_572' title='bbox 2763 2725 2904 2780; x_wconf 85' lang='lat' dir='ltr'><strong>Deus</strong></span> <span class='ocrx_word' id='word_1_573' title='bbox 2928 2736 2987 2780; x_wconf 89' lang='lat' dir='ltr'><strong>ut</strong></span> <span class='ocrx_word' id='word_1_574' title='bbox 3028 2729 3188 2781; x_wconf 87' lang='lat' dir='ltr'><strong>homo</strong></span> <span class='ocrx_word' id='word_1_575' title='bbox 3217 2733 3431 2784; x_wconf 77' lang='lat' dir='ltr'><strong>eunetis</strong></span> 
     </span>
    </p>
   </div>
   <div class='ocr_carea' id='block_1_73' title="bbox 1872 2816 3428 2889">
    <p class='ocr_par' dir='ltr' id='par_1_73' title="bbox 1872 2816 3428 2889">
     <span class='ocr_line' id='line_1_73' title="bbox 1872 2816 3428 2889; baseline 0.006 -21"><span class='ocrx_word' id='word_1_576' title='bbox 1872 2816 2235 2870; x_wconf 86' lang='lat' dir='ltr'><strong>animantibus</strong></span> <span class='ocrx_word' id='word_1_577' title='bbox 2265 2817 2479 2870; x_wconf 80' lang='lat' dir='ltr'><strong>nomina</strong></span> <span class='ocrx_word' id='word_1_578' title='bbox 2511 2817 2845 2885; x_wconf 76' lang='lat' dir='ltr'><strong>imponeret?</strong></span> <span class='ocrx_word' id='word_1_579' title='bbox 2870 2848 2941 2857; x_wconf 96' lang='lat'>—</span> <span class='ocrx_word' id='word_1_580' title='bbox 2971 2817 3123 2889; x_wconf 86' lang='lat' dir='ltr'><strong>Resp.</strong></span> <span class='ocrx_word' id='word_1_581' title='bbox 3156 2820 3225 2876; x_wconf 86' lang='lat' dir='ltr'><strong>Ut</strong></span> <span class='ocrx_word' id='word_1_582' title='bbox 3268 2820 3428 2878; x_wconf 86' lang='lat' dir='ltr'><strong>homo</strong></span> 
     </span>
    </p>
   </div>
   <div class='ocr_carea' id='block_1_74' title="bbox 1874 2906 3431 2976">
    <p class='ocr_par' dir='ltr' id='par_1_74' title="bbox 1874 2906 3431 2976">
     <span class='ocr_line' id='line_1_74' title="bbox 1874 2906 3431 2976; baseline 0.006 -17"><span class='ocrx_word' id='word_1_583' title='bbox 1874 2906 2188 2975; x_wconf 76' lang='lat' dir='ltr'><strong>intelligeret</strong></span> <span class='ocrx_word' id='word_1_584' title='bbox 2214 2906 2467 2975; x_wconf 80' lang='lat' dir='ltr'><strong>seipsum,</strong></span> <span class='ocrx_word' id='word_1_585' title='bbox 2485 2918 2684 2976; x_wconf 90' lang='lat' dir='ltr'><strong>quanto</strong></span> <span class='ocrx_word' id='word_1_586' title='bbox 2710 2908 2901 2961; x_wconf 89' lang='lat' dir='ltr'><strong>melior</strong></span> <span class='ocrx_word' id='word_1_587' title='bbox 2915 2917 3056 2962; x_wconf 89' lang='lat' dir='ltr'><strong>esset</strong></span> <span class='ocrx_word' id='word_1_588' title='bbox 3080 2915 3287 2967; x_wconf 83' lang='lat' dir='ltr'><strong>cunctis</strong></span> <span class='ocrx_word' id='word_1_589' title='bbox 3313 2915 3431 2968; x_wconf 87' lang='lat' dir='ltr'><strong>ani-</strong></span> 
     </span>
    </p>
   </div>
   <div class='ocr_carea' id='block_1_75' title="bbox 1873 2994 3436 3072">
    <p class='ocr_par' dir='ltr' id='par_1_75' title="bbox 1873 2994 3436 3072">
     <span class='ocr_line' id='line_1_75' title="bbox 1873 2994 3436 3072; baseline 0.008 -25"><span class='ocrx_word' id='word_1_590' title='bbox 1873 2994 2145 3047; x_wconf 87' lang='lat' dir='ltr'><strong>mantibus</strong></span> <span class='ocrx_word' id='word_1_591' title='bbox 2173 3011 2239 3047; x_wconf 79' lang='lat' dir='ltr'><strong>ex</strong></span> <span class='ocrx_word' id='word_1_592' title='bbox 2276 2996 2498 3048; x_wconf 84' lang='lat' dir='ltr'><strong>rationis</strong></span> <span class='ocrx_word' id='word_1_593' title='bbox 2523 2995 2862 3059; x_wconf 89' lang='lat' dir='ltr'><strong>discretione,</strong></span> <span class='ocrx_word' id='word_1_594' title='bbox 2887 3006 2940 3050; x_wconf 90' lang='lat' dir='ltr'><strong>et</strong></span> <span class='ocrx_word' id='word_1_595' title='bbox 2966 3013 3031 3051; x_wconf 87' lang='lat' dir='ltr'><strong>eo</strong></span> <span class='ocrx_word' id='word_1_596' title='bbox 3060 3002 3229 3072; x_wconf 87' lang='lat' dir='ltr'><strong>magis</strong></span> <span class='ocrx_word' id='word_1_597' title='bbox 3256 3007 3436 3059; x_wconf 79' lang='lat' dir='ltr'><strong>condi-</strong></span> 
     </span>
    </p>
   </div>
   <div class='ocr_carea' id='block_1_76' title="bbox 1872 3083 3433 3154">
    <p class='ocr_par' dir='ltr' id='par_1_76' title="bbox 1872 3083 3433 3154">
     <span class='ocr_line' id='line_1_76' title="bbox 1872 3083 3433 3154; baseline 0.01 -20"><span class='ocrx_word' id='word_1_598' title='bbox 1872 3090 2043 3136; x_wconf 87' lang='lat' dir='ltr'><strong>torem</strong></span> <span class='ocrx_word' id='word_1_599' title='bbox 2077 3097 2231 3136; x_wconf 90' lang='lat' dir='ltr'><strong>suum</strong></span> <span class='ocrx_word' id='word_1_600' title='bbox 2263 3083 2530 3153; x_wconf 74' lang='lat' dir='ltr'><strong>diligeret,</strong></span> <span class='ocrx_word' id='word_1_601' title='bbox 2554 3101 2661 3154; x_wconf 83' lang='lat' dir='ltr'><strong>quo</strong></span> <span class='ocrx_word' id='word_1_602' title='bbox 2684 3100 2743 3139; x_wconf 88' lang='lat' dir='ltr'><strong>se</strong></span> <span class='ocrx_word' id='word_1_603' title='bbox 2769 3086 3189 3144; x_wconf 86' lang='lat' dir='ltr'><strong>melioremaliis</strong></span> <span class='ocrx_word' id='word_1_604' title='bbox 3215 3094 3433 3151; x_wconf 83' lang='lat' dir='ltr'><strong>viventi-</strong></span> 
     </span>
    </p>
   </div>
   <div class='ocr_carea' id='block_1_77' title="bbox 1873 3174 3355 3247">
    <p class='ocr_par' dir='ltr' id='par_1_77' title="bbox 1873 3174 3355 3247">
     <span class='ocr_line' id='line_1_77' title="bbox 1873 3174 3355 3247; baseline 0 -17"><span class='ocrx_word' id='word_1_605' title='bbox 1873 3178 1973 3231; x_wconf 84' lang='lat' dir='ltr'><strong>bus</strong></span> <span class='ocrx_word' id='word_1_606' title='bbox 2001 3176 2339 3247; x_wconf 72' lang='lat' dir='ltr'><strong>intelligeret.</strong></span> <span class='ocrx_word' id='word_1_607' title='bbox 3352 3174 3355 3179; x_wconf 70' lang='grc'><strong><em>“</em></strong></span> 
     </span>
    </p>
   </div>
   <div class='ocr_carea' id='block_1_78' title="bbox 1940 3265 3434 3329">
    <p class='ocr_par' dir='ltr' id='par_1_78' title="bbox 1940 3265 3434 3329">
     <span class='ocr_line' id='line_1_78' title="bbox 1940 3265 3434 3329; baseline 0.006 -11"><span class='ocrx_word' id='word_1_608' title='bbox 1940 3265 2102 3320; x_wconf 87' lang='lat' dir='ltr'><strong>Inter.</strong></span> <span class='ocrx_word' id='word_1_609' title='bbox 2132 3268 2219 3321; x_wconf 82' lang='lat'><strong>56.</strong></span> <span class='ocrx_word' id='word_1_610' title='bbox 2247 3267 2356 3323; x_wconf 89' lang='lat' dir='ltr'><strong>Cur</strong></span> <span class='ocrx_word' id='word_1_611' title='bbox 2380 3269 2609 3323; x_wconf 85' lang='lat' dir='ltr'><strong>dicitur:</strong></span> <span class='ocrx_word' id='word_1_612' title='bbox 2640 3272 2764 3326; x_wconf 73' lang='lat' dir='ltr'><strong>Adte</strong></span> <span class='ocrx_word' id='word_1_613' title='bbox 2798 3290 2912 3326; x_wconf 84' lang='lat' dir='ltr'><strong>rero</strong></span> <span class='ocrx_word' id='word_1_614' title='bbox 2948 3291 3049 3328; x_wconf 88' lang='lat' dir='ltr'><strong>non</strong></span> <span class='ocrx_word' id='word_1_615' title='bbox 3086 3276 3434 3329; x_wconf 74' lang='lat' dir='ltr'><strong>inveniebatur</strong></span> 
     </span>
    </p>
   </div>
   <div class='ocr_carea' id='block_1_79' title="bbox 1868 3355 3434 3432">
    <p class='ocr_par' dir='ltr' id='par_1_79' title="bbox 1868 3355 3434 3432">
     <span class='ocr_line' id='line_1_79' title="bbox 1868 3355 3434 3432; baseline 0.008 -25"><span class='ocrx_word' id='word_1_616' title='bbox 1868 3355 2081 3424; x_wconf 71' lang='lat' dir='ltr'><strong>adiutor</strong></span> <span class='ocrx_word' id='word_1_617' title='bbox 2101 3356 2287 3410; x_wconf 82' lang='lat' dir='ltr'><strong>similis</strong></span> <span class='ocrx_word' id='word_1_618' title='bbox 2320 3358 2433 3426; x_wconf 87' lang='lat' dir='ltr'><strong>ejus</strong></span> <span class='ocrx_word' id='word_1_619' title='bbox 2464 3357 2616 3429; x_wconf 81' lang='lat' dir='ltr'><strong>(Gen.</strong></span> <span class='ocrx_word' id='word_1_620' title='bbox 2647 3376 2707 3421; x_wconf 88' lang='lat' dir='ltr'><strong>ll,</strong></span> <span class='ocrx_word' id='word_1_621' title='bbox 2742 3362 2871 3431; x_wconf 74' lang='lat'><strong>20)?</strong></span> <span class='ocrx_word' id='word_1_622' title='bbox 2898 3392 2966 3403; x_wconf 89' lang='lat'><strong>—</strong></span> <span class='ocrx_word' id='word_1_623' title='bbox 3000 3362 3156 3432; x_wconf 87' lang='lat' dir='ltr'><strong>Resp.</strong></span> <span class='ocrx_word' id='word_1_624' title='bbox 3188 3363 3320 3430; x_wconf 88' lang='lat' dir='ltr'><strong>Quia</strong></span> <span class='ocrx_word' id='word_1_625' title='bbox 3353 3368 3434 3420; x_wconf 78' lang='lat' dir='ltr'><strong>in-</strong></span> 
     </span>
    </p>
   </div>
   <div class='ocr_carea' id='block_1_80' title="bbox 1867 3448 3431 3509">
    <p class='ocr_par' dir='ltr' id='par_1_80' title="bbox 1867 3448 3431 3509">
     <span class='ocr_line' id='line_1_80' title="bbox 1867 3448 3431 3509; baseline 0.006 -10"><span class='ocrx_word' id='word_1_626' title='bbox 1867 3455 1954 3500; x_wconf 87' lang='lat' dir='ltr'><strong>ter</strong></span> <span class='ocrx_word' id='word_1_627' title='bbox 1978 3448 2156 3500; x_wconf 87' lang='lat' dir='ltr'><strong>omnia</strong></span> <span class='ocrx_word' id='word_1_628' title='bbox 2186 3448 2475 3501; x_wconf 86' lang='lat' dir='ltr'><strong>animantia</strong></span> <span class='ocrx_word' id='word_1_629' title='bbox 2502 3456 2659 3503; x_wconf 69' lang='lat' dir='ltr'><strong>terra:</strong></span> <span class='ocrx_word' id='word_1_630' title='bbox 2685 3452 2885 3505; x_wconf 90' lang='lat' dir='ltr'><strong>nullum</strong></span> <span class='ocrx_word' id='word_1_631' title='bbox 2916 3453 3172 3507; x_wconf 84' lang='lat' dir='ltr'><strong>rationale</strong></span> <span class='ocrx_word' id='word_1_632' title='bbox 3199 3455 3431 3509; x_wconf 77' lang='lat' dir='ltr'><strong>invenie-</strong></span> 
     </span>
    </p>
   </div>
   <div class='ocr_carea' id='block_1_81' title="bbox 1865 3536 2929 3603">
    <p class='ocr_par' dir='ltr' id='par_1_81' title="bbox 1865 3536 2929 3603">
     <span class='ocr_line' id='line_1_81' title="bbox 1865 3536 2929 3603; baseline 0 -10"><span class='ocrx_word' id='word_1_633' title='bbox 1865 3536 2047 3603; x_wconf 81' lang='lat' dir='ltr'><strong>batur,</strong></span> <span class='ocrx_word' id='word_1_634' title='bbox 2075 3540 2178 3594; x_wconf 85' lang='lat' dir='ltr'><strong>nisi</strong></span> <span class='ocrx_word' id='word_1_635' title='bbox 2210 3540 2295 3594; x_wconf 89' lang='lat' dir='ltr'><strong>ille</strong></span> <span class='ocrx_word' id='word_1_636' title='bbox 2320 3540 2485 3595; x_wconf 88' lang='lat' dir='ltr'><strong>solus.</strong></span> <span class='ocrx_word' id='word_1_637' title='bbox 2923 3539 2929 3545; x_wconf 86' lang='grc'><strong>’</strong></span> 
     </span>
    </p>
   </div>
   <div class='ocr_carea' id='block_1_82' title="bbox 1938 3627 3425 3696">
    <p class='ocr_par' dir='ltr' id='par_1_82' title="bbox 1938 3627 3425 3696">
     <span class='ocr_line' id='line_1_82' title="bbox 1938 3627 3425 3696; baseline 0.009 -15"><span class='ocrx_word' id='word_1_638' title='bbox 1938 3627 2101 3682; x_wconf 85' lang='lat' dir='ltr'><strong>Inter.</strong></span> <span class='ocrx_word' id='word_1_639' title='bbox 2128 3629 2215 3684; x_wconf 86' lang='lat'><strong>57.</strong></span> <span class='ocrx_word' id='word_1_640' title='bbox 2240 3630 2347 3685; x_wconf 88' lang='lat' dir='ltr'><strong>Cur</strong></span> <span class='ocrx_word' id='word_1_641' title='bbox 2361 3633 2551 3687; x_wconf 87' lang='lat' dir='ltr'><strong>mulier</strong></span> <span class='ocrx_word' id='word_1_642' title='bbox 2574 3634 2637 3689; x_wconf 85' lang='lat' dir='ltr'><strong>de</strong></span> <span class='ocrx_word' id='word_1_643' title='bbox 2651 3634 2831 3690; x_wconf 76' lang='lat' dir='ltr'><strong>‘latcre</strong></span> <span class='ocrx_word' id='word_1_644' title='bbox 2852 3638 2952 3691; x_wconf 82' lang='lat' dir='ltr'><strong>viri</strong></span> <span class='ocrx_word' id='word_1_645' title='bbox 2965 3637 3281 3694; x_wconf 81' lang='lat' dir='ltr'><strong>dormientis</strong></span> <span class='ocrx_word' id='word_1_646' title='bbox 3294 3630 3425 3696; x_wconf 68' lang='lat' dir='ltr'><strong>adi-</strong></span> 
     </span>
    </p>
   </div>
   <div class='ocr_carea' id='block_1_83' title="bbox 1868 3716 3437 3796">
    <p class='ocr_par' dir='ltr' id='par_1_83' title="bbox 1868 3716 3437 3796">
     <span class='ocr_line' id='line_1_83' title="bbox 1868 3716 3437 3796; baseline 0.01 -25"><span class='ocrx_word' id='word_1_647' title='bbox 1868 3716 2026 3772; x_wconf 81' lang='lat' dir='ltr'><strong>ﬁeata</strong></span> <span class='ocrx_word' id='word_1_648' title='bbox 2072 3718 2285 3787; x_wconf 88' lang='lat' dir='ltr'><strong>legitur,</strong></span> <span class='ocrx_word' id='word_1_649' title='bbox 2334 3728 2516 3775; x_wconf 89' lang='lat' dir='ltr'><strong>etnon</strong></span> <span class='ocrx_word' id='word_1_650' title='bbox 2554 3723 2619 3777; x_wconf 90' lang='lat' dir='ltr'><strong>de</strong></span> <span class='ocrx_word' id='word_1_651' title='bbox 2668 3733 2810 3778; x_wconf 88' lang='lat' dir='ltr'><strong>terra</strong></span> <span class='ocrx_word' id='word_1_652' title='bbox 2840 3726 3134 3796; x_wconf 85' lang='lat' dir='ltr'><strong>plasmata,</strong></span> <span class='ocrx_word' id='word_1_653' title='bbox 3182 3730 3323 3785; x_wconf 88' lang='lat' dir='ltr'><strong>sicut</strong></span> <span class='ocrx_word' id='word_1_654' title='bbox 3345 3731 3437 3786; x_wconf 76' lang='lat' dir='ltr'><strong>vir</strong></span> 
     </span>
    </p>
   </div>
   <div class='ocr_carea' id='block_1_84' title="bbox 1862 3806 3431 3891">
    <p class='ocr_par' dir='ltr' id='par_1_84' title="bbox 1862 3806 3431 3891">
     <span class='ocr_line' id='line_1_84' title="bbox 1862 3806 3431 3891; baseline 0.012 -32"><span class='ocrx_word' id='word_1_655' title='bbox 1862 3806 2019 3878; x_wconf 77' lang='lat' dir='ltr'><strong>(vers.</strong></span> <span class='ocrx_word' id='word_1_656' title='bbox 2052 3808 2418 3880; x_wconf 72' lang='lat' dir='ltr'><strong>22)?—-Resp.</strong></span> <span class='ocrx_word' id='word_1_657' title='bbox 2451 3810 2609 3868; x_wconf 86' lang='lat' dir='ltr'><strong>Certe</strong></span> <span class='ocrx_word' id='word_1_658' title='bbox 2643 3816 2883 3884; x_wconf 85' lang='lat' dir='ltr'><strong>mysterii</strong></span> <span class='ocrx_word' id='word_1_659' title='bbox 2917 3832 3075 3872; x_wconf 87' lang='lat' dir='ltr'><strong>causa</strong></span> <span class='ocrx_word' id='word_1_660' title='bbox 3097 3819 3431 3891; x_wconf 78' lang='lat' dir='ltr'><strong>signiﬁcans,</strong></span> 
     </span>
    </p>
   </div>
   <div class='ocr_carea' id='block_1_85' title="bbox 1868 3897 3429 3977">
    <p class='ocr_par' dir='ltr' id='par_1_85' title="bbox 1868 3897 3429 3977">
     <span class='ocr_line' id='line_1_85' title="bbox 1868 3897 3429 3977; baseline 0.01 -26"><span class='ocrx_word' id='word_1_661' title='bbox 1868 3899 2009 3966; x_wconf 89' lang='lat' dir='ltr'><strong>quod</strong></span> <span class='ocrx_word' id='word_1_662' title='bbox 2026 3897 2275 3955; x_wconf 88' lang='lat' dir='ltr'><strong>Christus</strong></span> <span class='ocrx_word' id='word_1_663' title='bbox 2301 3909 2519 3971; x_wconf 88' lang='lat' dir='ltr'><strong>propter</strong></span> <span class='ocrx_word' id='word_1_664' title='bbox 2550 3902 2843 3959; x_wconf 86' lang='lat' dir='ltr'><strong>Ecclesiam</strong></span> <span class='ocrx_word' id='word_1_665' title='bbox 2872 3906 2926 3960; x_wconf 89' lang='lat' dir='ltr'><strong>in</strong></span> <span class='ocrx_word' id='word_1_666' title='bbox 2955 3924 3117 3964; x_wconf 77' lang='lat' dir='ltr'><strong>cruce</strong></span> <span class='ocrx_word' id='word_1_667' title='bbox 3155 3910 3429 3977; x_wconf 83' lang='lat' dir='ltr'><strong>dormivit,</strong></span> 
     </span>
    </p>
   </div>
   <div class='ocr_carea' id='block_1_86' title="bbox 1867 3988 3326 4073">
    <p class='ocr_par' dir='ltr' id='par_1_86' title="bbox 1867 3988 3326 4073">
     <span class='ocr_line' id='line_1_86' title="bbox 1867 3988 3326 4073; baseline 0.008 -31"><span class='ocrx_word' id='word_1_668' title='bbox 1867 4002 1932 4042; x_wconf 89' lang='lat' dir='ltr'><strong>ex</strong></span> <span class='ocrx_word' id='word_1_669' title='bbox 1959 3989 2110 4058; x_wconf 89' lang='lat' dir='ltr'><strong>cujus</strong></span> <span class='ocrx_word' id='word_1_670' title='bbox 2135 3990 2304 4052; x_wconf 82' lang='lat' dir='ltr'><strong>latere</strong></span> <span class='ocrx_word' id='word_1_671' title='bbox 2326 3988 2444 4045; x_wconf 75' lang='lat' dir='ltr'><strong>fons</strong></span> <span class='ocrx_word' id='word_1_672' title='bbox 2474 3993 2660 4047; x_wconf 86' lang='lat' dir='ltr'><strong>salutis</strong></span> <span class='ocrx_word' id='word_1_673' title='bbox 2690 4002 2888 4049; x_wconf 69' lang='lat' dir='ltr'><strong>nostra:</strong></span> <span class='ocrx_word' id='word_1_674' title='bbox 2908 3998 3144 4052; x_wconf 82' lang='lat' dir='ltr'><strong>manavit</strong></span> <span class='ocrx_word' id='word_1_675' title='bbox 3321 4066 3326 4073; x_wconf 24' lang='grc' dir='ltr'><strong>θ</strong></span> 
     </span>
    </p>
   </div>
   <div class='ocr_carea' id='block_1_87' title="bbox 1936 4074 3429 4155">
    <p class='ocr_par' dir='ltr' id='par_1_87' title="bbox 1936 4074 3429 4155">
     <span class='ocr_line' id='line_1_87' title="bbox 1936 4074 3429 4155; baseline 0.012 -28"><span class='ocrx_word' id='word_1_676' title='bbox 1936 4074 2103 4129; x_wconf 90' lang='lat' dir='ltr'><strong>Inter.</strong></span> <span class='ocrx_word' id='word_1_677' title='bbox 2130 4077 2220 4132; x_wconf 84' lang='lat'><strong>58.</strong></span> <span class='ocrx_word' id='word_1_678' title='bbox 2260 4078 2536 4145; x_wconf 86' lang='lat' dir='ltr'><strong>Quomodo</strong></span> <span class='ocrx_word' id='word_1_679' title='bbox 2555 4085 2805 4137; x_wconf 81' lang='lat' dir='ltr'><strong>convenit</strong></span> <span class='ocrx_word' id='word_1_680' title='bbox 2821 4084 3038 4141; x_wconf 83' lang='lat' dir='ltr'><strong>Christo</strong></span> <span class='ocrx_word' id='word_1_681' title='bbox 3065 4089 3206 4155; x_wconf 84' lang='lat' dir='ltr'><strong>quod</strong></span> <span class='ocrx_word' id='word_1_682' title='bbox 3228 4089 3429 4145; x_wconf 85' lang='lat' dir='ltr'><strong>dictum</strong></span> 
     </span>
    </p>
   </div>
   <div class='ocr_carea' id='block_1_88' title="bbox 1868 4163 3433 4240">
    <p class='ocr_par' dir='ltr' id='par_1_88' title="bbox 1868 4163 3433 4240">
     <span class='ocr_line' id='line_1_88' title="bbox 1868 4163 3433 4240; baseline 0.008 -24"><span class='ocrx_word' id='word_1_683' title='bbox 1868 4171 1950 4216; x_wconf 91' lang='lat' dir='ltr'><strong>est</strong></span> <span class='ocrx_word' id='word_1_684' title='bbox 1966 4181 1995 4235; x_wconf 17' lang='grc' dir='ltr'><strong>ἰ</strong></span> <span class='ocrx_word' id='word_1_685' title='bbox 2028 4163 2249 4233; x_wconf 86' lang='lat' dir='ltr'><strong>Propter</strong></span> <span class='ocrx_word' id='word_1_686' title='bbox 2283 4166 2377 4219; x_wconf 81' lang='lat' dir='ltr'><strong>Itoc</strong></span> <span class='ocrx_word' id='word_1_687' title='bbox 2397 4167 2649 4238; x_wconf 77' lang='lat' dir='ltr'><strong>relinquet</strong></span> <span class='ocrx_word' id='word_1_688' title='bbox 2667 4170 2823 4224; x_wconf 71' lang='lat' dir='ltr'><strong>homo</strong></span> <span class='ocrx_word' id='word_1_689' title='bbox 2840 4182 3038 4240; x_wconf 81' lang='lat' dir='ltr'><strong>patrem</strong></span> <span class='ocrx_word' id='word_1_690' title='bbox 3058 4186 3106 4226; x_wconf 82' lang='lat' dir='ltr'><strong>et</strong></span> <span class='ocrx_word' id='word_1_691' title='bbox 3128 4185 3360 4237; x_wconf 85' lang='lat' dir='ltr'><strong>matrem,</strong></span> <span class='ocrx_word' id='word_1_692' title='bbox 3383 4190 3433 4230; x_wconf 78' lang='lat' dir='ltr'><strong>et</strong></span> 
     </span>
    </p>
   </div>
   <div class='ocr_carea' id='block_1_89' title="bbox 1869 4250 3434 4335">
    <p class='ocr_par' dir='ltr' id='par_1_89' title="bbox 1869 4250 3434 4335">
     <span class='ocr_line' id='line_1_89' title="bbox 1869 4250 3434 4335; baseline 0.008 -28"><span class='ocrx_word' id='word_1_693' title='bbox 1869 4255 2153 4307; x_wconf 71' lang='lat' dir='ltr'><strong>adha&#39;rebit</strong></span> <span class='ocrx_word' id='word_1_694' title='bbox 2177 4258 2327 4310; x_wconf 74' lang='lat' dir='ltr'><strong>uxori</strong></span> <span class='ocrx_word' id='word_1_695' title='bbox 2348 4274 2455 4310; x_wconf 75' lang='lat' dir='ltr'><strong>sua:</strong></span> <span class='ocrx_word' id='word_1_696' title='bbox 2491 4256 2644 4327; x_wconf 83' lang='lat' dir='ltr'><strong>(Gen.</strong></span> <span class='ocrx_word' id='word_1_697' title='bbox 2677 4275 2747 4323; x_wconf 90' lang='grc' dir='ltr'><strong>ιι,</strong></span> <span class='ocrx_word' id='word_1_698' title='bbox 2771 4260 2897 4329; x_wconf 68' lang='lat'><strong>‘24)?</strong></span> <span class='ocrx_word' id='word_1_699' title='bbox 2922 4293 2989 4301; x_wconf 89' lang='lat'><strong>—-</strong></span> <span class='ocrx_word' id='word_1_700' title='bbox 3023 4262 3172 4333; x_wconf 87' lang='lat' dir='ltr'><strong>Resp.</strong></span> <span class='ocrx_word' id='word_1_701' title='bbox 3201 4250 3434 4335; x_wconf 75' lang='lat' dir='ltr'><strong>Reliquit</strong></span> 
     </span>
    </p>
   </div>
   <div class='ocr_carea' id='block_1_90' title="bbox 1870 4349 3431 4424">
    <p class='ocr_par' dir='ltr' id='par_1_90' title="bbox 1870 4349 3431 4424">
     <span class='ocr_line' id='line_1_90' title="bbox 1870 4349 3431 4424; baseline 0.012 -25"><span class='ocrx_word' id='word_1_702' title='bbox 1870 4358 2100 4414; x_wconf 84' lang='lat' dir='ltr'><strong>patrem,</strong></span> <span class='ocrx_word' id='word_1_703' title='bbox 2124 4349 2249 4418; x_wconf 88' lang='lat' dir='ltr'><strong>quia</strong></span> <span class='ocrx_word' id='word_1_704' title='bbox 2273 4365 2380 4404; x_wconf 89' lang='lat' dir='ltr'><strong>non</strong></span> <span class='ocrx_word' id='word_1_705' title='bbox 2397 4351 2465 4405; x_wconf 78' lang='lat' dir='ltr'><strong>.in</strong></span> <span class='ocrx_word' id='word_1_706' title='bbox 2491 4367 2554 4406; x_wconf 88' lang='lat' dir='ltr'><strong>ea</strong></span> <span class='ocrx_word' id='word_1_707' title='bbox 2600 4352 2771 4408; x_wconf 80' lang='lat' dir='ltr'><strong>forma</strong></span> <span class='ocrx_word' id='word_1_708' title='bbox 2818 4357 3065 4424; x_wconf 85' lang='lat' dir='ltr'><strong>apparuit</strong></span> <span class='ocrx_word' id='word_1_709' title='bbox 3103 4359 3431 4422; x_wconf 85' lang='lat' dir='ltr'><strong>hominibus.</strong></span> 
     </span>
    </p>
   </div>
   <div class='ocr_carea' id='block_1_91' title="bbox 1869 4437 3425 4517">
    <p class='ocr_par' dir='ltr' id='par_1_91' title="bbox 1869 4437 3425 4517">
     <span class='ocr_line' id='line_1_91' title="bbox 1869 4437 3425 4517; baseline 0.01 -31"><span class='ocrx_word' id='word_1_710' title='bbox 1869 4450 1973 4502; x_wconf 86' lang='lat' dir='ltr'><strong>qua</strong></span> <span class='ocrx_word' id='word_1_711' title='bbox 1994 4437 2214 4505; x_wconf 70' lang='lat' dir='ltr'><strong>aequalis</strong></span> <span class='ocrx_word' id='word_1_712' title='bbox 2240 4447 2324 4493; x_wconf 86' lang='lat' dir='ltr'><strong>est</strong></span> <span class='ocrx_word' id='word_1_713' title='bbox 2348 4438 2515 4493; x_wconf 78' lang='lat' dir='ltr'><strong>Patri.</strong></span> <span class='ocrx_word' id='word_1_714' title='bbox 2540 4440 2776 4510; x_wconf 79' lang='lat' dir='ltr'><strong>Reliquit</strong></span> <span class='ocrx_word' id='word_1_715' title='bbox 2798 4452 3029 4498; x_wconf 86' lang='lat' dir='ltr'><strong>matrem</strong></span> <span class='ocrx_word' id='word_1_716' title='bbox 3048 4446 3172 4499; x_wconf 85' lang='lat' dir='ltr'><strong>dum</strong></span> <span class='ocrx_word' id='word_1_717' title='bbox 3191 4462 3425 4517; x_wconf 79' lang='lat' dir='ltr'><strong>synago-</strong></span> 
     </span>
    </p>
   </div>
   <div class='ocr_carea' id='block_1_92' title="bbox 208 4522 3427 4614">
    <p class='ocr_par' dir='ltr' id='par_1_92' title="bbox 208 4522 3427 4614">
     <span class='ocr_line' id='line_1_92' title="bbox 208 4522 3427 4614; baseline 0.006 -41"><span class='ocrx_word' id='word_1_718' title='bbox 208 4522 529 4589; x_wconf 87' lang='lat' dir='ltr'><strong>cipatioaem</strong></span> <span class='ocrx_word' id='word_1_719' title='bbox 558 4523 623 4576; x_wconf 86' lang='lat' dir='ltr'><strong>de</strong></span> <span class='ocrx_word' id='word_1_720' title='bbox 650 4524 883 4576; x_wconf 87' lang='lat' dir='ltr'><strong>hominis</strong></span> <span class='ocrx_word' id='word_1_721' title='bbox 928 4526 1197 4579; x_wconf 88' lang='lat' dir='ltr'><strong>creatione</strong></span> <span class='ocrx_word' id='word_1_722' title='bbox 1241 4527 1393 4589; x_wconf 87' lang='lat' dir='ltr'><strong>dixit,</strong></span> <span class='ocrx_word' id='word_1_723' title='bbox 1425 4542 1584 4596; x_wconf 89' lang='lat' dir='ltr'><strong>quam</strong></span> <span class='ocrx_word' id='word_1_724' title='bbox 1611 4529 1768 4614; x_wconf 84' lang='lat' dir='ltr'><strong>modo</strong></span> <span class='ocrx_word' id='word_1_725' title='bbox 1795 4550 1843 4607; x_wconf 77' lang='grc' dir='ltr'>ο</span> <span class='ocrx_word' id='word_1_726' title='bbox 1870 4538 1989 4589; x_wconf 72' lang='lat' dir='ltr'><strong>sam</strong></span> <span class='ocrx_word' id='word_1_727' title='bbox 2014 4524 2251 4579; x_wconf 86' lang='lat' dir='ltr'><strong>deseruit</strong></span> <span class='ocrx_word' id='word_1_728' title='bbox 2276 4525 2602 4590; x_wconf 66' lang='lat' dir='ltr'><strong>Iudaeorum,</strong></span> <span class='ocrx_word' id='word_1_729' title='bbox 2630 4530 2695 4584; x_wconf 88' lang='lat' dir='ltr'><strong>de</strong></span> <span class='ocrx_word' id='word_1_730' title='bbox 2729 4545 2834 4599; x_wconf 85' lang='lat' dir='ltr'><strong>qua</strong></span> <span class='ocrx_word' id='word_1_731' title='bbox 2877 4534 3165 4587; x_wconf 86' lang='lat' dir='ltr'><strong>secundum</strong></span> <span class='ocrx_word' id='word_1_732' title='bbox 3212 4550 3427 4591; x_wconf 87' lang='lat' dir='ltr'><strong>carnem</strong></span> 
     </span>
    </p>
   </div>
   <div class='ocr_carea' id='block_1_93' title="bbox 207 4612 1765 4685">
    <p class='ocr_par' dir='ltr' id='par_1_93' title="bbox 207 4612 1765 4685">
     <span class='ocr_line' id='line_1_93' title="bbox 207 4612 1765 4685; baseline 0.002 -20"><span class='ocrx_word' id='word_1_733' title='bbox 207 4628 305 4680; x_wconf 82' lang='lat' dir='ltr'><strong>per</strong></span> <span class='ocrx_word' id='word_1_734' title='bbox 329 4612 822 4681; x_wconf 88' lang='lat' dir='ltr'><strong>recapitulatiouem</strong></span> <span class='ocrx_word' id='word_1_735' title='bbox 848 4612 1057 4681; x_wconf 85' lang='lat' dir='ltr'><strong>plenius</strong></span> <span class='ocrx_word' id='word_1_736' title='bbox 1076 4629 1339 4683; x_wconf 78' lang='lat' dir='ltr'><strong>exponere</strong></span> <span class='ocrx_word' id='word_1_737' title='bbox 1361 4631 1643 4685; x_wconf 87' lang='lat' dir='ltr'><strong>aggressus</strong></span> <span class='ocrx_word' id='word_1_738' title='bbox 1664 4612 1765 4671; x_wconf 83' lang='lat' dir='ltr'><strong>est.</strong></span> 
     </span>
    </p>
   </div>
   <div class='ocr_carea' id='block_1_94' title="bbox 288 4700 1771 4776">
    <p class='ocr_par' dir='ltr' id='par_1_94' title="bbox 288 4700 1771 4776">
     <span class='ocr_line' id='line_1_94' title="bbox 288 4700 1771 4776; baseline 0.004 -22"><span class='ocrx_word' id='word_1_739' title='bbox 288 4702 451 4755; x_wconf 82' lang='lat' dir='ltr'><strong>Inter.</strong></span> <span class='ocrx_word' id='word_1_740' title='bbox 484 4703 570 4757; x_wconf 81' lang='lat'><strong>50.</strong></span> <span class='ocrx_word' id='word_1_741' title='bbox 614 4704 750 4771; x_wconf 91' lang='lat' dir='ltr'><strong>Quid</strong></span> <span class='ocrx_word' id='word_1_742' title='bbox 777 4714 884 4769; x_wconf 90' lang='lat' dir='ltr'><strong>est,</strong></span> <span class='ocrx_word' id='word_1_743' title='bbox 910 4706 1052 4774; x_wconf 89' lang='lat' dir='ltr'><strong>quod</strong></span> <span class='ocrx_word' id='word_1_744' title='bbox 1091 4706 1225 4759; x_wconf 80' lang='lat' dir='ltr'><strong>dixit</strong></span> <span class='ocrx_word' id='word_1_745' title='bbox 1255 4721 1269 4757; x_wconf 89' lang='lat'><strong>:</strong></span> <span class='ocrx_word' id='word_1_746' title='bbox 1301 4700 1565 4760; x_wconf 80' lang='lat' dir='ltr'><strong>Formarit</strong></span> <span class='ocrx_word' id='word_1_747' title='bbox 1610 4708 1771 4776; x_wconf 81' lang='lat' dir='ltr'><strong>igitur</strong></span> 
     </span>
    </p>
   </div>
   <div class='ocr_carea' id='block_1_95' title="bbox 213 4792 1768 4867">
    <p class='ocr_par' dir='ltr' id='par_1_95' title="bbox 213 4792 1768 4867">
     <span class='ocr_line' id='line_1_95' title="bbox 213 4792 1768 4867; baseline 0.003 -21"><span class='ocrx_word' id='word_1_748' title='bbox 213 4792 467 4846; x_wconf 84' lang='lat' dir='ltr'><strong>Dominus</strong></span> <span class='ocrx_word' id='word_1_749' title='bbox 501 4793 634 4846; x_wconf 85' lang='lat' dir='ltr'><strong>Deus</strong></span> <span class='ocrx_word' id='word_1_750' title='bbox 674 4796 929 4848; x_wconf 85' lang='lat' dir='ltr'><strong>hominem</strong></span> <span class='ocrx_word' id='word_1_751' title='bbox 957 4795 1021 4848; x_wconf 88' lang='lat' dir='ltr'><strong>de</strong></span> <span class='ocrx_word' id='word_1_752' title='bbox 1059 4795 1181 4863; x_wconf 84' lang='lat' dir='ltr'><strong>limo</strong></span> <span class='ocrx_word' id='word_1_753' title='bbox 1209 4806 1380 4859; x_wconf 64' lang='lat' dir='ltr'><strong>terra,</strong></span> <span class='ocrx_word' id='word_1_754' title='bbox 1407 4806 1454 4849; x_wconf 86' lang='lat' dir='ltr'><strong>et</strong></span> <span class='ocrx_word' id='word_1_755' title='bbox 1505 4798 1768 4867; x_wconf 81' lang='lat' dir='ltr'><strong>inspiravit</strong></span> 
     </span>
    </p>
   </div>
   <div class='ocr_carea' id='block_1_96' title="bbox 210 4882 1772 4954">
    <p class='ocr_par' dir='ltr' id='par_1_96' title="bbox 210 4882 1772 4954">
     <span class='ocr_line' id='line_1_96' title="bbox 210 4882 1772 4954; baseline 0.001 -18"><span class='ocrx_word' id='word_1_756' title='bbox 210 4887 265 4936; x_wconf 89' lang='lat' dir='ltr'><strong>in</strong></span> <span class='ocrx_word' id='word_1_757' title='bbox 299 4882 486 4950; x_wconf 77' lang='lat' dir='ltr'><strong>faciem</strong></span> <span class='ocrx_word' id='word_1_758' title='bbox 524 4882 635 4950; x_wconf 84' lang='lat' dir='ltr'><strong>ejus</strong></span> <span class='ocrx_word' id='word_1_759' title='bbox 670 4884 987 4951; x_wconf 84' lang='lat' dir='ltr'><strong>spiraculum</strong></span> <span class='ocrx_word' id='word_1_760' title='bbox 1013 4885 1166 4938; x_wconf 70' lang='lat' dir='ltr'><strong>vitae?</strong></span> <span class='ocrx_word' id='word_1_761' title='bbox 1198 4915 1266 4925; x_wconf 95' lang='lat'><strong><em>—</em></strong></span> <span class='ocrx_word' id='word_1_762' title='bbox 1292 4884 1444 4954; x_wconf 80' lang='lat' dir='ltr'><strong>Resp.</strong></span> <span class='ocrx_word' id='word_1_763' title='bbox 1470 4884 1604 4953; x_wconf 87' lang='lat' dir='ltr'><strong>Quia</strong></span> <span class='ocrx_word' id='word_1_764' title='bbox 1630 4888 1772 4940; x_wconf 84' lang='lat' dir='ltr'><strong>vide-</strong></span> 
     </span>
    </p>
   </div>
   <div class='ocr_carea' id='block_1_97' title="bbox 214 4971 1771 5041">
    <p class='ocr_par' dir='ltr' id='par_1_97' title="bbox 214 4971 1771 5041">
     <span class='ocr_line' id='line_1_97' title="bbox 214 4971 1771 5041; baseline 0.004 -18"><span class='ocrx_word' id='word_1_765' title='bbox 214 4974 341 5027; x_wconf 88' lang='lat' dir='ltr'><strong>licet</strong></span> <span class='ocrx_word' id='word_1_766' title='bbox 367 4971 421 5025; x_wconf 91' lang='lat' dir='ltr'><strong>in</strong></span> <span class='ocrx_word' id='word_1_767' title='bbox 452 4972 692 5040; x_wconf 88' lang='lat' dir='ltr'><strong>corporis</strong></span> <span class='ocrx_word' id='word_1_768' title='bbox 714 4979 768 5024; x_wconf 91' lang='lat' dir='ltr'><strong>et</strong></span> <span class='ocrx_word' id='word_1_769' title='bbox 795 4971 985 5027; x_wconf 64' lang='lat' dir='ltr'><strong>anima:</strong></span> <span class='ocrx_word' id='word_1_770' title='bbox 1018 4975 1367 5028; x_wconf 82' lang='lat' dir='ltr'><strong>substantiam</strong></span> <span class='ocrx_word' id='word_1_771' title='bbox 1398 4976 1568 5031; x_wconf 83' lang='lat' dir='ltr'><strong>factus</strong></span> <span class='ocrx_word' id='word_1_772' title='bbox 1596 4986 1709 5041; x_wconf 87' lang='lat' dir='ltr'><strong>est,</strong></span> <span class='ocrx_word' id='word_1_773' title='bbox 1741 4993 1771 5029; x_wconf 64' lang='grc' dir='ltr'>ε</span> 
     </span>
    </p>
   </div>
   <div class='ocr_carea' id='block_1_98' title="bbox 212 5059 1771 5131">
    <p class='ocr_par' dir='ltr' id='par_1_98' title="bbox 212 5059 1771 5131">
     <span class='ocr_line' id='line_1_98' title="bbox 212 5059 1771 5131; baseline 0.004 -16"><span class='ocrx_word' id='word_1_774' title='bbox 212 5059 409 5131; x_wconf 82' lang='lat' dir='ltr'><strong>quibus</strong></span> <span class='ocrx_word' id='word_1_775' title='bbox 435 5077 626 5131; x_wconf 88' lang='lat' dir='ltr'><strong>corpus</strong></span> <span class='ocrx_word' id='word_1_776' title='bbox 656 5062 719 5115; x_wconf 89' lang='lat' dir='ltr'><strong>de</strong></span> <span class='ocrx_word' id='word_1_777' title='bbox 742 5062 867 5114; x_wconf 89' lang='lat' dir='ltr'><strong>limo</strong></span> <span class='ocrx_word' id='word_1_778' title='bbox 891 5060 1087 5131; x_wconf 79' lang='lat' dir='ltr'><strong>(terrae)</strong></span> <span class='ocrx_word' id='word_1_779' title='bbox 1116 5062 1400 5117; x_wconf 79' lang='lat' dir='ltr'><strong>formatum</strong></span> <span class='ocrx_word' id='word_1_780' title='bbox 1437 5076 1547 5129; x_wconf 87' lang='lat' dir='ltr'><strong>est;</strong></span> <span class='ocrx_word' id='word_1_781' title='bbox 1595 5069 1771 5121; x_wconf 82' lang='lat' dir='ltr'><strong>anima</strong></span> 
     </span>
    </p>
   </div>
   <div class='ocr_carea' id='block_1_99' title="bbox 214 5151 1289 5219">
    <p class='ocr_par' dir='ltr' id='par_1_99' title="bbox 214 5151 1289 5219">
     <span class='ocr_line' id='line_1_99' title="bbox 214 5151 1289 5219; baseline 0.001 -17"><span class='ocrx_word' id='word_1_782' title='bbox 214 5164 345 5204; x_wconf 80' lang='lat' dir='ltr'><strong>vero</strong></span> <span class='ocrx_word' id='word_1_783' title='bbox 365 5152 429 5204; x_wconf 88' lang='lat' dir='ltr'><strong>de</strong></span> <span class='ocrx_word' id='word_1_784' title='bbox 451 5152 616 5205; x_wconf 86' lang='lat' dir='ltr'><strong>nihilo</strong></span> <span class='ocrx_word' id='word_1_785' title='bbox 645 5152 752 5206; x_wconf 87' lang='lat' dir='ltr'><strong>Deo</strong></span> <span class='ocrx_word' id='word_1_786' title='bbox 776 5151 1066 5219; x_wconf 88' lang='lat' dir='ltr'><strong>inspirante</strong></span> <span class='ocrx_word' id='word_1_787' title='bbox 1091 5160 1289 5205; x_wconf 88' lang='lat' dir='ltr'><strong>creata.</strong></span> 
     </span>
    </p>
   </div>
   <div class='ocr_carea' id='block_1_100' title="bbox 286 5238 1773 5318">
    <p class='ocr_par' dir='ltr' id='par_1_100' title="bbox 286 5238 1773 5318">
     <span class='ocr_line' id='line_1_100' title="bbox 286 5238 1773 5318; baseline 0.005 -25"><span class='ocrx_word' id='word_1_788' title='bbox 286 5238 452 5294; x_wconf 85' lang='lat' dir='ltr'><strong>Inter.</strong></span> <span class='ocrx_word' id='word_1_789' title='bbox 485 5241 571 5294; x_wconf 82' lang='lat' dir='ltr'><strong>5i.</strong></span> <span class='ocrx_word' id='word_1_790' title='bbox 604 5242 739 5307; x_wconf 88' lang='lat' dir='ltr'><strong>Quid</strong></span> <span class='ocrx_word' id='word_1_791' title='bbox 773 5253 875 5305; x_wconf 86' lang='lat' dir='ltr'><strong>est,</strong></span> <span class='ocrx_word' id='word_1_792' title='bbox 906 5242 1046 5311; x_wconf 91' lang='lat' dir='ltr'><strong>quod</strong></span> <span class='ocrx_word' id='word_1_793' title='bbox 1077 5243 1209 5296; x_wconf 87' lang='lat' dir='ltr'><strong>dixit</strong></span> <span class='ocrx_word' id='word_1_794' title='bbox 1235 5242 1392 5314; x_wconf 60' lang='grc' dir='ltr'>ιλιι..</span> <span class='ocrx_word' id='word_1_795' title='bbox 1414 5244 1629 5318; x_wconf 88' lang='lat' dir='ltr'><strong>dicitur]</strong></span> <span class='ocrx_word' id='word_1_796' title='bbox 1660 5262 1674 5300; x_wconf 89' lang='lat'>:</span> <span class='ocrx_word' id='word_1_797' title='bbox 1706 5248 1773 5300; x_wconf 82' lang='lat' dir='ltr'><strong>Et</strong></span> 
     </span>
    </p>
   </div>
   <div class='ocr_carea' id='block_1_101' title="bbox 214 5329 1775 5408">
    <p class='ocr_par' dir='ltr' id='par_1_101' title="bbox 214 5329 1775 5408">
     <span class='ocr_line' id='line_1_101' title="bbox 214 5329 1775 5408; baseline 0.004 -24"><span class='ocrx_word' id='word_1_798' title='bbox 214 5332 387 5400; x_wconf 83' lang='lat' dir='ltr'><strong>posuit</strong></span> <span class='ocrx_word' id='word_1_799' title='bbox 406 5329 547 5383; x_wconf 82' lang='lat' dir='ltr'><strong>Deus</strong></span> <span class='ocrx_word' id='word_1_800' title='bbox 576 5332 830 5385; x_wconf 82' lang='lat' dir='ltr'><strong>hominem</strong></span> <span class='ocrx_word' id='word_1_801' title='bbox 860 5334 914 5385; x_wconf 87' lang='lat' dir='ltr'><strong>in</strong></span> <span class='ocrx_word' id='word_1_802' title='bbox 931 5332 1178 5401; x_wconf 86' lang='lat' dir='ltr'><strong>paradiso</strong></span> <span class='ocrx_word' id='word_1_803' title='bbox 1205 5334 1493 5404; x_wconf 74' lang='lat' dir='ltr'><strong>voluptatis,</strong></span> <span class='ocrx_word' id='word_1_804' title='bbox 1512 5348 1566 5389; x_wconf 90' lang='lat' dir='ltr'><strong>ut</strong></span> <span class='ocrx_word' id='word_1_805' title='bbox 1594 5354 1775 5408; x_wconf 83' lang='lat' dir='ltr'><strong>opera-</strong></span> 
     </span>
    </p>
   </div>
   <div class='ocr_carea' id='block_1_102' title="bbox 218 5419 1775 5497">
    <p class='ocr_par' dir='ltr' id='par_1_102' title="bbox 218 5419 1775 5497">
     <span class='ocr_line' id='line_1_102' title="bbox 218 5419 1775 5497; baseline 0.006 -24"><span class='ocrx_word' id='word_1_806' title='bbox 218 5432 361 5476; x_wconf 87' lang='lat' dir='ltr'><strong>retur</strong></span> <span class='ocrx_word' id='word_1_807' title='bbox 388 5432 436 5475; x_wconf 91' lang='lat' dir='ltr'><strong>et</strong></span> <span class='ocrx_word' id='word_1_808' title='bbox 464 5421 741 5475; x_wconf 88' lang='lat' dir='ltr'><strong>custodiret</strong></span> <span class='ocrx_word' id='word_1_809' title='bbox 766 5419 914 5475; x_wconf 84' lang='lat' dir='ltr'><strong>illum</strong></span> <span class='ocrx_word' id='word_1_810' title='bbox 944 5421 1094 5493; x_wconf 84' lang='lat' dir='ltr'><strong>(Cen.</strong></span> <span class='ocrx_word' id='word_1_811' title='bbox 1120 5438 1185 5497; x_wconf 86' lang='lat' dir='ltr'><strong>tt,</strong></span> <span class='ocrx_word' id='word_1_812' title='bbox 1208 5422 1333 5492; x_wconf 60' lang='grc' dir='ltr'><strong>ιδῃ</strong></span> <span class='ocrx_word' id='word_1_813' title='bbox 1384 5424 1649 5496; x_wconf 81' lang='lat' dir='ltr'><strong>[Nunquid</strong></span> <span class='ocrx_word' id='word_1_814' title='bbox 1676 5428 1775 5483; x_wconf 85' lang='lat' dir='ltr'><strong>ho-</strong></span> 
     </span>
    </p>
   </div>
   <div class='ocr_carea' id='block_1_103' title="bbox 220 5512 1777 5592">
    <p class='ocr_par' dir='ltr' id='par_1_103' title="bbox 220 5512 1777 5592">
     <span class='ocr_line' id='line_1_103' title="bbox 220 5512 1777 5592; baseline 0.004 -23"><span class='ocrx_word' id='word_1_815' title='bbox 220 5513 351 5569; x_wconf 89' lang='lat' dir='ltr'><strong>mini</strong></span> <span class='ocrx_word' id='word_1_816' title='bbox 392 5512 721 5581; x_wconf 60' lang='lat' dir='ltr'><strong>laborare,in</strong></span> <span class='ocrx_word' id='word_1_817' title='bbox 767 5513 1016 5583; x_wconf 86' lang='lat' dir='ltr'><strong>paradiso</strong></span> <span class='ocrx_word' id='word_1_818' title='bbox 1064 5531 1199 5585; x_wconf 90' lang='lat' dir='ltr'><strong>opus</strong></span> <span class='ocrx_word' id='word_1_819' title='bbox 1248 5514 1400 5587; x_wconf 81' lang='lat' dir='ltr'><strong>fuit];</strong></span> <span class='ocrx_word' id='word_1_820' title='bbox 1456 5530 1547 5572; x_wconf 88' lang='lat' dir='ltr'><strong>aut</strong></span> <span class='ocrx_word' id='word_1_821' title='bbox 1589 5536 1619 5575; x_wconf 93' lang='lat' dir='ltr'><strong>a</strong></span> <span class='ocrx_word' id='word_1_822' title='bbox 1671 5537 1777 5592; x_wconf 88' lang='lat' dir='ltr'><strong>quo</strong></span> 
     </span>
    </p>
   </div>
   <div class='ocr_carea' id='block_1_104' title="bbox 218 5600 1774 5683">
    <p class='ocr_par' dir='ltr' id='par_1_104' title="bbox 218 5600 1774 5683">
     <span class='ocr_line' id='line_1_104' title="bbox 218 5600 1774 5683; baseline 0.006 -25"><span class='ocrx_word' id='word_1_823' title='bbox 218 5602 492 5657; x_wconf 81' lang='lat' dir='ltr'><strong>custodire</strong></span> <span class='ocrx_word' id='word_1_824' title='bbox 536 5601 683 5657; x_wconf 90' lang='lat' dir='ltr'><strong>illum</strong></span> <span class='ocrx_word' id='word_1_825' title='bbox 738 5600 1210 5674; x_wconf 82' lang='lat' dir='ltr'><strong>[Edit.,illud;al.</strong></span> <span class='ocrx_word' id='word_1_826' title='bbox 1242 5606 1494 5661; x_wconf 86' lang='lat' dir='ltr'><strong>custodiri</strong></span> <span class='ocrx_word' id='word_1_827' title='bbox 1524 5610 1635 5683; x_wconf 88' lang='lat' dir='ltr'><strong>ille]</strong></span> <span class='ocrx_word' id='word_1_828' title='bbox 1681 5615 1774 5667; x_wconf 89' lang='lat' dir='ltr'><strong>de-</strong></span> 
     </span>
    </p>
   </div>
   <div class='ocr_carea' id='block_1_105' title="bbox 222 5687 1775 5768">
    <p class='ocr_par' dir='ltr' id='par_1_105' title="bbox 222 5687 1775 5768">
     <span class='ocr_line' id='line_1_105' title="bbox 222 5687 1775 5768; baseline 0.005 -21"><span class='ocrx_word' id='word_1_829' title='bbox 222 5691 373 5747; x_wconf 82' lang='lat' dir='ltr'><strong>buit?</strong></span> <span class='ocrx_word' id='word_1_830' title='bbox 405 5719 477 5731; x_wconf 90' lang='lat'>—</span> <span class='ocrx_word' id='word_1_831' title='bbox 501 5687 653 5761; x_wconf 85' lang='lat' dir='ltr'><strong>Resp.</strong></span> <span class='ocrx_word' id='word_1_832' title='bbox 684 5690 801 5747; x_wconf 75' lang='lat' dir='ltr'><strong>Non</strong></span> <span class='ocrx_word' id='word_1_833' title='bbox 830 5691 971 5747; x_wconf 88' lang='lat' dir='ltr'><strong>enim</strong></span> <span class='ocrx_word' id='word_1_834' title='bbox 997 5692 1224 5765; x_wconf 78' lang='lat' dir='ltr'><strong>[homini</strong></span> <span class='ocrx_word' id='word_1_835' title='bbox 1250 5694 1388 5768; x_wconf 87' lang='lat' dir='ltr'><strong>erat]</strong></span> <span class='ocrx_word' id='word_1_836' title='bbox 1424 5696 1622 5754; x_wconf 86' lang='lat' dir='ltr'><strong>laboris</strong></span> <span class='ocrx_word' id='word_1_837' title='bbox 1647 5701 1775 5755; x_wconf 66' lang='lat' dir='ltr'><strong>atii-</strong></span> 
     </span>
    </p>
   </div>
   <div class='ocr_carea' id='block_1_106' title="bbox 222 5778 1771 5850">
    <p class='ocr_par' dir='ltr' id='par_1_106' title="bbox 222 5778 1771 5850">
     <span class='ocr_line' id='line_1_106' title="bbox 222 5778 1771 5850; baseline 0.008 -20"><span class='ocrx_word' id='word_1_838' title='bbox 222 5782 329 5833; x_wconf 78' lang='lat' dir='ltr'><strong>etio</strong></span> <span class='ocrx_word' id='word_1_839' title='bbox 352 5781 406 5833; x_wconf 85' lang='lat' dir='ltr'><strong>in</strong></span> <span class='ocrx_word' id='word_1_840' title='bbox 434 5778 703 5847; x_wconf 83' lang='lat' dir='ltr'><strong>paradiso.</strong></span> <span class='ocrx_word' id='word_1_841' title='bbox 727 5782 820 5837; x_wconf 80' lang='lat' dir='ltr'><strong>sed</strong></span> <span class='ocrx_word' id='word_1_842' title='bbox 843 5782 1131 5836; x_wconf 78' lang='lat' dir='ltr'><strong>voluntatis</strong></span> <span class='ocrx_word' id='word_1_843' title='bbox 1158 5786 1502 5850; x_wconf 83' lang='lat' dir='ltr'><strong>exhilaratio;</strong></span> <span class='ocrx_word' id='word_1_844' title='bbox 1548 5803 1670 5841; x_wconf 78' lang='lat' dir='ltr'><strong>cum</strong></span> <span class='ocrx_word' id='word_1_845' title='bbox 1712 5805 1771 5843; x_wconf 76' lang='lat' dir='ltr'><strong>ea</strong></span> 
     </span>
    </p>
   </div>
   <div class='ocr_carea' id='block_1_107' title="bbox 463 5870 839 5932">
    <p class='ocr_par' dir='ltr' id='par_1_107' title="bbox 463 5870 839 5932">
     <span class='ocr_line' id='line_1_107' title="bbox 463 5870 839 5932; baseline 0.005 -2"><span class='ocrx_word' id='word_1_846' title='bbox 463 5874 732 5930; x_wconf 75' lang='lat' dir='ltr'><strong>Pnaot.</strong></span> <span class='ocrx_word' id='word_1_847' title='bbox 776 5870 839 5932; x_wconf 73' lang='grc' dir='ltr'>Β.</span> 
     </span>
    </p>
   </div>
   <div class='ocr_carea' id='block_1_108' title="bbox 858 5972 877 6009">
    <p class='ocr_par' dir='ltr' id='par_1_108' title="bbox 858 5972 877 6009">
     <span class='ocr_line' id='line_1_108' title="bbox 858 5972 877 6009; baseline 0 0"><span class='ocrx_word' id='word_1_848' title='bbox 858 5972 877 6009; x_wconf 86' lang='lat' dir='ltr'><strong>I</strong></span> 
     </span>
    </p>
   </div>
   <div class='ocr_carea' id='block_1_109' title="bbox 1870 4614 3437 4692">
    <p class='ocr_par' dir='ltr' id='par_1_109' title="bbox 1870 4614 3437 4692">
     <span class='ocr_line' id='line_1_109' title="bbox 1870 4614 3437 4692; baseline 0.01 -30"><span class='ocrx_word' id='word_1_849' title='bbox 1870 4620 2027 4665; x_wconf 89' lang='lat' dir='ltr'><strong>natus</strong></span> <span class='ocrx_word' id='word_1_850' title='bbox 2055 4621 2158 4675; x_wconf 85' lang='lat' dir='ltr'><strong>est,</strong></span> <span class='ocrx_word' id='word_1_851' title='bbox 2182 4621 2241 4666; x_wconf 90' lang='lat' dir='ltr'><strong>ut</strong></span> <span class='ocrx_word' id='word_1_852' title='bbox 2263 4614 2561 4675; x_wconf 66' lang='lat' dir='ltr'><strong>adhazreret</strong></span> <span class='ocrx_word' id='word_1_853' title='bbox 2592 4617 2871 4682; x_wconf 68' lang='lat' dir='ltr'><strong>Ecclesite,</strong></span> <span class='ocrx_word' id='word_1_854' title='bbox 2896 4637 3056 4689; x_wconf 89' lang='lat' dir='ltr'><strong>quam</strong></span> <span class='ocrx_word' id='word_1_855' title='bbox 3094 4636 3159 4675; x_wconf 78' lang='lat' dir='ltr'><strong>ex</strong></span> <span class='ocrx_word' id='word_1_856' title='bbox 3189 4624 3437 4692; x_wconf 85' lang='lat' dir='ltr'><strong>gentibus</strong></span> 
     </span>
    </p>
   </div>
   <div class='ocr_carea' id='block_1_110' title="bbox 1867 4703 2478 4771">
    <p class='ocr_par' dir='ltr' id='par_1_110' title="bbox 1867 4703 2478 4771">
     <span class='ocr_line' id='line_1_110' title="bbox 1867 4703 2478 4771; baseline 0.003 -18"><span class='ocrx_word' id='word_1_857' title='bbox 1867 4703 2230 4771; x_wconf 82' lang='lat' dir='ltr'><strong>congregavit.</strong></span> <span class='ocrx_word' id='word_1_858' title='bbox 2474 4706 2478 4711; x_wconf 79' lang='grc'><em>’</em></span> 
     </span>
    </p>
   </div>
   <div class='ocr_carea' id='block_1_111' title="bbox 1939 4809 3424 4882">
    <p class='ocr_par' dir='ltr' id='par_1_111' title="bbox 1939 4809 3424 4882">
     <span class='ocr_line' id='line_1_111' title="bbox 1939 4809 3424 4882; baseline 0.008 -20"><span class='ocrx_word' id='word_1_859' title='bbox 1939 4809 2102 4863; x_wconf 87' lang='lat' dir='ltr'><strong>Inter.</strong></span> <span class='ocrx_word' id='word_1_860' title='bbox 2142 4811 2229 4866; x_wconf 80' lang='lat'><strong>59.</strong></span> <span class='ocrx_word' id='word_1_861' title='bbox 2266 4812 2441 4877; x_wconf 84' lang='lat' dir='ltr'><strong>Quare</strong></span> <span class='ocrx_word' id='word_1_862' title='bbox 2470 4829 2574 4867; x_wconf 85' lang='lat' dir='ltr'><strong>non</strong></span> <span class='ocrx_word' id='word_1_863' title='bbox 2602 4817 2990 4873; x_wconf 87' lang='lat' dir='ltr'><strong>erubescebant</strong></span> <span class='ocrx_word' id='word_1_864' title='bbox 3016 4817 3183 4873; x_wconf 73' lang='lat' dir='ltr'><strong>Adam</strong></span> <span class='ocrx_word' id='word_1_865' title='bbox 3211 4829 3264 4873; x_wconf 90' lang='lat' dir='ltr'><strong>et</strong></span> <span class='ocrx_word' id='word_1_866' title='bbox 3292 4820 3424 4882; x_wconf 84' lang='lat' dir='ltr'><strong>Eva,</strong></span> 
     </span>
    </p>
   </div>
   <div class='ocr_carea' id='block_1_112' title="bbox 1870 4899 3432 4979">
    <p class='ocr_par' dir='ltr' id='par_1_112' title="bbox 1870 4899 3432 4979">
     <span class='ocr_line' id='line_1_112' title="bbox 1870 4899 3432 4979; baseline 0.009 -28"><span class='ocrx_word' id='word_1_867' title='bbox 1870 4899 1995 4952; x_wconf 88' lang='lat' dir='ltr'><strong>dum</strong></span> <span class='ocrx_word' id='word_1_868' title='bbox 2021 4902 2144 4954; x_wconf 91' lang='lat' dir='ltr'><strong>nudi</strong></span> <span class='ocrx_word' id='word_1_869' title='bbox 2164 4911 2319 4955; x_wconf 83' lang='lat' dir='ltr'><strong>erant</strong></span> <span class='ocrx_word' id='word_1_870' title='bbox 2340 4901 2490 4973; x_wconf 81' lang='lat' dir='ltr'><strong>(Gen.</strong></span> <span class='ocrx_word' id='word_1_871' title='bbox 2515 4905 2792 4977; x_wconf 68' lang='lat' dir='ltr'><strong>tt,2’$)?—</strong></span> <span class='ocrx_word' id='word_1_872' title='bbox 2808 4907 2960 4979; x_wconf 88' lang='lat' dir='ltr'><strong>Resp.</strong></span> <span class='ocrx_word' id='word_1_873' title='bbox 2981 4908 3113 4975; x_wconf 87' lang='lat' dir='ltr'><strong>Quia</strong></span> <span class='ocrx_word' id='word_1_874' title='bbox 3137 4910 3335 4963; x_wconf 87' lang='lat' dir='ltr'><strong>nullam</strong></span> <span class='ocrx_word' id='word_1_875' title='bbox 3354 4909 3432 4964; x_wconf 84' lang='lat' dir='ltr'><strong>le-</strong></span> 
     </span>
    </p>
   </div>
   <div class='ocr_carea' id='block_1_113' title="bbox 1871 4992 3440 5067">
    <p class='ocr_par' dir='ltr' id='par_1_113' title="bbox 1871 4992 3440 5067">
     <span class='ocr_line' id='line_1_113' title="bbox 1871 4992 3440 5067; baseline 0.008 -23"><span class='ocrx_word' id='word_1_876' title='bbox 1871 5005 1988 5058; x_wconf 81' lang='lat' dir='ltr'><strong>gem</strong></span> <span class='ocrx_word' id='word_1_877' title='bbox 2006 5000 2287 5046; x_wconf 84' lang='lat' dir='ltr'><strong>senserunt</strong></span> <span class='ocrx_word' id='word_1_878' title='bbox 2302 4993 2357 5046; x_wconf 91' lang='lat' dir='ltr'><strong>in</strong></span> <span class='ocrx_word' id='word_1_879' title='bbox 2372 4996 2627 5049; x_wconf 83' lang='lat' dir='ltr'><strong>membris</strong></span> <span class='ocrx_word' id='word_1_880' title='bbox 2641 4992 2752 5051; x_wconf 82' lang='lat' dir='ltr'><strong>suis</strong></span> <span class='ocrx_word' id='word_1_881' title='bbox 2773 5008 3154 5066; x_wconf 84' lang='lat' dir='ltr'><strong>repugnantem</strong></span> <span class='ocrx_word' id='word_1_882' title='bbox 3172 4998 3273 5067; x_wconf 84' lang='lat' dir='ltr'><strong>legi</strong></span> <span class='ocrx_word' id='word_1_883' title='bbox 3292 5014 3440 5055; x_wconf 87' lang='lat' dir='ltr'><strong>men-</strong></span> 
     </span>
    </p>
   </div>
   <div class='ocr_carea' id='block_1_114' title="bbox 1873 5078 3439 5154">
    <p class='ocr_par' dir='ltr' id='par_1_114' title="bbox 1873 5078 3439 5154">
     <span class='ocr_line' id='line_1_114' title="bbox 1873 5078 3439 5154; baseline 0.009 -24"><span class='ocrx_word' id='word_1_884' title='bbox 1873 5078 1943 5132; x_wconf 79' lang='lat' dir='ltr'><strong>tis</strong></span> <span class='ocrx_word' id='word_1_885' title='bbox 1957 5095 2065 5133; x_wconf 73' lang='lat' dir='ltr'><strong>suae</strong></span> <span class='ocrx_word' id='word_1_886' title='bbox 2083 5097 2097 5131; x_wconf 90' lang='lat'><strong>:</strong></span> <span class='ocrx_word' id='word_1_887' title='bbox 2114 5080 2247 5134; x_wconf 84' lang='lat' dir='ltr'><strong>nihil</strong></span> <span class='ocrx_word' id='word_1_888' title='bbox 2268 5080 2411 5134; x_wconf 86' lang='lat' dir='ltr'><strong>enim</strong></span> <span class='ocrx_word' id='word_1_889' title='bbox 2434 5084 2692 5151; x_wconf 87' lang='lat' dir='ltr'><strong>putabant</strong></span> <span class='ocrx_word' id='word_1_890' title='bbox 2705 5084 3006 5149; x_wconf 86' lang='lat' dir='ltr'><strong>velandum,</strong></span> <span class='ocrx_word' id='word_1_891' title='bbox 3021 5087 3145 5154; x_wconf 89' lang='lat' dir='ltr'><strong>quia</strong></span> <span class='ocrx_word' id='word_1_892' title='bbox 3162 5087 3292 5142; x_wconf 86' lang='lat' dir='ltr'><strong>nihil</strong></span> <span class='ocrx_word' id='word_1_893' title='bbox 3314 5103 3439 5143; x_wconf 65' lang='lat' dir='ltr'><strong>seno</strong></span> 
     </span>
    </p>
   </div>
   <div class='ocr_carea' id='block_1_115' title="bbox 1872 5167 3437 5247">
    <p class='ocr_par' dir='ltr' id='par_1_115' title="bbox 1872 5167 3437 5247">
     <span class='ocr_line' id='line_1_115' title="bbox 1872 5167 3437 5247; baseline 0.006 -24"><span class='ocrx_word' id='word_1_894' title='bbox 1872 5179 2057 5223; x_wconf 85' lang='lat' dir='ltr'><strong>serunt</strong></span> <span class='ocrx_word' id='word_1_895' title='bbox 2085 5167 2477 5225; x_wconf 80' lang='lat' dir='ltr'><strong>refrenandum.</strong></span> <span class='ocrx_word' id='word_1_896' title='bbox 2516 5172 2650 5227; x_wconf 83' lang='lat' dir='ltr'><strong>Nam</strong></span> <span class='ocrx_word' id='word_1_897' title='bbox 2693 5176 2745 5228; x_wconf 93' lang='lat' dir='ltr'><strong>in</strong></span> <span class='ocrx_word' id='word_1_898' title='bbox 2770 5192 2982 5245; x_wconf 72' lang='lat' dir='ltr'><strong>poenam</strong></span> <span class='ocrx_word' id='word_1_899' title='bbox 3010 5179 3215 5247; x_wconf 85' lang='lat' dir='ltr'><strong>peccati</strong></span> <span class='ocrx_word' id='word_1_900' title='bbox 3258 5181 3437 5233; x_wconf 75' lang='lat' dir='ltr'><strong>evenit</strong></span> 
     </span>
    </p>
   </div>
   <div class='ocr_carea' id='block_1_116' title="bbox 1874 5258 3433 5332">
    <p class='ocr_par' dir='ltr' id='par_1_116' title="bbox 1874 5258 3433 5332">
     <span class='ocr_line' id='line_1_116' title="bbox 1874 5258 3433 5332; baseline 0.008 -21"><span class='ocrx_word' id='word_1_901' title='bbox 1874 5258 2099 5322; x_wconf 90' lang='lat' dir='ltr'><strong>homini,</strong></span> <span class='ocrx_word' id='word_1_902' title='bbox 2111 5268 2170 5312; x_wconf 90' lang='lat' dir='ltr'><strong>ut</strong></span> <span class='ocrx_word' id='word_1_903' title='bbox 2184 5260 2297 5329; x_wconf 89' lang='lat' dir='ltr'><strong>ipsa</strong></span> <span class='ocrx_word' id='word_1_904' title='bbox 2312 5276 2405 5316; x_wconf 90' lang='lat' dir='ltr'><strong>sua</strong></span> <span class='ocrx_word' id='word_1_905' title='bbox 2418 5278 2543 5317; x_wconf 90' lang='lat' dir='ltr'><strong>caro</strong></span> <span class='ocrx_word' id='word_1_906' title='bbox 2557 5265 2768 5319; x_wconf 89' lang='lat' dir='ltr'><strong>rebellis</strong></span> <span class='ocrx_word' id='word_1_907' title='bbox 2779 5267 2826 5321; x_wconf 89' lang='lat' dir='ltr'><strong>ei</strong></span> <span class='ocrx_word' id='word_1_908' title='bbox 2840 5269 3043 5323; x_wconf 75' lang='lat' dir='ltr'><strong>essetin</strong></span> <span class='ocrx_word' id='word_1_909' title='bbox 3055 5269 3288 5323; x_wconf 84' lang='lat' dir='ltr'><strong>motibus</strong></span> <span class='ocrx_word' id='word_1_910' title='bbox 3303 5272 3433 5332; x_wconf 83' lang='lat' dir='ltr'><strong>suis,</strong></span> 
     </span>
    </p>
   </div>
   <div class='ocr_carea' id='block_1_117' title="bbox 1874 5349 3363 5418">
    <p class='ocr_par' dir='ltr' id='par_1_117' title="bbox 1874 5349 3363 5418">
     <span class='ocr_line' id='line_1_117' title="bbox 1874 5349 3363 5418; baseline 0.009 -18"><span class='ocrx_word' id='word_1_911' title='bbox 1874 5349 1997 5415; x_wconf 88' lang='lat' dir='ltr'><strong>quia</strong></span> <span class='ocrx_word' id='word_1_912' title='bbox 2029 5350 2141 5418; x_wconf 88' lang='lat' dir='ltr'><strong>ipse</strong></span> <span class='ocrx_word' id='word_1_913' title='bbox 2167 5349 2381 5404; x_wconf 88' lang='lat' dir='ltr'><strong>rebellis</strong></span> <span class='ocrx_word' id='word_1_914' title='bbox 2406 5360 2520 5403; x_wconf 86' lang='lat' dir='ltr'><strong>erat</strong></span> <span class='ocrx_word' id='word_1_915' title='bbox 2546 5356 2773 5407; x_wconf 87' lang='lat' dir='ltr'><strong>creatori</strong></span> <span class='ocrx_word' id='word_1_916' title='bbox 2803 5369 2899 5409; x_wconf 88' lang='lat' dir='ltr'><strong>suo</strong></span> <span class='ocrx_word' id='word_1_917' title='bbox 2927 5356 2978 5409; x_wconf 91' lang='lat' dir='ltr'><strong>in</strong></span> <span class='ocrx_word' id='word_1_918' title='bbox 3004 5358 3210 5411; x_wconf 86' lang='lat' dir='ltr'><strong>actibus</strong></span> <span class='ocrx_word' id='word_1_919' title='bbox 3234 5360 3363 5412; x_wconf 90' lang='lat' dir='ltr'><strong>suis.</strong></span> 
     </span>
    </p>
   </div>
   <div class='ocr_carea' id='block_1_118' title="bbox 1946 5436 3436 5507">
    <p class='ocr_par' dir='ltr' id='par_1_118' title="bbox 1946 5436 3436 5507">
     <span class='ocr_line' id='line_1_118' title="bbox 1946 5436 3436 5507; baseline 0.005 -18"><span class='ocrx_word' id='word_1_920' title='bbox 1946 5436 2109 5490; x_wconf 85' lang='lat' dir='ltr'><strong>Inter.</strong></span> <span class='ocrx_word' id='word_1_921' title='bbox 2134 5436 2221 5491; x_wconf 85' lang='lat'><strong>60.</strong></span> <span class='ocrx_word' id='word_1_922' title='bbox 2240 5436 2390 5494; x_wconf 76' lang='lat' dir='ltr'><strong>Unde</strong></span> <span class='ocrx_word' id='word_1_923' title='bbox 2410 5454 2616 5507; x_wconf 85' lang='lat' dir='ltr'><strong>serpens</strong></span> <span class='ocrx_word' id='word_1_924' title='bbox 2640 5440 3089 5498; x_wconf 79' lang='lat' dir='ltr'><strong>callidiordieitur</strong></span> <span class='ocrx_word' id='word_1_925' title='bbox 3107 5446 3301 5498; x_wconf 77' lang='lat' dir='ltr'><strong>cunctis</strong></span> <span class='ocrx_word' id='word_1_926' title='bbox 3322 5448 3436 5497; x_wconf 79' lang='lat' dir='ltr'><strong>ani-</strong></span> 
     </span>
    </p>
   </div>
   <div class='ocr_carea' id='block_1_119' title="bbox 1876 5525 3432 5598">
    <p class='ocr_par' dir='ltr' id='par_1_119' title="bbox 1876 5525 3432 5598">
     <span class='ocr_line' id='line_1_119' title="bbox 1876 5525 3432 5598; baseline 0.003 -20"><span class='ocrx_word' id='word_1_927' title='bbox 1876 5527 2135 5581; x_wconf 80' lang='lat' dir='ltr'><strong>mantibus</strong></span> <span class='ocrx_word' id='word_1_928' title='bbox 2156 5536 2309 5582; x_wconf 75' lang='lat' dir='ltr'><strong>terra:</strong></span> <span class='ocrx_word' id='word_1_929' title='bbox 2332 5525 2480 5596; x_wconf 83' lang='lat' dir='ltr'><strong>(Gen.</strong></span> <span class='ocrx_word' id='word_1_930' title='bbox 2498 5542 2584 5592; x_wconf 89' lang='grc' dir='ltr'>ιιι,</span> <span class='ocrx_word' id='word_1_931' title='bbox 2603 5528 2686 5598; x_wconf 80' lang='lat' dir='ltr'><strong>l)?</strong></span> <span class='ocrx_word' id='word_1_932' title='bbox 2705 5559 2773 5571; x_wconf 80' lang='lat'><strong>—-</strong></span> <span class='ocrx_word' id='word_1_933' title='bbox 2800 5529 2953 5595; x_wconf 75' lang='lat' dir='ltr'><strong>Resp.</strong></span> <span class='ocrx_word' id='word_1_934' title='bbox 2985 5532 3099 5588; x_wconf 80' lang='lat' dir='ltr'><strong>Non</strong></span> <span class='ocrx_word' id='word_1_935' title='bbox 3120 5548 3182 5585; x_wconf 87' lang='lat' dir='ltr'><strong>ex</strong></span> <span class='ocrx_word' id='word_1_936' title='bbox 3209 5548 3301 5587; x_wconf 88' lang='lat' dir='ltr'><strong>sua</strong></span> <span class='ocrx_word' id='word_1_937' title='bbox 3333 5549 3432 5587; x_wconf 76' lang='lat' dir='ltr'><strong>ua-</strong></span> 
     </span>
    </p>
   </div>
   <div class='ocr_carea' id='block_1_120' title="bbox 1878 5615 3441 5686">
    <p class='ocr_par' dir='ltr' id='par_1_120' title="bbox 1878 5615 3441 5686">
     <span class='ocr_line' id='line_1_120' title="bbox 1878 5615 3441 5686; baseline 0.005 -17"><span class='ocrx_word' id='word_1_938' title='bbox 1878 5626 2032 5677; x_wconf 85' lang='lat' dir='ltr'><strong>tura,</strong></span> <span class='ocrx_word' id='word_1_939' title='bbox 2060 5615 2241 5669; x_wconf 72' lang='lat' dir='ltr'><strong>sedes</strong></span> <span class='ocrx_word' id='word_1_940' title='bbox 2289 5615 2535 5672; x_wconf 87' lang='lat' dir='ltr'><strong>diabolici</strong></span> <span class='ocrx_word' id='word_1_941' title='bbox 2579 5619 2797 5686; x_wconf 86' lang='lat' dir='ltr'><strong>spiritus</strong></span> <span class='ocrx_word' id='word_1_942' title='bbox 2849 5620 3135 5680; x_wconf 80' lang='lat' dir='ltr'><strong>inﬂatione.</strong></span> <span class='ocrx_word' id='word_1_943' title='bbox 3178 5622 3441 5679; x_wconf 83' lang='lat' dir='ltr'><strong>Utcbatur</strong></span> 
     </span>
    </p>
   </div>
   <div class='ocr_carea' id='block_1_121' title="bbox 1878 5704 3440 5779">
    <p class='ocr_par' dir='ltr' id='par_1_121' title="bbox 1878 5704 3440 5779">
     <span class='ocr_line' id='line_1_121' title="bbox 1878 5704 3440 5779; baseline 0.006 -25"><span class='ocrx_word' id='word_1_944' title='bbox 1878 5704 2017 5759; x_wconf 76' lang='lat' dir='ltr'><strong>enim</strong></span> <span class='ocrx_word' id='word_1_945' title='bbox 2046 5712 2297 5770; x_wconf 79' lang='lat' dir='ltr'><strong>serpente</strong></span> <span class='ocrx_word' id='word_1_946' title='bbox 2323 5704 2567 5759; x_wconf 83' lang='lat' dir='ltr'><strong>diabolus</strong></span> <span class='ocrx_word' id='word_1_947' title='bbox 2598 5709 2752 5777; x_wconf 83' lang='lat' dir='ltr'><strong>quasi</strong></span> <span class='ocrx_word' id='word_1_948' title='bbox 2779 5721 2979 5777; x_wconf 78' lang='lat' dir='ltr'><strong>organo</strong></span> <span class='ocrx_word' id='word_1_949' title='bbox 3020 5710 3084 5760; x_wconf 86' lang='lat' dir='ltr'><strong>ad</strong></span> <span class='ocrx_word' id='word_1_950' title='bbox 3128 5719 3440 5779; x_wconf 69' lang='lat' dir='ltr'><strong>perpetrau-</strong></span> 
     </span>
    </p>
   </div>
   <div class='ocr_carea' id='block_1_122' title="bbox 1879 5792 2769 5869">
    <p class='ocr_par' dir='ltr' id='par_1_122' title="bbox 1879 5792 2769 5869">
     <span class='ocr_line' id='line_1_122' title="bbox 1879 5792 2769 5869; baseline 0.006 -23"><span class='ocrx_word' id='word_1_951' title='bbox 1879 5796 1998 5846; x_wconf 83' lang='lat' dir='ltr'><strong>dam</strong></span> <span class='ocrx_word' id='word_1_952' title='bbox 2030 5792 2333 5869; x_wconf 75' lang='lat' dir='ltr'><strong>calliditatis</strong></span> <span class='ocrx_word' id='word_1_953' title='bbox 2352 5810 2469 5847; x_wconf 63' lang='lat' dir='ltr'><strong>sum</strong></span> <span class='ocrx_word' id='word_1_954' title='bbox 2492 5798 2769 5851; x_wconf 80' lang='lat' dir='ltr'><strong>malitiam.</strong></span> 
     </span>
    </p>
   </div>
   <div class='ocr_carea' id='block_1_123' title="bbox 2864 5868 2966 5950">
    <p class='ocr_par' dir='ltr' id='par_1_123' title="bbox 2864 5868 2966 5950">
     <span class='ocr_line' id='line_1_123' title="bbox 2864 5868 2966 5950; baseline -0.01 0"><span class='ocrx_word' id='word_1_955' title='bbox 2864 5868 2966 5950; x_wconf 74' lang='grc' dir='ltr'>ιτ</span> 
     </span>
    </p>
   </div>
  </div>
