4428 6400
848 451 962 506 -ῗεὲΰ

1701 449 1755 500 ιι.
1803 446 1862 501 F.
1902 443 2121 499 ALBINI
2158 444 2286 501 SEU
2325 443 2596 500 ALCUINI
2633 443 2920 501 OPERUM
2959 443 3136 500 PARS
3175 444 3236 499 ll.

3976 447 4072 502 δει

927 564 1089 617 Inter.
1119 560 1205 616 6|.
1251 559 1358 614 Cur
1388 556 1600 612 tentari
1649 556 1784 611 Deus
1825 555 2095 612 hominem
2137 553 2411 624 permisit,
2447 565 2490 621 Α
2589 551 2754 606 Inter.
2782 552 2870 606 72.
2898 550 3009 606 Cur
3032 551 3172 606 Deus
3213 552 3365 620 quasi
3413 552 3656 608 nesciens
3703 552 4072 625 interrogavit,

861 668 1020 723 quem
1035 650 1338 708 consentire
1357 648 1708 718 praesciehat?
1741 676 1811 686 —
1842 645 1993 716 Resp.
2039 644 2173 712 Quia
2211 660 2416 716 magna:

861 743 1000 798 laudi
1030 741 1182 816 μη,
1207 739 1402 812 laudis]
1431 753 1535 794 non
1564 745 1726 802 esset,
1750 737 1798 792 si
1826 737 1945 792 ideo
1967 737 2126 792 homo
2159 751 2262 789 non
2291 749 2415 804 pec-

859 843 1033 892 cassct
1052 874 1066 901 ,
1097 834 1221 904 quia
1242 830 1558 887 malefacere
1588 844 1692 883 non
1710 827 1988 899 potuisset.
2024 825 2158 880 Nam
2182 836 2235 880 et
2261 825 2417 879 hodie

859 929 975 984 sine
1003 925 1396 982 intermissione
1424 920 1542 995 [per
1567 919 1898 991 universum]
1934 933 2102 988 genus
2125 918 2413 972 humanum

860 1036 924 1075 ex
966 1017 1174 1074 insidiis
1201 1016 1393 1072 diaboli
1429 1011 1716 1086 [homines]
1763 1015 2035 1085 t‘entaptur
2083 1007 2274 1080 [Ed:t.,
2301 1017 2417 1062 ten-

862 1108 1051 1182 tatur],
1066 1117 1123 1166 ut
1143 1123 1209 1163 ex
1239 1121 1304 1161 eo
1331 1103 1715 1159 virtustentati
1737 1102 2013 1173 probetur,
2037 1113 2092 1154 et
2115 1099 2289 1174 palma
2311 1113 2414 1152 non

845 1198 1242 1254 consentientis
1275 1195 1556 1266 gloriosior
1590 1201 1863 1263 appareat.

933 1289 1094 1344 Inter.
1123 1288 1207 1343 62.
1235 1288 1290 1343 Si
1313 1286 1534 1356 serpens
1555 1301 1745 1340 sonum
1765 1284 2049 1339 verborum
2075 1281 2190 1352 ejus
2210 1281 2301 1351 qui
2324 1295 2419 1350 per

861 1397 982 1435 cum
1019 1375 1329 1450 loquebatur
1379 1376 1676 1446 intelligere
1718 1374 1923 1445 potuit?
1963 1403 2034 1413 ---
2097 1372 2250 1438 Resp.
2302 1370 2416 1426 Non

860 1485 943 1530 est
966 1472 1218 1529 credibile
1239 1486 1360 1526 eum
1389 1469 1682 1539 intelligere
1711 1467 1948 1538 potuisse
1990 1479 2107 1535 qua:
2153 1479 2248 1533 per
2295 1478 2416 1516 eum

862 1561 1102 1618 diabolus
1128 1561 1318 1632 agebat
1340 1576 1354 1620 ;
1396 1559 1488 1613 sed
1520 1557 1658 1613 sicut
1675 1557 2034 1612 dtemoniaeus
2058 1562 2112 1608 et
2135 1561 2309 1608 mente
2330 1567 2418 1606 ca-

864 1661 986 1722 ptus
1005 1650 1238 1721 loquitur
1283 1663 1399 1718 qua:
1441 1647 1627 1710 nescit,
1663 1646 1736 1700 ita
1775 1660 1995 1713 serpens
2033 1645 2193 1698 verba
2229 1643 2419 1697 edebat

844 1757 981 1812 .quze
1007 1756 1111 1795 non
1138 1738 1482 1809 intelligebat.

933 1831 1094 1886 Inter.
1134 1830 1219 1884 63.
1264 1827 1373 1883 Cur
1409 1827 1599 1881 mulier
1625 1825 1690 1882 ad
1721 1825 2042 1897 interrogata
2067 1822 2300 1894 serpenti
2332 1835 2415 1876 rc—

2521 643 2608 697 ubi
2633 652 2775 697 esset
2798 642 2968 696 Adam
3001 638 3152 712 (Gen.
3189 655 3272 705 111,
3305 640 3394 713 9)?
3442 670 3513 680 —
3541 639 3694 713 Resp.
3742 640 3857 696 Non
3903 643 4074 714 utique

2520 733 2812 804 ignorando
2837 730 3102 802 quaesivit,
3126 731 3218 784 sed
3250 729 3576 799 increpando
3614 731 3891 785 admonuit
3922 740 3981 786 ut
4005 744 4073 787 at-

2521 824 2758 879 tenderet
2781 823 2871 878 ubi
2893 829 3054 884 esset,
3077 831 3130 875 et
3156 823 3299 876 unde
3323 822 3622 876 cecidisset.

2588 914 2752 968 Inter.
2793 914 2878 968 75.
2910 912 3062 968 Unde
3088 912 3190 984 [sc]
3231 928 3262 966 a
3288 913 3494 967 Domini
3524 915 3804 982 prtesentia
3830 915 4070 970 abscondi

2516 1019 2670 1074 posse
2696 1003 2946 1072 putabat?
2978 1033 3047 1043 —-
3085 1002 3240 1070 Resp.
3272 1003 3394 1057 [late
3418 1003 3466 1057 ei
3507 1004 3808 1072 insipientia
3851 1007 3917 1059 de
3957 1021 4070 1076 pec-

2517 1094 2621 1148 cati
2649 1109 2803 1162 puana
2832 1093 3046 1157 accidit,
3070 1101 3128 1146 ut
3154 1108 3274 1146 eum
3299 1095 3398 1147 hoc
3421 1093 3585 1148 latere
3617 1103 3765 1162 putet
3792 1094 4071 1166 [Ms.,eum

2517 1178 2684 1236 latere
2708 1181 2841 1235 velle
2869 1180 3072 1252 quem],
3097 1196 3256 1249 quem
3279 1180 3446 1235 latere
3482 1171 3612 1235 nihil
3641 1192 3835 1253 potest.

2585 1272 2750 1327 Inter.
2783 1273 2868 1325 74.
2899 1272 3008 1327 Cur
3033 1271 3201 1325 Adam
3230 1279 3508 1340 peccatum
3537 1272 3588 1326 in
3613 1273 3887 1328 mulierem
3910 1274 4073 1328 detor-

2518 1362 2587 1416 sit
2611 1357 2758 1432 (Gen.
2779 1377 2858 1425 ιιι,
2881 1360 2964 1430 12)
2983 1361 3085 1414 ?—-
3105 1359 3261 1430 Resp.
3277 1361 3355 1416 Ad
3373 1361 3641 1416 cumulum
3663 1364 3869 1430 peccati
3889 1364 3970 1436 sui
3989 1380 4072 1418 su-

2517 1453 2680 1522 perbe
2709 1452 3000 1520 respondit,
3028 1451 3124 1524 [ct]
3153 1468 3256 1505 non
3283 1451 3588 1519 humiliter;
3629 1453 3779 1520 quasi
3812 1455 4072 1521 querimo-

2518 1541 2662 1592 niam
2691 1539 2744 1592 in
2767 1539 2934 1593 Deum
2957 1540 3208 1610 dirigeret
3229 1556 3326 1593 cur
3345 1540 3394 1594 ei
3423 1540 3583 1595 talem
3605 1541 3837 1596 dedisset
3856 1544 4072 1615 sociam,

2517 1629 2656 1682 unde
2680 1628 2730 1681 ei
2759 1628 2962 1697 peccati
2988 1628 3200 1682 occasio
3219 1637 3378 1682 esset.
3405 1628 3663 1683 Similiter
3677 1637 3730 1682 et
3755 1630 3944 1682 mulier
3963 1646 4069 1684 sua:

2516 1719 2684 1789 culpa:
2713 1735 2926 1773 causam
2957 1719 3010 1772 in
3041 1729 3336 1776 creatorem
3368 1719 3547 1784 refert,
3573 1737 3737 1791 quare
3784 1720 4071 1792 [Al.,qula]

2516 1818 2847 1879 serpentem,
2884 1825 2982 1878 per
3032 1825 3191 1878 quem
3245 1811 3582 1880 deciperetur
3632 1810 3731 1882 [in
3781 1811 4070 1882 paradiso]

861 1922 1085 1993 spondet
1113 1919 1265 1994 [Ms.,
1295 1916 1589 1989 respondit]
1628 1895 1892 1989 (Geram,
1913 1915 2004 1987 ﬁt)?
2045 1944 2114 1953 -
2148 1913 2302 1983 Resp.
2348 1912 2418 1967 Ut
2452 1895 2490 1952 Β
2518 1902 2802 1994 creaverit.

861 2011 1232 2083 prmvaricatio
1280 2009 1397 2080 ejus
1441 2015 1583 2064 esset
1635 2005 2042 2064 inexcusabilis.
2093 2019 2213 2058 cum
2272 2002 2416 2056 nullo

868 2102 1024 2155 modo
1044 2100 1220 2154 dicere
1241 2097 1412 2168 potuit
1431 2097 1495 2150 se
1508 2095 1725 2150 oblitam
1751 2107 1869 2148 esse
1892 2092 2127 2147 mandati
2141 2092 2282 2161 quod
2305 2107 2418 2145 ser-

851 2191 1009 2260 penti
1030 2189 1280 2260 prodidit.

932 2281 1094 2336 Inter.
1123 2280 1210 2334 64.
1238 2277 1346 2334 Cur
1374 2277 1533 2332 homo
1558 2275 1731 2332 iactus
1772 2283 1854 2331 est
1897 2275 1949 2329 in
2000 2274 2226 2328 liberum
2269 2273 2414 2327 arbi-

860 2373 1055 2428 trium?
1073 2402 1143 2412 --
1165 2369 1319 2442 Resp.
1346 2367 1480 2436 Quia
1508 2367 1678 2424 noluit
1698 2376 1908 2423 creator
1936 2366 2205 2421 hominem
2241 2365 2417 2434 cujus-

857 2466 990 2519 libet
1012 2479 1224 2518 servum
1245 2475 1450 2524 creare,
1475 2473 1634 2530 quem
1663 2459 1730 2513 ad
1754 2451 2037 2528 imaginem
2082 2471 2234 2510 suam
2270 2455 2413 2519 fecit,

855 2564 1116 2625 quatenus
1162 2568 1228 2607 ex
1263 2551 1561 2607 voluntario
1605 2550 1746 2604 bono
1797 2547 2076 2602 laudabilis
2113 2557 2414 2617 appareret,

857 2642 939 2696 vel
962 2642 1195 2712 appetitu
1233 2639 1376 2695 malo
1409 2636 1745 2694 damnabilis.

926 2735 1089 2788 Inter.
1120 2731 1206 2786 65.
1240 2731 1368 2797 Quae
1391 2738 1472 2784 est
1492 2729 1714 2783 libertas
1727 2727 1888 2780 vera?
1909 2725 2151 2797 —Resp.
2183 2725 2414 2780 Maxima

855 2821 1080 2896 [autem]
1112 2821 1330 2876 libertas
1349 2829 1430 2874 est
1453 2817 1654 2872 servire
1665 2815 1907 2886 iustitiae,
1927 2824 1982 2872 et
2004 2832 2034 2870 a
2059 2826 2280 2885 peccato
2298 2829 2416 2871 esse

862 2917 1110 2970 liberum.
1487 2919 1498 2929 '

929 3005 1093 3058 Inter.
1128 2999 1214 3055 66.
1257 2999 1530 3066 Quomodo
1577 2997 1749 3069 potuit
1790 2997 1983 3052 mulier
2029 2996 2247 3051 credere
2297 3011 2414 3051 ser-

858 3093 1033 3162 pentis
1052 3089 1406 3160 sermonibus,
1434 3087 1575 3156 quod
1606 3083 1856 3142 divinitus
1894 3100 1925 3138 a
1961 3098 2020 3139 re
2052 3083 2191 3138 bona
2228 3082 2414 3137 fuisset

857 3181 1236 3253 prohibita?—
1252 3178 1403 3248 Resp.
1423 3176 1558 3242 Quia
1574 3176 1710 3230 forte
1731 3185 1856 3230 aute
1880 3176 2054 3230 inerat
2076 3175 2238 3229 menti
2273 3173 2414 3228 illius

857 3236 1010 3330 amor
1030 3272 1246 3345 quidam
1272 3236 1502 3341 propriae
1521 3268 1824 3340 potestatis,
1851 3275 1906 3322 et
1939 3266 2184 3336 quaedam
2212 3265 2278 3320 de
2307 3263 2408 3338 [se]
2445 3236 2489 3295 δ

855 3364 1083 3437 superba
1108 3360 1470 3439 praesumptio,
1495 3375 1613 3430 qua:
1637 3374 1734 3430 per
1758 3357 1901 3412 illam
1922 3355 2272 3424 tentationem
2299 3355 2410 3410 fue-

855 3465 941 3512 rat
971 3454 1230 3511 vincenda
1256 3461 1312 3509 et
1340 3451 1686 3508 humilianda.
1709 3491 1729 3500 ..

927 3545 1092 3600 Inter.
1115 3543 1204 3598 67.
1221 3541 1330 3597 Cur
1351 3540 1542 3595 mulier
1561 3536 1917 3594 consideravit
1934 3535 2134 3606 lignum
2158 3543 2281 3603 post
2301 3549 2413 3588 ser-

852 3635 1029 3707 pentis
1062 3633 1462 3705 persuasionem
1503 3628 1654 3702 (Gen.
1683 3646 1765 3704 ιιι,
1796 3628 1884 3700 6)?
1906 3657 1978 3668 —
2005 3627 2159 3697 Resp.
2209 3627 2275 3683 Ut
2320 3644 2412 3682 ex-

853 3727 1090 3797 ploraret
1113 3722 1159 3778 si
1194 3721 1322 3792 quid
1348 3719 1402 3774 in
1425 3734 1490 3774 eo
1510 3716 1840 3773 mortiferum
1868 3724 2044 3783 esset;
2078 3717 2202 3771 dum
2233 3726 2411 3770 autem

853 3815 987 3872 nihil
1011 3815 1067 3870 lu
1101 3828 1167 3869 eo
1197 3811 1298 3867 tale
1321 3810 1601 3880 reperiret,
1617 3809 1964 3865 conﬁdentius
1983 3809 2212 3878 gustavit
2238 3825 2301 3862 ex
2324 3823 2407 3863 eo.

929 3903 1095 3959 Inter.
1125 3903 1213 3959 68.
1244 3900 1396 3974 [Sed]
1433 3901 1574 3955 unde
1612 3901 1694 3953 vir
1737 3900 2004 3954 mnsentit
2052 3898 2296 3952 feminze?
2343 3928 2413 3937 —

857 3983 1188 4065 Iiesp.Quia
1228 3989 1364 4044 forte
1405 3988 1549 4042 illam
1583 4002 1648 4042 eo
1686 3987 1808 4042 cibo
1841 3994 2102 4041 mortuam
2138 4001 2242 4040 non
2295 4001 2413 4040 esse

860 4082 1142 4145 cernebat;
1170 4086 1224 4133 et
1244 4077 1416 4147 potuit
1438 4075 1571 4137 ﬁeri.
1592 4082 1650 4128 ut
1677 4074 1978 4144 putaverint
2003 4073 2414 4145 alicujuS‘signi-

860 4170 1124 4228 licationis
1158 4183 1319 4224 causa
1346 4167 1543 4222 dixisse
1584 4173 1881 4220 creatorem
1912 4182 1925 4218 :
1970 4163 2030 4220 Si
2073 4165 2414 4219 manducaue—

819 4283 822 4286 ’
859 4263 974 4316 ritis
998 4276 1062 4314 ea:
1088 4276 1171 4323 eo,
1192 4268 1354 4312 morte
1381 4257 1670 4310 moriemini
1693 4253 1845 4326 (Gen.
1883 4271 1944 4319 ιι,
1978 4255 2084 4326 17).

928 4349 1093 4405 Inter.
1119 4346 1208 4401 69.
1234 4345 1315 4400 Ad
1343 4345 1470 4414 quid
1500 4344 1668 4414 aperti
1701 4351 1826 4397 sunt
1849 4340 1987 4398 oculi
2015 4358 2199 4398 eorum
2250 4341 2408 4414 (Cen.

859 4455 938 4500 ιιι,
980 4437 1068 4510 7)?
1112 4464 1183 4475 —
1236 4432 1392 4503 Resp.
1445 4430 1606 4504 [Quo]
1659 4431 1762 4486 nisi
1809 4431 1875 4486 ad
1910 4430 2136 4485 invicem
2161 4433 2412 4502 concupi-

858 4526 1145 4585 scendum?
1171 4523 1327 4597 quod‘
1342 4523 1421 4578 eis
1447 4523 1513 4577 ad
1554 4537 1768 4592 poenam
1809 4537 1930 4576 mox
1972 4531 2094 4592 post
2134 4533 2412 4594 peccatum

861 4618 1056 4674 evenit.

933 4707 1092 4777 310
1129 4705 1291 4760 Inter.
1326 4704 1414 4758 70.
1464 4703 1572 4759 Cur
1607 4704 1674 4758 ad
1702 4702 1825 4758 folia
1869 4703 2049 4759 ﬁculni
2096 4703 2243 4776 [Ms.,
2271 4705 2419 4761 licui-

864 4795 1000 4866 ποτε]
1024 4796 1218 4848 turbati
1245 4800 1596 4849 cucurrerunt
1622 4791 1779 4862 μὴ,
1823 4794 2231 4866 concurrerunt]
2262 4793 2414 4864 (Gen.

868 4903 946 4950 ιιι,
973 4883 1072 4956 7)?
1110 4911 1185 4923 —-
1217 4872 1373 4947 Reip.
1418 4881 1552 4949 Quia
1601 4882 1820 4952 gloriam
1871 4883 2126 4950 simplicis
2156 4885 2419 4939 castitatis

867 4977 1181 5038 amiserunt,
1209 4971 1276 5026 ad
1305 4971 1564 5041 duplicem
1591 4971 1825 5028 libidinis
1867 4973 2194 5043 pruriginem
2227 4973 2417 5027 confu-

865 5074 1074 5135 gerunt.
1106 5062 1252 5138 [Ideo
1273 5061 1532 5117 Dominus
1558 5059 1714 5117 Iesus
1744 5061 1877 5117 dixit
1903 5060 2218 5117 Nathanaeli
2247 5076 2262 5116 :
2289 5061 2418 5117 Cum

867 5174 997 5210 esses
1021 5157 1113 5211 sub
1133 5155 1258 5225 ﬁcu,
1287 5153 1394 5211 ridi
1419 5163 1469 5207 te
1510 5151 1688 5224 (Im.
1708 5167 1750 5218 1,
1773 5151 1896 5223 48),
1917 5153 1972 5207 id
1998 5162 2102 5218 est,
2126 5169 2248 5209 cum
2272 5169 2420 5210 esses

866 5248 966 5300 sub
996 5245 1097 5300 llcu
1122 5244 1396 5316 originalis
1414 5241 1752 5315 peccati,per
1768 5243 2187 5298 misericordiam
2213 5245 2321 5300 vidi
2343 5253 2416 5309 te,

866 5345 920 5391 et
951 5334 1070 5390 ideo
1096 5332 1345 5389 descendi
1366 5333 1598 5389 liberare
1624 5331 1721 5406 ια]
1757 5373 1759 5375 ι

937 5424 1098 5478 Inter.
1131 5422 1219 5476 7|.
1249 5419 1387 5488 Quid
1420 5432 1502 5477 est
1525 5425 1666 5493 quod
1689 5431 1810 5494 post
1832 5423 2111 5479 meridiem
2139 5425 2418 5481 abscondit

867 5527 925 5565 se
946 5512 1114 5567 Adam
1149 5518 1205 5565 et
1225 5523 1361 5564 uxor
1388 5507 1500 5577 ejus
1523 5509 1684 5581 (Gen.
1713 5527 1796 5577 ιιι,
1818 5510 1906 5584 8)?
1926 5541 2000 5555 —
2018 5510 2170 5582 Resp.
2219 5511 2276 5567 Id
2315 5521 2417 5578 est,

868 5609 987 5668 post
1027 5603 1241 5656 beatam
1293 5598 1494 5674 [Edit.,
1520 5599 1710 5674 beatae]
1754 5601 2102 5672 paradisiaea:
2131 5602 2419 5674 .{elicilatis

870 5689 1039 5743 lucem
1060 5689 1116 5744 in
1143 5690 1300 5760 hujus
1335 5687 1874 5760 seculicaliginosam
1908 5693 2180 5748 miseriam
2225 5691 2417 5766 [Edit.,

869 5778 1094 5839 caligine
1118 5795 1144 5831 τι
1167 5778 1402 5848 miseria]
1426 5793 1483 5834 se
1503 5779 1914 5836 absconderunt.

2588 1990 2752 2044 Inter.
2785 1991 2870 2044 75.
2901 1989 3078 2056 Quare
3109 2005 3212 2045 non
3241 1999 3322 2045 est
3345 1991 3699 2064 interrogatus
3729 2007 3947 2061 serpens
3981 2008 4074 2047 cur

2517 2083 2618 2137 hoc
2638 2082 3118 2152 fecerit?—Resp.
3143 2083 3276 2149 Quia
3311 2082 3461 2138 forte
3502 2085 3554 2139 id
3592 2101 3699 2139 11011
3746 2101 3840 2139 sua
3886 2095 4071 2138 natura

2517 2159 2599 2226 vel
2621 2173 2894 2226 voluntate
2917 2172 3136 2236 fecerat,
3159 2173 3252 2227 sed
3277 2173 3516 2228 diabolus
3535 2174 3600 2227 de
3622 2173 3711 2228 illo
3735 2183 3789 2227 et
3806 2189 3901 2242 per
3928 2173 4070 2244 illum

2517 2261 2692 2316 fuerat
2714 2267 2985 2332 operatus.
3018 2263 3140 2316 Ideo
3168 2262 3364 2317 dicitur
3390 2263 3438 2316 ei
3465 2277 3480 2315 :
3516 2261 3684 2332 Super
3707 2274 3881 2332 pecms
3929 2273 4070 2315 tuum

2514 2353 2768 2422 gradieris
2788 2363 2833 2406 et
2859 2362 3050 2406 terram
3071 2340 3302 2405 comedes
3324 2348 3474 2422 (Gen.
3498 2368 3580 2416 ιιι,
3601 2352 3707 2424 ιι),
3731 2352 3991 2420 siquidem
4019 2352 4070 2405 in

2516 2449 2730 2510 pectore
2755 2441 3018 2497 calliditas
3036 2443 3394 2511 nequitiarum
3422 2443 3538 2513 ejus
3564 2445 3858 2510 indicatur;
3891 2445 3980 2514 qui
4023 2451 4074 2499 et

2525 2540 2724 2587 terram
2752 2533 2992 2595 devorat,
3017 2533 3142 2587 dum
3181 2534 3389 2588 luxuria
3417 2543 3470 2589 et
3494 2534 3712 2590 libidine
3737 2535 4070 2606 peccantium

2515 2622 2750 2692 pascitur
2775 2631 2828 2676 et
2853 2623 3152 2677 delectatur
3174 2621 3307 2694 [Αι.,
3334 2622 3632 2695 dilatatur].
3655 2621 3788 2677 Nam
3812 2623 3913 2695 [et]
3935 2624 4071 2679 sicut

2515 2711 2758 2766 diabolus
2782 2726 2878 2780 per
2899 2719 3197 2782 serpentem
3226 2711 3563 2782 loquebatur,
3587 2712 3659 2766 ita
3681 2712 3805 2766 etin
3826 2725 4072 2782 serpente

2516 2801 2870 2856 maledicitur.
3200 2872 3208 2878 1

2586 2891 2747 2945 Inter.
2781 2893 2866 2946 76.
2895 2892 3033 2958 Quid
3077 2881 3160 2948 est
3201 2908 3403 2947 semen—
3431 2892 3690 2954 mulieris,
3713 2893 3796 2946 vel
3841 2891 4068 2964 [semen]

2513 2985 2778 3051 serpentis
2809 2982 2958 3054 (vers.
2979 2984 3031 3056 7)
3047 2985 3070 3037 ?
3084 2983 3306 3054 —-Resp.
3332 2983 3522 3038 Semen
3549 2983 3786 3038 mulieris
3807 2994 3890 3038 est
3906 2993 4069 3039 totum

2515 3088 2680 3142 genus
2705 3075 3026 3139 humanum;
3058 3089 3240 3129 semen
3266 3074 3552 3144 serpentis,
3570 3075 3845 3142 originalis
3871 3077 4071 3144 peccati

2513 3164 2865 3232 primordium
2895 3180 2909 3219 :
2935 3181 3054 3236 qua:
3093 3165 3197 3219 duo
3242 3166 3446 3219 semina
3479 3179 3546 3219 ex
3586 3173 3869 3235 praecepto
3897 3166 4072 3220 divino

2519 3253 2830 3307 continuum
2857 3253 2996 3307 inter
3022 3268 3079 3307 se
3107 3253 3285 3307 odium
3309 3267 3495 3321 genere
3530 3252 3745 3318 debent,
3771 3262 3830 3307 ut
3856 3269 3959 3307 non
4007 3253 4076 3306 fa-

2520 3344 2725 3396 ciamus
2751 3357 2868 3411 quze
2897 3342 3141 3396 diabolus
3185 3341 3327 3407 wit,
3368 3341 3492 3411 quia
3522 3341 3608 3396 ille
3649 3357 3917 3410 nunquam
3965 3343 4076 3396 vult

2519 3431 2673 3486 nobis
2691 3431 2987 3502 profutura.

2586 3521 2748 3577 Inter.
2778 3523 2863 3576 77.
2893 3522 3031 3590 Quid
3055 3532 3144 3577 est.
3166 3531 3328 3593 caput
3373 3523 3638 3593 serpentis
3672 3529 3732 3576 et
3767 3523 4074 3576 calcaneum

2517 3612 2756 3664 mulieris
2779 3608 2928 3681 (Gen.
2954 3628 3040 3675 ιιι,
3070 3611 3190 3682 l5)?
3218 3641 3289 3651 —-
3325 3610 3478 3682 Resp.
3502 3609 3674 3681 Caput
3706 3612 3969 3680 serpentis
3994 3622 4075 3666 est

2518 3699 2712 3754 illicita:
2737 3701 3090 3769 suggestionis
3120 3700 3392 3770 cogitatio,
3417 3699 3566 3769 quod.
3586 3715 3682 3754 nos
3709 3701 3852 3754 omni
3895 3701 4071 3753 inten-

2519 3791 2661 3844 tione
2685 3799 2961 3846 conterere
2987 3800 3146 3860 atque
3169 3791 3387 3844 allidere
3426 3790 3681 3852 debemus
3728 3785 3794 3841 ad
3841 3797 4073 3857 petram,

2516 3881 2606 3947 qui
2632 3889 2714 3932 est
2743 3879 3006 3933 Christus.
3038 3879 3357 3933 Calcaneum
3381 3878 3620 3932 mulieris
3643 3886 3725 3933 est
3774 3886 4074 3932 extremum

2516 3967 2638 4021 vitae
2667 3977 2865 4021 nostra:
2891 3976 3119 4036 tempus,
3141 3982 3255 4036 quo
3273 3967 3512 4022 diabolus
3546 3983 3642 4022 nos
3682 3968 3859 4022 acrius
3903 3967 4078 4038 impu-

2517 4073 2680 4127 gnare
2704 4059 2923 4128 satagit,
2949 4059 3035 4114 cui
3087 4059 3131 4114 si
3179 4059 3406 4113 viriliter
3448 4059 3766 4123 resistimus,
3793 4060 4076 4115 victoriam

2517 4150 2927 4216 perseverantiae
2946 4165 3067 4203 cum
3094 4149 3265 4204 salute
3292 4159 3472 4204 nostra
3499 4150 3840 4219 accipiemus.

2588 4254 2752 4308 Inter.
2783 4249 2870 4308 78.
2902 4256 3187 4323 ριιωινίιιιτ,
3213 4258 3339 4313 dum
3377 4258 3571 4312 dicitur
3601 4273 3616 4311 :
3654 4258 3720 4310 Et
3744 4259 3837 4311 sub
3863 4259 3961 4311 viri
3986 4275 4078 4328 po-

2518 4351 2697 4396 testate
2721 4345 2822 4397 eris
2851 4343 3001 4415 (Gen.
3026 4345 3220 4411 111,16;
3251 4344 3369 4399 Gal.
3402 4346 3529 4412 v,6;
3565 4345 3595 4399 I
3614 4346 3770 4400 Jonn.
3798 4347 4009 4418 1v,18),
4030 4349 4076 4402 si

2519 4441 2642 4486 ante
2670 4444 2946 4501 peccatum
2989 4433 3255 4508 [quoque]
3291 4437 3482 4491 mulier
3529 4439 3627 4492 sub
3667 4445 3930 4510 potestate
3973 4439 4076 4491 viri

2521 4523 2698 4577 esset?
2726 4554 2796 4564 -—
2826 4523 2979 4594 Resp.
3008 4527 3130 4580 Fuit
3173 4527 3375 4596 utique,
3408 4527 3502 4583 sed
3546 4543 3609 4583 ea
3657 4528 3932 4593 servitute,
3955 4544 4076 4597 qua:

2521 4629 2617 4684 per
2638 4613 2974 4670 dilectionem
3002 4626 3272 4687 operatur,
3293 4627 3348 4672 et
3397 4617 3540 4673 foras
3587 4619 3752 4672 mittit
3792 4618 4070 4679 timorem;

2519 4712 2639 4770 post
2678 4719 2827 4768 vero,
2855 4706 3198 4762 conditionali
3239 4707 3513 4762 servitutis
3555 4706 3766 4772 timore,
3811 4722 3931 4776 quze
3978 4723 4077 4778 per

2519 4795 2851 4864 disciplinam
2874 4806 3146 4865 operatur.

2588 4881 2751 4936 Inter.
2781 4881 2868 4936 79.
2893 4882 3001 4936 Cur
3026 4881 3208 4951 spinas
3239 4891 3294 4937 et
3325 4885 3546 4960 tribulos
3572 4887 3888 4958 germinavit
3926 4896 4073 4943 terra

2518 4967 2668 5040 (Gen.
2697 4988 2780 5036 ιιι,
2807 4971 3026 5042 18)?—
3052 4972 3208 5044 Resp.
3234 4973 3336 5029 Per
3355 4986 3630 5045 peccatum
3654 4975 3807 5034 enim.
3841 4977 4077 5032 hominis

2525 5068 2666 5114 terra
2693 5063 2968 5117 maledicta
2996 5072 3099 5128 est,
3123 5071 3184 5118 ut
3224 5065 3404 5132 spinas
3438 5074 3654 5138 pareret
3683 5073 3738 5120 et
3780 5061 4076 5120 ve‘nenosas

2522 5150 2714 5205 herbas
2731 5152 2796 5205 ad
2818 5169 3027 5222 pmnam
3048 5153 3133 5207 vel
3150 5152 3260 5226 [ad]
3286 5155 3722 5210 exercitationem
3743 5155 4071 5222 mortalium,

2522 5248 2582 5294 ut
2603 5248 2726 5295 ante
2745 5243 2927 5298 oculos
2968 5244 3130 5300 homo
3168 5258 3380 5315 semper
3424 5246 3618 5302 haheat
3659 5247 3915 5320 originale
3959 5249 4070 5303 cri-

2523 5343 2644 5383 men
2681 5340 2736 5384 et
2765 5331 2847 5384 vel
2880 5333 2957 5387 sic
2983 5334 3284 5391 admonitus
3321 5334 3651 5412 [aliquando]
3689 5353 3748 5396 se
3789 5346 3997 5392 avertat
4041 5357 4071 5393 a

2522 5421 2777 5486 peccatis.

2591 5509 2756 5566 Inter.
2795 5511 2882 5568 80.
2927 5513 3037 5570 Cur
3072 5508 3212 5571 Deus
3256 5514 3382 5573 fecit
3425 5518 3627 5575 homini
3670 5519 3875 5574 tunicas
3923 5519 4074 5590 pelli-

2524 5617 2647 5658 ceas
2690 5602 2852 5676 (vers.
2883 5605 3020 5679 2|)?
3055 5635 3125 5647 —-
3150 5605 3303 5679 Resp.
3359 5609 3431 5666 Ut
3473 5610 3860 5671 eosmortales
3908 5609 4070 5664 fuisse

2523 5695 2834 5751 insinuaret.

2596 5786 2760 5840 Inter.
2785 5787 2869 5841 8|.
2894 5786 3170 5854 Quomodo
3190 5793 3444 5849 Dominus
3460 5795 3601 5850 Deus
3620 5796 3752 5851 dixit
3770 5794 3836 5850 de
3859 5791 4070 5848 homine
