4428 6404
166 517 271 568 5‘25

789 519 1188 572 EXEUETICA.
1229 550 1297 560 --
1333 521 1697 576 LVTERROG.
1736 521 1823 575 ET
1861 520 2188 578 RESPONS.
2229 524 2294 579 Di
2332 525 2593 586 CENES.,
2627 526 2772 580 li'ftL.

3268 531 3365 583 5:26

161 639 289 698 post
322 638 595 698 peccatum
621 648 633 680 :
663 629 794 682 Ecce
814 631 982 689 Adam
1001 630 1173 698 factus
1193 639 1266 684 est
1287 633 1437 700 quasi
1478 649 1611 684 unus
1654 649 1717 685 ex
1744 640 1791 694 Α
1890 633 2050 688 Inter.
2079 637 2166 690 9|.
2194 635 2467 702 Quomodo
2487 638 2783 707 septuplum
2812 641 3079 707 punietur,
3106 644 3195 711 qui
3224 648 3362 700 occi-

162 718 313 771 nobis
339 719 492 789 (vers.
513 717 603 787 22)
621 718 711 770 ?—
737 716 891 787 Resp.
908 718 1130 787 Propter
1149 727 1384 773 sanctam
1406 719 1720 773 Trinitatem

159 807 354 876 plurali
385 823 605 862 numero
631 807 762 862 dixit
792 825 855 861 ex
879 809 1058 870 nobis;
1090 804 1230 863 sicut
1267 817 1322 863 et
1363 809 1416 862 in
1453 809 1720 862 creatione

159 895 278 962 ejus
314 915 328 948 :
360 895 642 950 Faciamus
663 898 915 950 hominem
948 898 1016 949 ad
1046 899 1321 967 imaginem
1371 897 1518 966 (Gen.
1543 915 1582 960 ι,
1605 899 1714 966 29).

160 985 261 1039 llic
289 985 455 1039 utitur
477 1000 606 1038 voce
639 971 980 1048 deterrentis,
1002 987 1068 1039 ad
1099 987 1458 1039 incutiendum
1485 986 1626 1049 aliis,
1651 1001 1717 1040 ne

156 1081 463 1141 peccarent,
485 1075 758 1136 timorem;
784 1074 864 1126 vel
885 1087 1038 1126 sensu
1060 1073 1452 1140 csprobrantis.
1469 1073 1595 1140 quia
1609 1088 1715 1126 non

155 1161 333 1215 solum
363 1176 466 1215 non
494 1159 667 1214 fuerat
689 1160 858 1214 factus
882 1161 1056 1228 qualis
1073 1161 1188 1213 ﬁeri
1210 1161 1461 1222 voluerit,
1492 1159 1585 1214 sed
1617 1175 1715 1213 nec

156 1248 288 1303 illud
304 1249 445 1319 quod
470 1248 640 1303 factus
666 1248 858 1312 fuerat,
883 1249 1298 1303 conservaverit.

230 1352 392 1411 Inter.
409 1357 495 1411 82.
511 1357 646 1424 Quid
667 1366 749 1411 est
769 1357 1153 1422 Cherubin,ve|
1167 1361 1460 1427 ﬂammeum
1483 1359 1713 1428 gladium

152 1457 310 1515 atque
330 1446 634 1510 versatilesn,
652 1447 718 1498 ad
746 1447 1132 1500 custodiendam
1157 1449 1287 1501 riam
1315 1448 1440 1517 ligni
1464 1450 1578 1501 vita:
1619 1465 1712 1517 po-

154 1536 266 1588 suit
310 1533 981 1606 (Gen.ttt,9.4)?-—Resp.
1023 1537 1077 1590 ld
1122 1547 1219 1602 cst,
1269 1554 1362 1606 per
1417 1541 1714 1608 angelicum

151 1624 313 1694 311
357 1624 707 1678 ministerium
733 1627 883 1694 ignea
907 1628 1148 1694 quaedam
1171 1629 1408 1682 custodia
1443 1649 1457 1680 :
1489 1646 1606 1698 mue
1632 1640 1710 1683 ta-

149 1729 274 1766 men
299 1715 453 1777 bene,
479 1714 617 1782 quod
640 1713 904 1767 versatilis
940 1715 1154 1778 dicitur,
1184 1715 1448 1785 signiﬁcat
1473 1719 1706 1786 quando-

147 1818 255 1870 que
282 1804 427 1856 illam
454 1805 824 1858 removendam
845 1817 962 1858 esse
990 1821 1017 1856 a
1045 1806 1275 1885 paradisi
1296 1804 1494 1874 ianuis.

221 1891 384 1944 Inter.
411 1893 497 1946 83.
524 1892 672 1947 Unde
693 1903 910 1946 noverat
936 1893 1064 1947 Cain
1093 1894 1369 1948 Dominum
1394 1896 1457 1948 ad
1486 1911 1702 1950 munera

1819 723 1957 776 derit
1981 722 2110 777 Cain
2137 724 2287 794 (rers.
2314 725 2440 792 2i)?
2460 755 2530 764 -—
2552 725 2705 796 Resp.
2734 727 2879 781 Solet
2907 728 3094 803 [enim]
3122 745 3361 802 septena-

1819 813 1930 866 rius
1971 829 2221 868 numerus
2267 815 2320 868 in
2364 813 2654 884 Scripturis
2700 821 2896 873 sanctis
2940 820 3228 886 δευοίὲείωο
3267 841 3362 894 pro

1814 903 2142 970 plenitudine
2182 905 2460 973 cujuslibet
2502 908 2576 960 rei
2620 911 2778 976 poni:
2805 913 2956 978 quasi
2992 914 3212 969 dixisset
3241 933 3363 986 gra-

1813 993 2026 1046 vissima
2072 994 2268 1047 ultione
2315 997 2636 1064 puniendum
2682 1014 2820 1062 esse,
2867 1003 2958 1070 qui
3013 1002 3154 1076 [nec]
3201 1014 3360 1061 tanta!

1812 1083 2168 1136 damnationis
2199 1085 2486 1140 acerbitate
2513 1089 2812 1141 admonitus
2836 1106 2864 1142 a
2905 1093 3158 1161 sanguine
3196 1093 3361 1150 effun-

1812 1171 1981 1225 dendo
2006 1170 2192 1241 [voluit
2209 1172 2401 1242 (Eilit.,
2428 1175 2632 1246 nollet)]
2661 1193 2847 1232 manus
2873 1181 3140 1235 cohibere.

1859 1261 2043 1316 Inter.
2070 1263 2156 1317 92.
2200 1264 2334 1328 Quid
2361 1274 2460 1325 est,
2493 1268 2633 1334 quod
2661 1267 2850 1336 legitur
2871 1269 3101 1325 Lamech
3142 1271 3359 1340 dixisse,

1809 1364 1930 1401 cum
1955 1349 2220 1404 occideret.
2236 1351 2364 1405 Cain
2385 1351 2714 1423 :Scptuplum
2737 1355 2799 1408 de
2818 1353 2948 1410 Cain
2970 1358 3270 1425 vindicetur,
3297 1361 3362 1416 de

1812 1439 2028 1492 Lamcch
2075 1451 2246 1493 autem
2275 1445 2561 1510 septungics
2607 1446 2790 1512 septies
2824 1445 2974 1514 (vers.
3002 1446 3188 1515 εθγ-
3202 1449 3354 1519 Resp.

1809 1528 1942 1594 Quia
1983 1530 2248 1583 homicidii
2288 1542 2563 1598 peccatum
2587 1530 2738 1602 [.lls.,
2765 1535 2991 1608 reatum]
3017 1541 3236 1608 septima
3271 1557 3358 1612 ge-

1808 1621 2078 1673 neratione
2122 1621 2316 1673 diluvio
2345 1623 2666 1675 vindicatum
2709 1639 2826 1678 esse
2862 1627 3084 1696 legitur;
3116 1631 3358 1686 adulterii

1805 1722 1932 1761 vero
1953 1710 2142 1769 scelus,
2169 1711 2306 1777 quod
2334 1711 2537 1778 primus
2563 1715 2798 1767 omnium
2822 1714 3051 1770 Lameclt
3079 1719 3130 1771 in
3156 1721 3358 1773 duabus

1804 1799 2068 1851 commisit
2094 1801 2366 1863 uxoribus,
2389 1817 2492 1854 non
2523 1802 2622 1855 nisi
2648 1805 2902 1869 sanguine
2926 1805 3122 1861 Christi
3137 1805 3356 1897 eipian-

1805 1890 1927 1942 dum
1954 1905 2090 1950 esse,
2133 1892 2222 1958 qui
2266 1895 2646 1960 septuagesima
2691 1904 2742 1946 et
2775 1897 2994 1959 septima
3022 1890 3356 1964 generaiione

143 1979 266 2045 ejus
309 1995 412 2033 non
455 1981 772 2048 respexisse,
802 1990 856 2033 et
883 1981 950 2034 ad
979 1997 1196 2034 munera
1242 1981 1370 2034 Abel
1412 1984 1704 2051 respexisse
1739 1960 1778 2015 Β
1806 1979 1948 2031 venit
1975 1981 2026 2032 in
2055 1982 2325 2033 mundum.

145 2067 303 2134 (Gen.
323 2083 397 2130 iv,
412 2066 466 2136 5)
480 2068 574 2120 ?—
589 2067 741 2136 Resp.
766 2068 888 2135 Igne
911 2069 1072 2122 misso
1093 2070 1157 2122 de
1179 2070 1348 2130 coriis.
1366 2079 1423 2123 ut
1448 2073 1699 2132 creditur,

143 2161 374 2213 hostiam
420 2161 550 2214 Abel
598 2163 845 2229 suscepit,
895 2171 952 2215 ut
995 2165 1286 2233 smpissimc
1333 2165 1525 2218 factum
1569 2167 1697 2219 olli.-

143 2252 387 2304 retitibus
416 2253 543 2305 viris
573 2253 770 2306 sanctis
797 2253 1044 2321 legimus;
1089 2255 1215 2308 Cain
1249 2272 1372 2307 vero
1399 2256 1506 2322 ipse
1535 2259 1698 2309 sacri-

141 2338 324 2391 ﬁcium
352 2354 504 2392 suum
535 2355 844 2393 consumere
876 2343 993 2410 igne
1025 2343 1266 2396 debebat.

215 2427 376 2480 Inter.
408 2429 494 2482 84.
523 2425 656 2494 Quid
679 2438 778 2491 est,
805 2429 988 2500 [quod]
1018 2432 1270 2485 Dominus
1294 2434 1422 2487 dixit
1449 2436 1511 2488 ad
1534 2436 1692 2488 Cain:

142 2517 333 2570 Nonne
359 2519 402 2570 si
439 2519 559 2571 bene
586 2521 744 2586 egeris
775 2521 982 2588 recipies
999 2560 1012 2581 ,
1045 2522 1123 2572 sin
1151 2531 1320 2574 autem
1343 2523 1496 2588 mule,
1524 2509 1695 2577 staiint

137 2607 195 2658 in
221 2605 418 2674 foribus
435 2617 693 2676 peccatum
720 2617 864 2660 tuum
889 2609 1053 2662 aderit
1077 2611 1225 2675 (vers.
1252 2611 1338 2680 7)?
1358 2642 1428 2651 —
1456 2612 1608 2683 Resp.
1641 2615 1694 2668 lil

139 2705 244 2756 est,
296 2695 338 2747 si
383 2711 511 2762 pura
556 2705 732 2749 mente
775 2696 1030 2750 ohtuleris
1073 2699 1416 2765 sacriﬁcium,
1451 2703 1692 2771 recipies,

138 2783 456 2849 respiciente
496 2783 603 2835 Deo
637 2783 700 2835 ad
743 2791 793 2836 te
827 2794 881 2835 et
927 2786 993 2838 ad
1035 2786 1355 2840 sacriﬁcium
1401 2797 1580 2856 tuum;
1613 2792 1694 2845 sin

141 2881 322 2926 autem
364 2872 497 2925 male
527 2874 710 2940 egeris,
739 2875 1022 2928 intrantem
1053 2885 1102 2928 te
1132 2877 1212 2928 vel
1239 2888 1516 2932 exeuntem
1555 2896 1694 2934 scm-

136 2977 238 3027 per
275 2969 548 3030 peccatum
573 2971 716 3016 tuum
741 2964 1098 3028 comitabitur,
1119 2975 1172 3020 et
1207 2967 1413 3021 desinet
1443 2969 1694 3025 Dominus

137 3051 410 3106 custodire
438 3053 708 3108 introitum
737 3064 884 3109 tuum
905 3066 960 3110 et
985 3059 1182 3112 exitum
1215 3069 1378 3115 tuum.

209 3138 373 3192 Inter.
402 3141 488 3196 85.
526 3141 802 3206 Quomodo
831 3145 1223 3212 intelligendum
1252 3147 1366 3222 [sit]
1397 3151 1490 3204 sub
1523 3161 1571 3204 te
1595 3155 1692 3206 erit

133 3230 392 3298 appetitus
437 3241 555 3284 tuus
596 3231 742 3302 [Ms.,
781 3233 936 3304 ejus],
977 3246 1022 3287 et
1059 3247 1113 3288 tu
1162 3238 1507 3294 dominaberis
1547 3241 1688 3296 illius

1873 2069 2035 2122 Inter.
2066 2071 2152 2124 95.
2184 2070 2328 2123 l'ude
2356 2072 2527 2122 evenit
2559 2073 2766 2125 dialolo
2789 2074 2954 2141 prima
2983 2063 3130 2143 [Ms.,
3158 2079 3350 2146 primo]

1802 2160 1940 2212 mala
1989 2161 2347 2212 volunt::s'?—
2376 2162 2522 2227 Rcsp.
2548 2164 2677 2216 (Sum
2725 2164 2892 2235 [vero]
2930 2184 3086 2219 causa
3128 2169 3350 2222 miseria!

1801 2248 2060 2301 malorum
2103 2249 2408 2318 angelorum
2449 2255 2720 2319 qtnvrilur,
2771 2268 2830 2306 ea
2876 2259 3065 2310 nicrito
3099 2261 3348 2321 occurrit.

1797 2336 1919 2403 quia
1943 2338 2224 2392 noluerunt
2249 2339 2313 2392 ad
2341 2340 2483 2392 illuni
2505 2344 2767 2414 custodire
2797 2345 3151 2419 lenitudinem
3176 2365 3344 2410 suam.

1797 2427 1886 2492 qui
1915 2437 1995 2480 est
2031 2443 2293 2482 summum
2339 2431 2556 2492 bonum,
2589 2432 2677 2484 sed
2724 2436 2892 2488 mersi
2935 2447 3054 2489 sunt
3083 2440 3148 2491 ab
3176 2439 3262 2494 illo
3289 2452 3342 2494 et

1795 2518 1862 2570 ad
1902 2521 2102 2587 seipsos
2147 2525 2388 2576 conversi
2433 2535 2554 2578 sunt
2592 2524 2690 2597 [et]
2723 2543 2813 2580 sua
2854 2531 3066 2597 propria
3103 2531 3344 2586 delectati

1794 2614 2070 2671 potestate.
2105 2607 2164 2659 Et
2200 2609 2297 2660 istc
2325 2611 2528 2677 primus
2559 2612 2796 2668 defectus
2823 2629 2902 2668 est
2941 2627 2990 2669 ct
3023 2620 3190 2686 prima
3231 2622 3345 2676 iuo-

1794 2692 1878 2758 pia
1923 2695 2192 2748 rationalis
2228 2707 2502 2752 creaturze.
2551 2700 2616 2753 Et
2659 2702 2760 2754 boc
2792 2704 2975 2757 vitium
3014 2707 3138 2773 quid
3180 2709 3341 2770 aliud.

1795 2780 1896 2833 nisi
1923 2784 2185 2850 superbia,
2220 2788 2585 2854 nuncupatur?

1863 2868 2024 2922 Inter.
2053 2872 2138 2924 94.
2162 2871 2295 2937 Quid
2315 2883 2396 2927 est
2426 2879 2657 2930 malum?
2680 2909 2745 2931 —.-
2769 2880 2920 2949 Resp.
2949 2883 3140 2938 Malum
3171 2872 3340 2961 [vero]

1793 2960 1923 3014 nihil
1957 2970 2040 3014 est
2089 2977 2183 3030 per
2224 2979 2300 3027 se,
2341 2965 2440 3020 nisi
2487 2969 2712 3036 privatio
2743 2973 2908 3026 boni:
2949 2975 3084 3030 sicut
3112 2960 3341 3036 tenebrai

1789 3051 1920 3105 nihil
1949 3061 2087 3116 sunt,
2113 3055 2209 3108 nisi
2241 3057 2477 3111 absentia
2503 3059 2653 3114 lucis.

1861 3140 2024 3195 Inter.
2053 3143 2138 3197 95.
2175 3143 2282 3197 Cur
2311 3159 2406 3212 per
2442 3155 2552 3201 tres
2592 3148 2728 3204 ﬁlios
2767 3150 2874 3206 Noe
2917 3158 3144 3211 secunda
3190 3163 3340 3230 origo

1790 3231 1968 3284 seculi
2014 3233 2244 3286 surrexit
2293 3233 2442 3304 (Gen.
2475 3235 2674 3307 vr)?——
2702 3237 2847 3300 Resp.
2898 3241 2964 3296 Ut
3009 3253 3117 3298 tres
3160 3260 3339 3315 partes

134 3334 290 3386 (cers.
319 3318 408 3386 7)?
435 3349 495 3357 —-
517 3320 668 3390 Resp.
696 3321 772 3374 Tu
797 3302 916 3392 quia
945 3325 1094 3379 liberi
1114 3342 1172 3380 es
1197 3329 1424 3391 arbitrii,
1453 3345 1558 3384 non
1589 3332 1684 3386 ha-
1712 3302 1758 3362 ε
1788 3331 1883 3371 mu'

1589 3332 1684 3386 ιηι-
1712 3302 1758 3362 C
1788 3318 1971 3372 mundi
1993 3334 2023 3372 a
2051 3321 2210 3374 trium
2254 3302 2593 3392 generatione
2627 3327 2990 3395 implerentur.
3019 3302 3183 3389 Porro
3211 3336 3333 3390 Scm

134 3407 229 3460 bet
253 3395 525 3476 peccatum
550 3424 706 3478 super
731 3420 780 3465 te
806 3412 1117 3485 dominium,
1150 3416 1243 3470 sed
1274 3424 1325 3469 tu
1355 3418 1684 3486 superillud;

133 3504 190 3548 et
221 3496 272 3548 in
303 3504 389 3549 tua
424 3506 682 3565 potestate
707 3509 787 3552 est
829 3502 938 3553 sive
958 3489 1330 3571 compescere,
1361 3507 1472 3560 sive
1496 3522 1689 3562 concu-

132 3583 343 3651 piscerc
368 3584 514 3638 illud.
910 3651 914 3656 λ

205 3671 370 3724 Inter.
397 3673 481 3726 86.
508 3671 682 3739 Quare
723 3676 976 3732 Dominus
1013 3680 1358 3750 interrogavit
1384 3684 1512 3738 Cain
1547 3705 1559 3739 :
1587 3687 1686 3740 Ubi

130 3770 203 3812 est
234 3761 356 3813 Abel
377 3763 540 3830 frater
562 3775 679 3818 tuus
709 3765 858 3835 (vers.
883 3768 970 3836 9)?
989 3797 1059 3806 -—
1080 3768 1233 3838 Resp.
1275 3770 1387 3825 Non
1434 3781 1683 3842 tanquam

131 3854 371 3917 ignarus,
403 3852 495 3905 sed
522 3861 768 3921 tanquam
783 3853 944 3921 judex
972 3872 1140 3920 reum,
1178 3875 1334 3927 quem
1359 3863 1560 3930 puniat.
1587 3865 1682 3918 Cui

126 3938 262 3992 Cain
297 3940 362 3991 ad
399 3940 664 3993 cumulum
701 3945 903 4012 peccati
947 3946 1026 3999 sui
1065 3945 1324 4002 fallaciter
1358 3965 1421 4004 ac
1459 3956 1684 4021 superbe

130 4028 425 4096 respondit.

203 4114 347 4192 Inter
371 4117 458 4170 87.
483 4118 754 4185 Quomodo
777 4137 876 4176 vox
921 4125 1191 4192 sanguinis
1229 4125 1362 4180 Abel
1393 4129 1589 4184 clamat
1616 4133 1683 4186 ad

129 4191 412 4258 Dominum
454 4208 601 4275 (τετε.
639 4191 1038 4280 ιον-κεδνᾷ
1066 4211 1142 4283 [ld
1180 4213 1280 4285 est]
1310 4216 1576 4272 homicidii
1621 4219 1681 4272 il-

129 4293 236 4347 lius
261 4302 438 4348 reatus
464 4296 514 4348 iu
543 4306 826 4366 conspectu
855 4299 1024 4374 [justi]
1049 4300 1242 4369 judicis
1272 4309 1578 4374 apparebat.

199 4384 362 4438 Inter.
391 4387 476 4442 88.
523 4387 672 4443 Unde
707 4390 833 4444 Cain
873 4393 1204 4450 maledicitur
1234 4397 1286 4449 in
1311 4409 1531 4466 peccato
1559 4417 1676 4460 suo.

127 4471 208 4542 [in
229 4483 447 4542 peccato
471 4493 597 4532 vero
623 4481 750 4535 Adie
780 4491 918 4537 terra
949 4486 1302 4559 maledicitur]
1335 4487 1522 4560 [Edit.,
1556 4507 1676 4547 cum

126 4563 277 4631 prius
304 4573 443 4618 terra
491 4568 543 4620 in
583 4584 742 4637 opere
787 4571 912 4626 Adae
959 4576 1029 4628 sit
1075 4577 1673 4650 maledicta]?—-—Resp.

1788 3405 1839 3458 in
1866 3405 1991 3460 ﬁliis
2030 3408 2142 3462 suis
2180 3407 2384 3476 Asiam,
2417 3410 2513 3482 let]
2551 3413 2716 3467 Cham
2737 3404 2985 3484 Libyam,
3009 3419 3109 3491 [et]
3149 3421 3338 3490 Japhet

1787 3493 2048 3566 Europam
2074 3499 2394 3566 possidebat.

1855 3587 2015 3641 Inter.
2043 3589 2132 3642 96.
2161 3590 2230 3642 De
2251 3593 2442 3657 quibus
2466 3594 2598 3647 dixit
2621 3612 2633 3646 :
2660 3593 2788 3649 Cum
2818 3601 3079 3668 cepissent
3103 3603 3333 3658 homines

1743 3721 1746 3726 .
1782 3672 2113 3743 multiplicari
2159 3693 2309 3746 super
2335 3687 2525 3732 terram
2573 3690 2620 3734 et
2662 3683 2799 3750 ﬁlias
2845 3702 3214 3757 procreassent.
3246 3681 3333 3764 [Et

1782 3766 1997 3838 iterum]
2027 3769 2249 3824 videntes
2292 3769 2414 3824 Filii
2441 3772 2534 3825 Dei
2555 3771 2692 3841 ﬁlias
2721 3777 2983 3831 hominum
3013 3784 3150 3850 quod
3175 3783 3332 3854 312

1781 3865 1942 3907 essent
1967 3856 2193 3922 pulchre
2223 3856 2372 3927 (Cen.
2400 3876 2474 3924 νι,
2506 3863 2556 3926 1,
2587 3862 2676 3932 2)?
2699 3895 2767 3911 .—
2791 3865 2943 3937 Resp.
2970 3868 3133 3925 Filias
3161 3874 3330 3927 homi~

1783 3959 1928 4007 num,
1976 3947 2281 4015 progeniem
2325 3948 2520 4013 Cham;
2553 3959 2607 4004 et
2631 3951 2766 4008 ﬁlios
2805 3955 2896 4011 Dei
2927 3960 3157 4014 sobolem
3206 3962 3332 4018 Scth

1783 4031 1932 4104 [Hs.,
1961 4034 2107 4107 Sem]
2136 4037 2398 4105 appellare
2428 4039 2703 4111 Scriptura
2742 4045 2926 4100 voluit.
2961 4047 3022 4102 lli
3052 4051 3192 4105 avita
3239 4053 3331 4108 be-

1781 4123 2078 4177 nedictione
2107 4125 2368 4195 religiosi;
2399 4128 2500 4183 illa:
2524 4139 2741 4200 paterna
2768 4136 3134 4194 maledictione
3165 4142 3332 4211 impu—

1780 4216 1911 4279 dica:
1940 4215 2092 4287 μί...
2114 4217 2186 4271 illi
2309 4221 2582 4295 impudici]
2613 4227 2742 4280 :sed
2766 4237 3041 4298 postquam
3076 4232 3166 4285 ﬁlii
3196 4232 3325 4308 Setli

1780 4305 1932 4376 μὴ..
1965 4306 2112 4380 Sem]
2164 4313 2586 4382 concupiscentia
2631 4317 2753 4370 victi
2799 4335 2864 4372 ex
2910 4321 3116 4376 ﬁliabus
3160 4305 3325 4379 Cliani

1777 4396 2035 4450 connubia
2057 4395 2367 4464 junxerunt,
2389 4414 2450 4453 ex
2470 4402 2558 4456 tali
2585 4403 2953 4472 coniunctione
2975 4405 3213 4474 homines
3231 4416 3325 4468 im-

1778 4500 1959 4540 menso
1985 4503 2226 4555 corpore,
2253 4489 2453 4545 viribus
2480 4496 2711 4563 superbi,
2739 4499 2972 4554 moribus
2997 4500 3176 4572 [incon
3201 4505 3325 4576 liti],

1776 4587 1910 4639 quos
1932 4573 2206 4643 Scriptura
2239 4578 2485 4648 gigantes
2504 4585 2758 4650 nominat,
2783 4592 3045 4654 procreati
3077 4603 3218 4653 sunt.

126 4653 261 4720 Qula
288 4653 418 4709 Cain
450 4657 648 4713 sciebat
674 4660 1058 4718 damnationem
1095 4640 1545 4734 praevaricationis
1569 4640 1677 4739 pri;
1707 4640 1755 4698 υ
1850 4659 1875 4713 Ῑ

1578 4640 1677 4739 mli.
1707 4640 1755 4698 υ
1850 4659 2011 4715 Inter.
2041 4640 2126 4717 97.
2170 4640 2321 4731 Quid
2343 4677 2442 4731 est,
2471 4671 2610 4739 quod
2651 4640 2821 4729 dixit':
2846 4640 3327 4749 Non—permanebit

123 4745 249 4806 mae,
275 4751 328 4796 et
353 4759 457 4798 non
482 4746 654 4800 timuit
673 4749 916 4818 originali
938 4763 1153 4820 peccato
1179 4753 1454 4810 fratricidii
1479 4755 1673 4828 [Edit.,
1716 4798 1721 4802 .

127 4831 399 4886 homicidii
441 4832 465 4860 "
500 4834 643 4906 τν-ες]
671 4839 1024 4906 superaddere
1073 4843 1274 4908 scelus;
1311 4844 1429 4899 ideo
1474 4848 1675 4916 majore

125 4917 496 4972 maledictione
520 4922 708 4991 dignus
733 4923 1040 4982 habebatur.

127 5066 134 5078 I
191 5006 358 5061 Inter.
385 5008 472 5064 89.
505 5008 653 5074 Quod
678 5022 760 5066 est
780 5013 985 5082 signum
1023 5016 1174 5082 Cain,
1204 5023 1342 5089 quod
1375 5023 1551 5089 posuit
1579 5022 1670 5094 [ei]

123 5097 288 5160 Deus;
316 5105 376 5150 ut
400 5114 504 5153 non
545 5100 881 5154 occideretur
906 5102 1056 5171 (vers.
1091 5105 1209 5175 l5)?
1227 5137 1293 5146 --
1317 5106 1470 5176 Resp.
1495 5107 1668 5176 ipsum

123 5185 370 5240 videlicet
399 5188 625 5256 signum,
654 5190 791 5257 quod
817 5198 1048 5247 tremens
1089 5204 1141 5247 et
1161 5210 1375 5264 gemens
1393 5237 1406 5260 ,
1435 5212 1599 5267 vagus
1618 5208 1672 5254 et

122 5271 377 5343 profugus
391 5288 599 5344 semper
610 5280 838 5344 viveret;
881 5295 980 5335 nec
1000 5282 1193 5339 audere
1213 5300 1334 5339 eum
1353 5287 1554 5356 uSpiam
1581 5303 1670 5342 or-

123 5361 207 5415 bis
233 5370 495 5417 terrarum
525 5365 678 5420 sedes
706 5369 902 5423 habere
929 5371 1151 5439 quietas.
1177 5373 1240 5426 Et
1263 5373 1398 5429 forte
1425 5374 1666 5449 [idcirco]

122 5452 396 5508 civitatem
423 5454 680 5520 condidit,
703 5459 755 5513 in
781 5477 881 5530 qua
905 5463 1097 5517 salvari
1125 5475 1299 5532 posset
1323 5469 1475 5534 (vers.
1505 5471 1611 5544 l7).

189 5542 355 5598 Inter.
380 5544 468 5599 90.
496 5544 604 5600 Cur
638 5547 748 5616 ipse
787 5566 844 5605 se
885 5562 1054 5608 morte
1093 5555 1362 5610 damnavit
1404 5542 1670 5616 dicendo:

124 5629 304 5688 Omnis
327 5635 416 5704 qui
438 5636 654 5690 inveniet
672 5654 772 5703 me,
794 5644 984 5697 occidet
1010 5661 1088 5698 me
1110 5646 1258 5716 (vers.
1285 5646 1370 5719 Η)
1385 5649 1408 5701 τ
1423 5678 1490 5689 ο-
1513 5650 1666 5722 Resp.

124 5727 456 5800 Desperando
480 5728 632 5794 dixit,
663 5732 743 5785 vel
771 5740 828 5785 ut
855 5738 1166 5804 compendio
1190 5740 1375 5794 mortis
1403 5743 1669 5799 cruciatus

121 5818 366 5871 evaderet
397 5825 702 5878 przesentes.

1777 4751 1986 4820 spiritus
2032 4769 2174 4808 meus
2219 4756 2273 4808 in
2314 4757 2516 4812 homine
2559 4762 2614 4814 in
2655 4773 2920 4826 internum,
2948 4771 3069 4835 quia
3090 4762 3216 4822 caro
3250 4783 3325 4826 est

1779 4839 1929 4910 (Gen.
1959 4857 2036 4906 vr,
2062 4843 2152 4914 3)?
2176 4875 2242 4884 ——
2265 4845 2416 4916 Resp.
2448 4848 2673 4917 Spiritus
2697 4850 2883 4926 [enim]
2911 4856 3009 4912 hoc
3033 4857 3148 4913 loco
3190 4861 3320 4916 iram

1777 4930 2070 4999 significat,
2123 4942 2176 4987 et
2231 4951 2356 4989 caro
2408 4935 2743 5006 fragilitatem
2794 4945 3036 5002 humauie
3088 4960 3319 5013 naturze;

1778 5022 1928 5089 quasi
1957 5022 2176 5077 dixisset
2202 5041 2216 5073 :
2251 5022 2420 5096 [quia]
2448 5025 2649 5098 fragilis
2681 5035 2834 5088 estin
2877 5037 3176 5092 hominibus
3198 5055 3323 5094 cou-

1777 5106 1926 5168 ditio,
1967 5123 2070 5162 non
2107 5111 2174 5164 ad
2213 5120 2438 5169 :eternos
2481 5114 2614 5192 [eos]
2646 5125 2868 5178 servabo
2904 5128 3192 5192 cruciatus,
3229 5134 3321 5186 sed

1774 5195 1898 5250 hinc
1921 5195 2069 5267 [Ms.,
2097 5200 2203 5273 hic]
2235 5206 2504 5260 restituam
2531 5210 2671 5277 quod
2704 5225 2987 5269 merentur.

1842 5283 2006 5340 Inter.
2035 5288 2122 5342 98.
2151 5289 2285 5356 Quid
2309 5293 2570 5360 signiﬁcat
2591 5299 2883 5365 przeﬁnitus
2905 5304 2990 5360 ille
3025 5324 3275 5367 numerus
3304 5331 3317 5364 :

1774 5376 2039 5452 Eruntth
2061 5383 2169 5436 dies
2200 5383 2340 5438 illius
2369 5397 2570 5442 centum
2596 5393 2774 5460 viginti
2802 5399 2926 5450 anni
2964 5397 3115 5466 [ills.,
3153 5417 3322 5455 anno-

1773 5470 1949 5561 rum]?
1969 5502 2031 5513 —
2061 5472 2212 5543 Resp.
2243 5475 2408 5534 Datus
2447 5490 2528 5535 est
2557 5481 2642 5536 ille
2679 5469 2936 5544 numerus,
2969 5491 3034 5544 ad
3061 5493 3316 5561 agendam

1772 5560 2134 5627 paenitentiam
2159 5565 2388 5622 humano
2410 5573 2618 5642 generi;
2647 5575 2740 5629 sed
2771 5560 3163 5646 contemptores
3187 5598 3315 5651 pra:-

1771 5648 1909 5701 venit
1935 5649 2191 5707 vindicta:
2209 5670 2332 5710 nam
2344 5665 2464 5727 post
2474 5669 2681 5717 centum
2698 5680 2865 5722 annos
2877 5669 3018 5721 venit
3039 5648 3310 5726 diluvium.

1841 5737 2000 5792 Inter.
2037 5741 2125 5798 99.
2152 5743 2284 5812 Quid
2306 5755 2406 5811 est,
2429 5750 2569 5822 quod
2612 5754 2750 5809 Deus
2787 5755 2915 5810 dicit
2942 5776 2952 5811 :
2983 5757 3196 5814 Pa’nilet
3236 5782 3315 5816 mc

1775 5827 1952 5891 fecisse
1970 5831 2244 5888 hominm.
2271 5837 2333 5889 Et
2355 5840 2542 5894 iterum
2565 5862 2576 5894 :
2601 5843 2782 5896 Tactus
2804 5844 2979 5899 ilolore
2998 5852 3165 5904 cordis
3185 5851 3197 5907 Ι
3208 5851 3310 5904 sui!
