4428 6406
864 2378 869 2382 .
936 2336 1130 2392 servati
1161 2342 1302 2388 sunt.

931 503 1034 562 527
1515 557 1520 566 ,
1769 503 1829 556 Β.
1867 502 1932 556 1".
1971 501 2193 555 ALBlNi
2233 502 2360 566 517.13
2400 501 2673 557 ALCL'INI
2710 497 2994 558 OPERULI
3030 499 3211 555 PARS
4049 496 4147 551 ωε

934 619 1242 674 intrinsecus
1271 615 1420 688 (vers.
1448 615 1523 686 6).
1568 613 1816 683 Nunquid
1868 615 1931 668 in'
1967 614 2132 667 Deum
2180 612 2490 681 ptenitentia
2519 617 2565 673 Δ
2593 612 2645 665 in
2694 627 2757 667 ea
2807 626 2926 666 esse
2960 613 3331 674 advertamus;
3381 608 3634 664 inferiora
3674 609 3830 680 313
3876 607 3994 676 ejus
4041 608 4151 663 loca

933 717 1027 762 aut
1057 707 1208 764 dolor
1242 706 1419 762 cordis
1453 704 1645 760 cadere
1680 704 1888 774 potest?
1907 733 1977 744 -—-
1999 702 2155 773 Resp.
2182 701 2298 756 Non
2323 703 2492 757 Deum
2597 703 2930 757 stercoribus
2969 710 3026 758 et
3055 701 3327 772 spurcitiis
3365 715 3482 755 esse
3513 702 3779 771 deputata.
3811 717 3878 755 ne
3908 700 4150 754 animalia

935 790 1002 854 de
1025 796 1166 852 facto
1187 812 1281 851 suo
1306 799 1546 867 paenitet,
1572 809 1672 849 nec
1699 792 1851 866 μὴ..
1882 791 1993 864 aut]
2021 792 2163 847 dolet
2189 792 2330 846 Deus
2355 790 2495 846 sicut
2594 797 2649 844 et
2698 789 2964 859 prtecipue
3009 789 3252 843 homines
3281 788 3391 842 fimi
3432 787 3599 842 fetore
3639 796 3980 842 vexarentur.
4024 788 4153 843 Huic

934 890 1115 955 homo,
1141 887 1227 944 cui
1261 895 1343 942 est
1369 888 1434 941 de
1457 885 1702 941 omnibus
1724 885 1885 940 rebus
1911 893 2017 937 tam
2061 883 2165 937 ﬁxa
2210 882 2489 944 sententia,
2595 889 2775 934 autem
2818 881 3065 948 superior
3110 888 3164 932 et
3215 880 3464 950 contigua
3513 895 3724 934 camera
3779 884 4154 936 conservandis

932 998 1095 1052 quam
1129 967 1280 1037 certa
1298 979 1629 1050 prtescientia
1653 992 1668 1031 :
1693 977 1787 1032 sed
1811 976 1981 1030 utitur
1999 974 2272 1043 Scriptura
2307 981 2491 1028 sancta
2592 969 2801 1037 pabulis
2831 968 3138 1022 animalium
3161 969 3521 1037 deputat-dtur.
3551 970 3608 1022 lu
3636 970 3732 1022 bos
3762 983 3889 1039 ergo
3916 985 4048 1024 usus
4077 970 4154 1022 in—

935 1073 1148 1136 usitatis
1184 1070 1337 1126 nobis
1376 1067 1554 1123 verbis
1596 1065 2036 1136 intelligibilibus,
2077 1073 2136 1117 ut
2174 1070 2387 1132 coaptet
2434 1075 2492 1114 se
2595 1056 2816 1111 feriores
2858 1067 3057 1127 partes,
3103 1073 3223 1126 qua:
3253 1057 3589 1112 bicamerata:
3634 1059 3898 1123 dicuntur,
3942 1061 4154 1114 tradunt

936 1131 1132 1219 nosira:
1160 1149 1429 1232 parvitati,
1466 1166 1726 1229 quatenus
1767 1131 1828 1210 ex
1857 1155 2084 1225 cognitis
2110 1131 2376 1220 incognita
2404 1165 2494 1204 co-
2593 1146 2757 1201 fuisse
2790 1147 3066 1202 distinctas
3091 1165 3103 1200 :
3133 1149 3435 1232 superiores
3469 1162 3596 1202 vero
3621 1157 3820 1217 partes,
3847 1165 3966 1219 qua:
3991 1151 4148 1204 trica-

934 1231 1266 1323 δηοεοαώυς,
2595 1247 2811 1291 moratae
2838 1235 3105 1301 dicuntur,
3147 1236 3214 1290 ad
3251 1231 3611 1292 Habitaculum
3649 1239 3820 1308 primo
3862 1241 4051 1294 bestiis
4075 1242 4152 1294 vel

1005 1342 1170 1396 Inter.
1193 1339 1312 1394 100.
1334 1339 1451 1393 Noe
1472 1339 1549 1393 vir
1564 1345 1738 1407 justus
1755 1345 1801 1390 et
1825 1336 2080 1406 perfectus
2106 1341 2216 1387 erat
2240 1331 2390 1402 (vers.
2415 1329 2491 1399 9).
2593 1325 2914 1379 animalibus
2957 1326 3355 1391 immitioribus,
3393 1326 3474 1381 vel
3515 1329 3848 1397 serpentibus
3877 1329 4154 1399 deputatas

937 1435 996 1487 Si
1043 1432 1217 1487 nullus
1263 1431 1376 1502 sine
1419 1435 1657 1498 peccato,
1695 1425 1959 1494 quomodo
2004 1423 2199 1493 aliquis
2226 1419 2496 1490 perfectus
2596 1413 2781 1487 [esse].
2827 1415 2910 1468 Ah
2961 1416 3045 1469 his
3085 1431 3211 1471 vero
3256 1431 3489 1486 congrua
3536 1417 3591 1470 in
3636 1416 3998 1485 superioribus
4042 1417 4151 1472 loca

937 1502 1550 1592 t-sse.potest?¥—Resp.
1583 1515 1809 1570 Pcrfecti
1854 1515 1942 1568 hic
1966 1512 2159 1586 [-Edit.,
2187 1508 2334 1582 hinc]
2375 1506 2495 1580 [ali-
2594 1506 2895 1560 mitioribus
2933 1506 3293 1560 animantibus
3317 1547 3332 1570 ,
3390 1507 3705 1586 stabulaque
3755 1507 3960 1562 fuisse:
3996 1523 4152 1576 supra

930 1611 1050 1683 qui]
1093 1612 1359 1673 dicuntur,
1399 1622 1505 1662 non
1546 1608 1686 1662 sicut
1729 1603 2037 1675 perﬁciendi
2065 1610 2191 1658 sunt
2228 1600 2398 1656 sancti
2439 1600 2493 1654 in
2592 1597 2771 1650 omnia
2801 1610 2928 1649 vero
2977 1595 3030 1648 in
3077 1597 3290 1650 excelso
3326 1597 3631 1651 hominibus
3674 1599 3850 1651 sedem
3897 1598 4151 1658 locatam;

935 1704 1021 1758 iila
1051 1700 1468 1762 immortalitate,
1514 1714 1618 1768 qua
1647 1697 2000 1765 mquabuntur
2025 1694 2226 1765 angelis
2248 1694 2374 1755 Dei;
2402 1693 2497 1746 sed
2595 1695 2653 1740 ut
2679 1694 2801 1755 poli!
2844 1687 2983 1739 sicut
3020 1685 3221 1739 honore
3265 1696 3320 1738 et
3364 1686 3623 1756 sapientia
3671 1687 3950 1749 antecedit.
3997 1687 4071 1740 ila
4102 1697 4153 1739 et

937 1796 1075 1850 sicut
1093 1799 1463 1861 essepossunt
1489 1790 1544 1844 in
1573 1790 1673 1844 hac
1697 1786 2124 1858 peregrinatione
2148 1784 2390 1855 perfecti.
2594 1777 2712 1831 loco
2757 1785 2947 1832 cuncta
2990 1775 3317 1846 praecelleret
3362 1777 3631 1831 animalia.
3682 1779 3747 1832 Et
3794 1780 3873 1832 sic
3922 1780 4157 1848 quinque

1005 1883 1166 1937 Inter.
1201 1879 1319 1935 101.
1363 1878 1501 1946 Quid
1541 1887 1643 1942 est,
1677 1875 1819 1946 quod
1865 1876 2002 1932 dixit
2044 1875 2186 1929 Deus
2228 1873 2296 1928 ad
2337 1872 2486 1927 Noe:
2525 1943 2557 1946 ξ
2595 1866 2898 1921 mansiones
2945 1866 2999 1919 in
3042 1881 3105 1920 ea
3142 1881 3261 1921 esse
3295 1867 3690 1938 intelliguntur;
3725 1869 3916 1937 prima,
3957 1877 4156 1924 sterco-

940 1975 1085 2029 Finis
1111 1974 1359 2026 universae
1384 1943 1554 2023 carnis
1579 1943 1711 2022 venit
1733 1967 1884 2037 (vers.
1914 1965 2035 2036 £3)?
2055 1994 2124 2004 -—
2145 1960 2300 2033 Resp.
2333 1961 2492 2033 [Uni-
2523 1943 2570 2003 Β
2595 1957 2742 2022 ritta;
2770 1957 3022 2020 secunda,
3061 1956 3436 2026 apothecaria;
3480 1959 3655 2023 tertia,
3694 1959 3822 2014 feris
3871 1961 4155 2014 animanti-

937 2064 1102 2118 versae
1149 2058 1348 2132 carnis]
1391 2055 1655 2130 significat
1688 2055 1926 2110 omnium
1971 2053 2274 2108 mortalium
2299 2051 2492 2124 [Edit.,
2595 2047 2721 2110 bus;
2753 2051 2963 2115 quarta,
2989 2045 3310 2108 mansuetis;
3336 2045 3540 2114 quinta,
3569 2047 3888 2102 hominibus.
3927 2053 3934 2058 ”

936 2167 1118 2208 omnes
1147 2147 1444 2220 mortales],
1471 2143 1666 2218 preter
1697 2145 1818 2201 illos
1845 2145 1936 2213 qui
1983 2144 2035 2196 in
2082 2159 2207 2197 arca
2255 2142 2492 2197 salvandi
2665 2136 2832 2190 Inter.
2876 2136 2994 2190 107.
3023 2135 3297 2202 Quomodo
3326 2139 3390 2192 de
3416 2139 3554 2192 ostio
3574 2141 3715 2208 quod
3743 2141 3796 2194 in
3831 2141 3996 2196 latere
4019 2159 4157 2195 arra:

937 2253 1109 2297 eram,
1145 2242 1220 2296 uti
1250 2241 1413 2309 igitur
1437 2237 1587 2308 quasi
1616 2236 1960 2292 seminarium
2003 2233 2249 2289 secundae
2272 2232 2495 2303 originis
2593 2226 2977 2292 aedificabatur,
3018 2227 3414 2297 intelligendum
3457 2231 3570 2284 est?
3601 2259 3673 2271 —-
3718 2231 3868 2302 Resp.
3914 2232 4156 2288 Tradunt

2597 2315 2796 2388 [autem
2844 2317 3029 2389 etiam]
3074 2320 3289 2383 ostium,
3323 2321 3466 2388 quod
3510 2337 3574 2374 ex
3629 2321 3793 2376 latere
3819 2323 4014 2377 factum
4049 2336 4153 2386 cst,

1006 2427 1168 2482 Inter.
1216 2423 1338 2478 I02.
1387 2396 1694 2492 Disperdam
1738 2435 1823 2474 eos
1865 2434 1982 2474 cum
2031 2427 2191 2470 terra.
2220 2411 2496 2482 Quomodo

938 2533 1058 2574 eum
1108 2525 1271 2576 terra,
1323 2513 1448 2568 dum
1506 2520 1648 2566 terra
1693 2519 1874 2581 postea
1936 2500 2492 2575 remansitt—Resp.

938 2606 1176 2660 Tradunt
1203 2601 1392 2676 [enim]
1420 2597 1665 2657 doctores
1712 2610 1868 2656 terrae
1915 2600 2150 2671 vigorem
2179 2607 2234 2653 et
2259 2597 2498 2653 fecundi-

940 2705 1105 2750 tatem
1149 2693 1301 2764 longe
1349 2687 1656 2747 inferiorem
1694 2704 1812 2744 esse
1847 2698 1972 2760 post
2004 2677 2282 2742 diluvium
2332 2701 2495 2758 quam

940 2792 1092 2847 ante;
1136 2791 1192 2838 et
1242 2781 1442 2836 idcirco
1484 2779 1788 2834 hominibus
1837 2791 2050 2832 carnem
2086 2775 2240 2848 [Ms.,
2283 2771 2494 2844 carnes]

941 2873 1097 2928 edere
1115 2871 1390 2926 licentiam
1415 2884 1530 2924 esse
1553 2869 1760 2930 datam;
1787 2874 1840 2921 et
1865 2875 1988 2920 ante
2009 2863 2216 2938 [etiam]
2241 2864 2496 2920 diluvium

944 2963 1202 3018 fructibus
1221 2972 1389 3018 terra:
1415 2959 1746 3016 solummodo
1775 2959 2044 3013 victitasse
2069 2956 2332 3012 homines.
2416 2943 2436 2956 “

1015 3054 1181 3110 Inter.
1234 3055 1353 3108 105.
1404 3052 1530 3118 Qua:
1574 3060 1698 3130 sunt
1737 3051 1876 3121 ligna
1924 3050 2169 3120 levigata,
2210 3049 2274 3104 de
2307 3047 2500 3118 quibus

943 3160 1068 3201 arca
1106 3145 1409 3214 prtecipitur
1451 3143 1562 3195 ﬁeri
1603 3142 1752 3212 (vers.
1803 3141 2014 3211 14)*ἒ-
2037 3141 2192 3210 Resp.
2225 3132 2417 3194 Fortis
2446 3147 2500 3192 et

947 3234 1258 3297 insolubilia,
1291 3233 1358 3288 de
1382 3233 1577 3302 quibus
1597 3232 1699 3286 alia
1725 3233 2002 3288 translatio
2036 3231 2182 3295 dicit,
2213 3231 2498 3300 quadrata,

947 3335 1006 3380 ut
1027 3340 1152 3380 arca
1180 3339 1279 3378 nec
1299 3332 1573 3378 ventorum
1604 3323 1677 3388 vi,
1722 3337 1820 3378 nec
1860 3309 2118 3393 aquarum
2157 3320 2500 3376 inundatione

949 3414 1268 3468 solveretur.
1330 3425 1332 3430 '
1369 3463 1371 3468 λ

1017 3501 1179 3555 Inter.
1217 3499 1332 3554 101.
1364 3499 1431 3553 Et
1467 3499 1711 3554 bitumine
1739 3499 1906 3553 linies.
1934 3499 2071 3567 Quae
2095 3507 2179 3554 est
2205 3507 2394 3553 natura
2423 3499 2502 3553 bi-

949 3594 1195 3648 tuminis?
1233 3621 1302 3633 —-—
1346 3591 1500 3662 Resp.
1548 3592 1788 3646 Bitumen
1833 3600 1916 3646 est
1963 3591 2408 3646 ferventissimum
2447 3598 2500 3642 ct

948 3681 1384 3737 violentissimum
1403 3680 1600 3750 gluten,
1623 3681 1772 3751 cuius
1793 3690 1874 3735 est
1901 3683 2013 3736 haec
2043 3681 2228 3744 virtus,
2260 3688 2318 3733 ut
2339 3679 2498 3748 ligna,

951 3768 1092 3841 [qum
1117 3785 1236 3823 cum
1257 3768 1536 3842 bitumine]
1563 3770 1785 3823 oblinita
1815 3767 2082 3840 [fuerint],
2115 3785 2215 3823 nec
2236 3769 2503 3824 vermibus

949 3859 1120 3922 exedi,
1163 3870 1266 3932 nec.
1290 3857 1419 3914 solis
1442 3859 1651 3922 ardore,
1677 3874 1774 3913 nec
1817 3856 2029 3913 ﬂatibus
2071 3865 2371 3921 ventorum,
2402 3871 2502 3913 nec

952 3961 1208 4022 aquarum
1234 3949 1441 4018 possint
1463 3949 1807 4004 inundatione
1827 3948 2063 4004 dissolvi.
2225 3974 2230 3980 ο
2385 4007 2388 4010 ἑ

1015 4036 1050 4089 'I
1056 4048 1185 4105 nter.
1209 4035 1332 4090 105.
1357 4031 1576 4100 Qualem
1599 4053 1727 4107 ergo
1753 4053 1892 4094 arcte
1915 4033 2144 4106 speciem
2168 4024 2254 4091 vel
2279 4037 2502 4093 formam

953 4126 1206 4179 debemus
1249 4121 1540 4195 intelligere
1569 4125 1721 4197 (vers.
1767 4125 1976 4198 15)?—
2005 4123 2157 4197 Resp.
2188 4125 2258 4181 Ut
2296 4126 2507 4180 videtur

956 4216 1139 4271 habuit
1159 4225 1386 4284 quatuor
1401 4215 1621 4287 angulos
1641 4232 1708 4271 ex
1727 4217 1838 4285 imo
1857 4226 2213 4287 assurgentes,
2239 4227 2294 4272 et
2319 4219 2505 4272 iisdem

955 4304 1206 4376 paulatim
1236 4321 1402 4373 usque
1431 4307 1497 4359 ad
1537 4322 1802 4362 summum
1845 4308 1899 4360 in
1939 4316 2221 4377 angustum
2263 4309 2508 4363 attractis

955 4399 1009 4451 in
1037 4396 1264 4464 spatium
1293 4397 1449 4450 unius
1474 4396 1647 4476 cubiti
1677 4394 1774 4450 fuit
1801 4397 2019 4452 collecta
2041 4391 2191 4468 [Ms.,
2215 4407 2273 4452 ut
2299 4393 2508 4453 videtur

941 4493 1186 4554 .quatuor
1229 4484 1438 4553 angulis
1479 4499 1596 4539 eam
1626 4501 1688 4539 ex
1720 4485 1826 4539 imo
1854 4485 2226 4556 adsurgentem
2347 4481 2510 4541 fuisse

2594 2422 2658 2461 eo
2681 2409 2780 2463 loci
2810 2407 2990 2470 fuisse,
3015 2414 3068 2462 u‘t
3106 2408 3378 2475 inferiora,
3407 2425 3525 2480 qua:
3552 2410 3687 2466 dixit
3714 2413 4035 2468 bicamcrata
4077 2414 4156 2468 in-

2597 2498 2677 2554 fra
2701 2515 2758 2554 se
2784 2501 3030 2564 haberet;
3064 2505 3117 2553 e't
3148 2502 3805 2582 qutedisit’tricamerata,
3828 2507 4098 2575 superiora
4128 2523 4155 2560 a

2597 2591 2715 2646 loco
2758 2591 2880 2645 ostii
2921 2591 3180 2660 appellata
3213 2600 3356 2646 sunt.
3399 2593 3465 2647 Et
3493 2594 3614 2648 inde
3651 2596 3885 2666 ingressa
3909 2596 4155 2651 animalia

2597 2684 2864 2747 universa,
2905 2699 3002 2754 per
3029 2700 3125 2739 sua
3169 2701 3395 2756 quasque
3433 2687 3571 2752 loca,
3606 2690 3894 2743 secundum
3922 2705 4042 2758 quae
4069 2705 4155 2744 su-

2598 2787 2693 2844 pra
2718 2771 2970 2838 diximus,
3001 2789 3232 2846 congrua
3261 2774 3581 2832 discretione
3602 2779 3850 2834 distincta
3872 2779 4026 2852 [IIs.,
4054 2781 4161 2835 dis-

2599 2862 2776 2938 repta]
2810 2874 2952 2920 sunt.

2670 2955 2833 3009 Inter.
2861 2957 2982 3011 108.
3011 2944 3147 3021 Quid
3168 2951 3329 3025 habet
3363 2953 3600 3028 mysterii
3637 2972 3881 3012 mensura
3909 2958 4158 3013 arcte?—

2601 3041 2755 3115 R‘esp.
2803 3045 2974 3100 liabet
3016 3044 3201 3120 [enim]
3242 3051 3554 3120 mysterium
3579 3048 3875 3118 perfectum
3920 3052 4154 3118 carporis

2601 3136 2823 3189 Christi.
2858 3134 3044 3191 Sexies
3077 3133 3217 3190 enim
3249 3139 3470 3192 trecenti
3517 3139 3715 3192 habent
3739 3139 3876 3191 intra
3918 3153 3976 3192 se
4007 3139 4154 3206 quin-

2602 3215 2874 3296 quaginta,
2905 3236 2958 3281 et
2980 3227 3156 3282 decies
3183 3227 3420 3297 triginta.
3451 3228 3540 3284 Sic
3565 3229 3704 3297 enim
3729 3229 4013 3282 humanum
4041 3245 4154 3282 cor-

2602 3333 2720 3388 pus,
2768 3317 2814 3372 si
2849 3318 3133 3387 jacentem.
3165 3321 3406 3374 metiaris
3451 3319 3739 3382 hominem,
3779 3320 3954 3374 sexies
4002 3320 4154 3373 habet

2602 3408 2874 3480 longitudo
2903 3405 3258 3475 latitudinem,
3305 3419 3360 3463 et
3406 3411 3586 3465 decies
3627 3409 3979 3465 altitudinem.
4028 3411 4152 3464 Nam

2601 3501 2872 3572 longitudo
2902 3502 3130 3571 jacentis
3159 3502 3390 3557 hominis
3423 3518 3451 3556 a
3482 3502 3680 3557 vertice
3707 3517 3872 3571 usque
3897 3503 3963 3556 ad
3991 3503 4151 3556 vesti-

2599 3596 2683 3664 gia
2713 3597 2976 3651 metienda
3002 3603 3104 3660 est,
3137 3605 3193 3650 et
3223 3610 3254 3649 a
3282 3595 3447 3650 latere
3474 3610 3642 3664 usque
3680 3595 3732 3648 in
3772 3594 3930 3658 latus,
3961 3607 4016 3648 et
4041 3595 4154 3648 alti-

2603 3686 2731 3740 tudo
2763 3700 2794 3739 a
2822 3685 2984 3739 dorso
3013 3687 3068 3738 in
3100 3671 3361 3738 ventrem.
3410 3684 3538 3750 Quae
3582 3683 3750 3753 ﬁgura
3792 3693 3912 3752 apte
3950 3682 4154 3738 Christo

2603 3776 2888 3830 convenire
2929 3777 3201 3841 noscitur,
3241 3784 3460 3846 propter
3505 3774 3956 3845 longanimitatem
3982 3777 4153 3831 omnia

2603 3868 2904 3935 suﬂ'erentis
2929 3869 3049 3923 fidei
3075 3878 3132 3924 et
3157 3867 3558 3938 amplitudinem
3584 3868 3885 3930 charitatis,
3911 3877 3964 3920 et
4000 3868 4154 3921 subli-

2605 3957 2847 4012 mitatem
2881 3958 2994 4027 spei
3019 3965 3252 4012 aeterna.

2676 4047 2840 4102 Inter.
2874 4048 2995 4103 109.
3040 4049 3122 4104 Ad
3158 4049 3286 4118 quid
3328 4047 3558 4104 fenestra
3588 4049 3639 4103 in
3671 4051 3976 4103 summitate
4021 4064 4152 4102 arca:

2599 4136 2816 4205 iubetur
2845 4138 2997 4193 ﬁeri?
3013 4169 3083 4179 —
3108 4138 3263 4211 Resp.
3293 4140 3364 4196 Ut
3386 4141 3608 4195 haberet
3632 4141 3770 4194 unde
3796 4141 4041 4196 emittere
4065 4157 4152 4210 po—

2607 4229 2793 4283 tuisset
2829 4227 2964 4300 [Αι.,
3015 4229 3186 4284 emitti
3231 4227 3470 4301 possent]
3513 4243 3637 4284 aves
3676 4230 3742 4282 ad
3782 4229 4150 4298 explorandam

2608 4311 2766 4377 terra;
2795 4315 3107 4375 siceitatem.

2679 4397 2842 4464 Inter.
2875 4393 2994 4462 110.
3023 4409 3159 4476 Quid
3188 4411 3288 4464 sibi
3314 4393 3460 4463 vnit:
3491 4409 3606 4462 Duo
3643 4419 3691 4463 et
3733 4409 3858 4473 duo,
3885 4420 4090 4480 septena
4110 4420 4150 4464 et

2611 4508 2818 4570 septena
2860 4497 3010 4569 (Gen.
3041 4516 3136 4564 vn,
3165 4499 3242 4571 ἓ).
3289 4499 3370 4553 An
3411 4507 3638 4569 quatuor
3669 4515 3734 4554 ex
3782 4501 4065 4556 immundis
4104 4508 4154 4556 et

863 4590 874 4614 π
958 4570 1603 4686 ξουθοῑῗιηξξιὶρίξεηξω]
1633 4572 1860 4686 refertur
1894 4576 2031 4686 quod
2055 4575 2511 4686 Iin‘futlrdamentis
2541 4625 2590 4686 υ
2613 4587 3014 4656 quatuordecim
3048 4603 3114 4642 ex
3152 4589 3363 4643 mundis
3388 4589 3702 4643 animalibus
3744 4588 4042 4662 intelligere
4069 4589 4153 4644 de-

961 4661 1182 4716 trecenti
1212 4661 1375 4715 etdizi
1417 4663 1470 4714 ia
1512 4662 1835 4733 longitudine
1874 4673 1926 4717 et
1955 4665 2008 4716 in
2055 4665 2330 4720 latitudine
2356 4667 2511 4733 quin-

959 4751 1208 4819 quaginta
1230 4751 1369 4814 sint;
1400 4759 1454 4806 et
1481 4750 1534 4803 in
1576 4744 1853 4805 altitudine
1881 4752 2129 4822 triginta,
2160 4755 2252 4808 sed
2293 4755 2511 4811 collecta
2542 4792 2548 4797 ο

939 4837 1014 4890 'in
1038 4852 1286 4892 cacumen
1314 4847 1595 4909 angustum
1616 4879 1630 4903 ,
1661 4838 1733 4892 ita
1767 4845 1822 4892 ut
1843 4841 2054 4894 cubitus
2079 4843 2147 4895 sit
2169 4841 2513 4912 longitudinis

958 4935 1012 4980 ct
1040 4925 1354 4980 latitudinis.
1381 4929 1444 5000 iit
1473 4944 1598 4982 vere
1629 4928 1765 4990 nulla
1793 4927 1962 4998 potuit
1983 4936 2090 4982 tam
2114 4927 2434 4986 conveniens
2460 4941 2515 4986 et

959 5019 1364 5088 congrua-arcas
1403 5018 1604 5085 species
1647 5018 1783 5083 dari,
1811 5035 1969 5088 quam
2017 5029 2075 5073 ut
2121 5035 2330 5075 summo
2370 5005 2515 5076 veiut

967 5105 1040 5178 [τε]
1070 5113 1208 5159 tecto
1234 5103 1460 5174 quodam
1493 5115 1716 5174 angusto
1737 5107 1942 5162 culmen
1969 5108 2118 5181 [δίδη
2145 5109 2395 5182 culmine]
2417 5111 2516 5165 dif-

962 5196 1204 5249 funderet
1243 5196 1492 5249 imbriunt
1527 5196 1726 5260 ruinas,
1762 5206 1816 5250 et
1849 5199 1954 5252 ima
1993 5201 2046 5254 in
2075 5203 2225 5270 aquis
2253 5205 2511 5272 quadrata

963 5283 1248 5338 stabilitate
1295 5286 1593 5361 consistens
1638 5300 1736 5342 nec
1782 5288 2010 5357 impulsu
2058 5301 2368 5358 ventorum,
2394 5313 2514 5350 [nec

967 5365 1166 5443 impetu
1188 5370 1460 5441 ﬂuctuum,
1486 5391 1586 5433 nec
1626 5378 1989 5449 inquietudine
2019 5383 2346 5448 animalium,
2397 5405 2513 5442 aute

964 5465 1279 5518 intrinsecus
1304 5473 1472 5527 erant,
1500 5479 1592 5521 aut
1621 5469 1865 5524 inclinari
1888 5481 2087 5540 posset,
2120 5482 2212 5527 aut
2237 5477 2424 5545 mergi.

1033 5552 1197 5606 Inter.
1235 5551 1350 5607 106.
1379 5551 1653 5618 Quomodo
1693 5573 1812 5613 eam
1854 5559 2234 5617 bicameratam
2271 5572 2326 5617 et
2353 5566 2514 5620 trica-

965 5651 1218 5695 meratam
1251 5642 1548 5714 intelligere
1570 5645 1818 5703 debemus
1839 5651 1988 5720 (vers.
2019 5649 2140 5720 16)?
2159 5682 2225 5692 —
2249 5651 2400 5723 Resp.
2435 5655 2518 5710 Bi-

967 5740 1289 5786 cameratam
1320 5732 1372 5787 in
1395 5729 1751 5798 inferioribus,
1781 5739 2177 5794 tricameratam
2207 5757 2332 5798 vero
2353 5745 2406 5797 in
2431 5762 2519 5799 su-

968 5819 1279 5889 perioribus,
1309 5822 1376 5874 ita
1406 5832 1462 5882 ut
1488 5823 1722 5893 quinque
1747 5825 2130 5882 habitationum
2152 5829 2518 5888 distinctiones

2613 4678 2800 4733 bemus
2827 4678 3206 4734 introducenda
3247 4680 3399 4734 esse?
3417 4704 3486 4718 -ε-
3511 4677 3664 4748 Resp.
3697 4678 3812 4731 Non
3844 4679 3949 4732 duo
3975 4686 4028 4732 et
4055 4679 4151 4732 duo

2611 4776 2831 4839 propter
2851 4777 3104 4839 quatuor,
3129 4771 3222 4825 sed
3249 4778 3468 4840 propter
3489 4769 3776 4824 masculum
3806 4777 3860 4821 et
3887 4767 4147 4822 feminam.

2598 4858 2744 4925 ,Nam
2783 4859 2849 4912 de
2889 4859 3174 4914 immundis
3211 4860 3574 4913 tantummodo
3614 4858 3741 4920 duo,
3780 4865 3836 4911 et
3859 4856 4153 4910 de-mundis

2611 4948 2943 5003 solummodo
2967 4957 3189 5018 septem.

2681 5036 2846 5092 Inter.
2897 5037 3015 5091 111.
3069 5036 3178 5092 Cur
3227 5036 3497 5093 immunda
3538 5039 3653 5107 pari
3702 5052 3919 5091 numero
3964 5040 4148 5106 posuit.

2612 5129 2807 5183 munda
2843 5143 2971 5184 vero
3007 5129 3320 5200 impari?—
3341 5129 3493 5199 Resp.
3525 5129 3596 5186 Ut
3632 5129 3852 5182 haberet
3877 5126 3985 5180 Noe
4024 5129 4152 5180 unde

2612 5219 2812 5274 hostias
2834 5219 2943 5274 Deo
2965 5219 3261 5274 immolaret
3289 5237 3355 5276 ex
3382 5220 3610 5274 mundis.

2682 5307 2847 5361 Inter.
2875 5307 2995 5362 112.
3026 5308 3176 5363 Unde
3195 5309 3499 5377 pulchriora
3521 5307 3647 5380 (Ms.
3675 5307 3927 5381 pluriora]
3950 5308 4147 5364 fuerunt

2615 5397 2832 5462 munda,
2872 5411 3032 5465 quam
3077 5399 3471 5454 immunda?—
3499 5398 3645 5470 Resp.
3684 5401 3902 5469 Propter
3927 5400 4144 5453 futurum

2615 5487 2845 5540 humano
2865 5488 3041 5553 generi
3072 5504 3248 5554 nsunt,
3277 5489 3401 5558 quia
3424 5503 3490 5543 ex
3518 5491 3694 5543 mundi
3712 5521 3725 5538 ς
3755 5491 4037 5544 debebatur
4060 5490 4143 5542 ho-

2617 5574 2868 5641 minibus,
2899 5585 2960 5631 ut
2980 5577 3282 5647 pulchriora
3313 5576 3461 5650 [ιιι.
3489 5577 3662 5652 plura]
3689 5587 3866 5634 essent
3901 5594 4012 5648 quae
4035 5592 4142 5648 pro-

2617 5663 2829 5719 dessent
2856 5680 3016 5735 quam
3045 5681 3164 5735 quae
3185 5676 3458 5722 nocerent.

2685 5751 2848 5807 Inter.
2881 5754 2998 5808 115.
3027 5753 3202 5820 Quteri
3229 5753 3416 5828 [enim]
3445 5757 3594 5819 solet,
3620 5763 3796 5810 utrum
3820 5756 3871 5809 in
3899 5762 4033 5808 tanta
4059 5769 4140 5809 ca-

2616 5847 2846 5913 pacitate
2868 5863 2990 5901 arca
3015 5847 3332 5903 describitur
3360 5847 3542 5920 [esse].
3573 5858 3623 5902 ut
3657 5848 3899 5902 animalia
3929 5854 4059 5899 tanta
4093 5855 4138 5900 et
