  <div class='ocr_page' id='page_1' title='image "/cluster/home/n/w/nwhite01/storage/ocr_20150623/99-100/uc1.31175006946845/912.png"; bbox 0 0 4428 6402; ppageno 0'>
   <div class='ocr_carea' id='block_1_1' title="bbox 91 430 202 485">
    <p class='ocr_par' dir='ltr' id='par_1_1' title="bbox 91 430 202 485">
     <span class='ocr_line' id='line_1_1' title="bbox 91 430 202 485; baseline 0.009 -1"><span class='ocrx_word' id='word_1_1' title='bbox 91 430 202 485; x_wconf 70' lang='lat'><strong>529</strong></span> 
     </span>
    </p>
   </div>
   <div class='ocr_carea' id='block_1_2' title="bbox 718 402 2727 479">
    <p class='ocr_par' dir='ltr' id='par_1_2' title="bbox 718 402 2727 479">
     <span class='ocr_line' id='line_1_2' title="bbox 718 402 2727 479; baseline -0.003 0"><span class='ocrx_word' id='word_1_2' title='bbox 718 424 1120 479; x_wconf 60' lang='lat' dir='ltr'><strong>EXEGETICA.</strong></span> <span class='ocrx_word' id='word_1_3' title='bbox 1160 452 1229 462; x_wconf 89' lang='lat'><strong>-—</strong></span> <span class='ocrx_word' id='word_1_4' title='bbox 1264 420 1635 477; x_wconf 70' lang='lat' dir='ltr'><strong>INTERROG.</strong></span> <span class='ocrx_word' id='word_1_5' title='bbox 1676 402 1762 472; x_wconf 71' lang='grc' dir='ltr'><strong>ΕΤ</strong></span> <span class='ocrx_word' id='word_1_6' title='bbox 1802 419 2134 475; x_wconf 74' lang='lat' dir='ltr'><strong>RESPONS.</strong></span> <span class='ocrx_word' id='word_1_7' title='bbox 2168 420 2235 475; x_wconf 81' lang='lat' dir='ltr'><strong>IN</strong></span> <span class='ocrx_word' id='word_1_8' title='bbox 2272 419 2511 475; x_wconf 77' lang='lat' dir='ltr'><strong>GENES.</strong></span> <span class='ocrx_word' id='word_1_9' title='bbox 2578 420 2727 476; x_wconf 81' lang='lat' dir='ltr'><strong>ETC.</strong></span> 
     </span>
    </p>
   </div>
   <div class='ocr_carea' id='block_1_3' title="bbox 3207 422 3310 478">
    <p class='ocr_par' dir='ltr' id='par_1_3' title="bbox 3207 422 3310 478">
     <span class='ocr_line' id='line_1_3' title="bbox 3207 422 3310 478; baseline 0.01 -1"><span class='ocrx_word' id='word_1_10' title='bbox 3207 422 3310 478; x_wconf 76' lang='lat'><strong>530</strong></span> 
     </span>
    </p>
   </div>
   <div class='ocr_carea' id='block_1_4' title="bbox 95 514 3308 609">
    <p class='ocr_par' dir='ltr' id='par_1_4' title="bbox 95 514 3308 609">
     <span class='ocr_line' id='line_1_4' title="bbox 95 514 3308 609; baseline -0.002 -13"><span class='ocrx_word' id='word_1_11' title='bbox 95 552 202 609; x_wconf 90' lang='lat' dir='ltr'><strong>tot,</strong></span> <span class='ocrx_word' id='word_1_12' title='bbox 230 556 353 596; x_wconf 89' lang='lat' dir='ltr'><strong>cum</strong></span> <span class='ocrx_word' id='word_1_13' title='bbox 396 540 774 594; x_wconf 86' lang='lat' dir='ltr'><strong>mansiunculis</strong></span> <span class='ocrx_word' id='word_1_14' title='bbox 810 538 1255 593; x_wconf 73' lang='lat' dir='ltr'><strong>convenientibus</strong></span> <span class='ocrx_word' id='word_1_15' title='bbox 1292 536 1394 589; x_wconf 91' lang='lat' dir='ltr'><strong>sibi</strong></span> <span class='ocrx_word' id='word_1_16' title='bbox 1439 542 1493 589; x_wconf 90' lang='lat' dir='ltr'><strong>et</strong></span> <span class='ocrx_word' id='word_1_17' title='bbox 1530 532 1671 587; x_wconf 84' lang='lat' dir='ltr'><strong>escis</strong></span> <span class='ocrx_word' id='word_1_18' title='bbox 1698 532 1949 599; x_wconf 53' lang='lat' dir='ltr'><strong>Apiente</strong></span> <span class='ocrx_word' id='word_1_19' title='bbox 1995 533 2085 587; x_wconf 82' lang='lat' dir='ltr'><strong>vel</strong></span> <span class='ocrx_word' id='word_1_20' title='bbox 2132 534 2265 587; x_wconf 68' lang='lat' dir='ltr'><strong>Dee»</strong></span> <span class='ocrx_word' id='word_1_21' title='bbox 2288 533 2650 587; x_wconf 85' lang='lat' dir='ltr'><strong>demonstrata</strong></span> <span class='ocrx_word' id='word_1_22' title='bbox 2687 531 2841 604; x_wconf 72' lang='lat' dir='ltr'><strong>[Ms.,</strong></span> <span class='ocrx_word' id='word_1_23' title='bbox 2892 514 3308 607; x_wconf 84' lang='lat' dir='ltr'><strong>demonstrante]</strong></span> 
     </span>
    </p>
   </div>
   <div class='ocr_carea' id='block_1_5' title="bbox 96 620 3312 698">
    <p class='ocr_par' dir='ltr' id='par_1_5' title="bbox 96 620 3312 698">
     <span class='ocr_line' id='line_1_5' title="bbox 96 620 3312 698; baseline -0.002 -14"><span class='ocrx_word' id='word_1_24' title='bbox 96 648 312 696; x_wconf 73' lang='lat' dir='ltr'><strong>eorum,</strong></span> <span class='ocrx_word' id='word_1_25' title='bbox 352 628 490 684; x_wconf 80' lang='lat' dir='ltr'><strong>ferre</strong></span> <span class='ocrx_word' id='word_1_26' title='bbox 535 628 803 698; x_wconf 88' lang='lat' dir='ltr'><strong>potuerit?</strong></span> <span class='ocrx_word' id='word_1_27' title='bbox 825 656 896 666; x_wconf 90' lang='lat'><strong>—</strong></span> <span class='ocrx_word' id='word_1_28' title='bbox 926 626 1080 697; x_wconf 86' lang='lat' dir='ltr'><strong>Resp.</strong></span> <span class='ocrx_word' id='word_1_29' title='bbox 1128 625 1279 680; x_wconf 79' lang='lat' dir='ltr'><strong>Hanc</strong></span> <span class='ocrx_word' id='word_1_30' title='bbox 1316 623 1665 694; x_wconf 73' lang='lat' dir='ltr'><strong>quaestionem</strong></span> <span class='ocrx_word' id='word_1_31' title='bbox 1763 634 1882 688; x_wconf 71' lang='lat' dir='ltr'><strong>quae</strong></span> <span class='ocrx_word' id='word_1_32' title='bbox 1904 620 2088 674; x_wconf 86' lang='lat' dir='ltr'><strong>talium</strong></span> <span class='ocrx_word' id='word_1_33' title='bbox 2120 635 2332 690; x_wconf 89' lang='lat' dir='ltr'><strong>quoque</strong></span> <span class='ocrx_word' id='word_1_34' title='bbox 2375 621 2722 676; x_wconf 87' lang='lat' dir='ltr'><strong>animantium</strong></span> <span class='ocrx_word' id='word_1_35' title='bbox 2758 620 3312 689; x_wconf 67' lang='lat' dir='ltr'><strong>escisconvenirent;</strong></span> 
     </span>
    </p>
   </div>
   <div class='ocr_carea' id='block_1_6' title="bbox 98 712 1667 791">
    <p class='ocr_par' dir='ltr' id='par_1_6' title="bbox 98 712 1667 791">
     <span class='ocr_line' id='line_1_6' title="bbox 98 712 1667 791; baseline -0.006 -17"><span class='ocrx_word' id='word_1_36' title='bbox 98 720 366 791; x_wconf 75' lang='lat' dir='ltr'><strong>Origenes</strong></span> <span class='ocrx_word' id='word_1_37' title='bbox 392 717 550 774; x_wconf 85' lang='lat' dir='ltr'><strong>solvit</strong></span> <span class='ocrx_word' id='word_1_38' title='bbox 572 718 749 773; x_wconf 90' lang='lat' dir='ltr'><strong>cubito</strong></span> <span class='ocrx_word' id='word_1_39' title='bbox 779 716 1128 786; x_wconf 84' lang='lat' dir='ltr'><strong>geometrico,</strong></span> <span class='ocrx_word' id='word_1_40' title='bbox 1157 720 1403 791; x_wconf 76' lang='lat' dir='ltr'><strong>asserens</strong></span> <span class='ocrx_word' id='word_1_41' title='bbox 1428 712 1667 768; x_wconf 90' lang='lat' dir='ltr'><strong>cubitum</strong></span> 
     </span>
    </p>
   </div>
   <div class='ocr_carea' id='block_1_7' title="bbox 98 800 1668 882">
    <p class='ocr_par' dir='ltr' id='par_1_7' title="bbox 98 800 1668 882">
     <span class='ocr_line' id='line_1_7' title="bbox 98 800 1668 882; baseline -0.007 -16"><span class='ocrx_word' id='word_1_42' title='bbox 98 811 488 882; x_wconf 84' lang='lat' dir='ltr'><strong>geometricum</strong></span> <span class='ocrx_word' id='word_1_43' title='bbox 526 818 730 863; x_wconf 76' lang='lat' dir='ltr'><strong>tantum</strong></span> <span class='ocrx_word' id='word_1_44' title='bbox 769 807 968 871; x_wconf 88' lang='lat' dir='ltr'><strong>valere,</strong></span> <span class='ocrx_word' id='word_1_45' title='bbox 1010 813 1269 876; x_wconf 89' lang='lat' dir='ltr'><strong>quantum</strong></span> <span class='ocrx_word' id='word_1_46' title='bbox 1306 803 1475 859; x_wconf 79' lang='lat' dir='ltr'><strong>nostri</strong></span> <span class='ocrx_word' id='word_1_47' title='bbox 1502 800 1668 881; x_wconf 78' lang='lat' dir='ltr'><strong>cubiti</strong></span> 
     </span>
    </p>
   </div>
   <div class='ocr_carea' id='block_1_8' title="bbox 99 901 428 955">
    <p class='ocr_par' dir='ltr' id='par_1_8' title="bbox 99 901 428 955">
     <span class='ocr_line' id='line_1_8' title="bbox 99 901 428 955; baseline -0.009 0"><span class='ocrx_word' id='word_1_48' title='bbox 99 916 201 955; x_wconf 77' lang='lat' dir='ltr'><strong>sex</strong></span> <span class='ocrx_word' id='word_1_49' title='bbox 229 901 428 955; x_wconf 86' lang='lat' dir='ltr'><strong>valent.</strong></span> 
     </span>
    </p>
   </div>
   <div class='ocr_carea' id='block_1_9' title="bbox 179 983 1679 1055">
    <p class='ocr_par' dir='ltr' id='par_1_9' title="bbox 179 983 1679 1055">
     <span class='ocr_line' id='line_1_9' title="bbox 179 983 1679 1055; baseline -0.009 -10"><span class='ocrx_word' id='word_1_50' title='bbox 179 990 347 1046; x_wconf 90' lang='lat' dir='ltr'><strong>Inter.</strong></span> <span class='ocrx_word' id='word_1_51' title='bbox 381 988 501 1043; x_wconf 75' lang='lat' dir='ltr'><strong>1L1.</strong></span> <span class='ocrx_word' id='word_1_52' title='bbox 532 987 669 1055; x_wconf 85' lang='lat' dir='ltr'><strong>Quid</strong></span> <span class='ocrx_word' id='word_1_53' title='bbox 689 994 771 1041; x_wconf 90' lang='lat' dir='ltr'><strong>est</strong></span> <span class='ocrx_word' id='word_1_54' title='bbox 794 986 935 1055; x_wconf 92' lang='lat' dir='ltr'><strong>quod</strong></span> <span class='ocrx_word' id='word_1_55' title='bbox 958 985 1161 1039; x_wconf 91' lang='lat' dir='ltr'><strong>dictum</strong></span> <span class='ocrx_word' id='word_1_56' title='bbox 1181 992 1266 1038; x_wconf 78' lang='lat' dir='ltr'><strong>est</strong></span> <span class='ocrx_word' id='word_1_57' title='bbox 1288 983 1527 1051; x_wconf 81' lang='lat' dir='ltr'><strong>ingressa</strong></span> <span class='ocrx_word' id='word_1_58' title='bbox 1552 992 1679 1033; x_wconf 81' lang='lat' dir='ltr'><strong>esse</strong></span> 
     </span>
    </p>
   </div>
   <div class='ocr_carea' id='block_1_10' title="bbox 100 1067 1667 1149">
    <p class='ocr_par' dir='ltr' id='par_1_10' title="bbox 100 1067 1667 1149">
     <span class='ocr_line' id='line_1_10' title="bbox 100 1067 1667 1149; baseline -0.01 -14"><span class='ocrx_word' id='word_1_59' title='bbox 100 1082 288 1135; x_wconf 84' lang='lat' dir='ltr'><strong>omnia</strong></span> <span class='ocrx_word' id='word_1_60' title='bbox 311 1077 558 1136; x_wconf 83' lang='lat' dir='ltr'><strong>animalia</strong></span> <span class='ocrx_word' id='word_1_61' title='bbox 583 1075 673 1149; x_wconf 92' lang='lat' dir='ltr'><strong>[ad</strong></span> <span class='ocrx_word' id='word_1_62' title='bbox 700 1072 831 1146; x_wconf 82' lang='lat' dir='ltr'><strong>Noe]</strong></span> <span class='ocrx_word' id='word_1_63' title='bbox 853 1074 907 1127; x_wconf 91' lang='lat' dir='ltr'><strong>in</strong></span> <span class='ocrx_word' id='word_1_64' title='bbox 932 1088 1112 1127; x_wconf 90' lang='lat' dir='ltr'><strong>arcam</strong></span> <span class='ocrx_word' id='word_1_65' title='bbox 1133 1070 1406 1142; x_wconf 57' lang='grc' dir='ltr'><strong>(νείκης)γέ</strong></span> <span class='ocrx_word' id='word_1_66' title='bbox 1422 1099 1492 1109; x_wconf 92' lang='grc'><strong><em>-</em></strong></span> <span class='ocrx_word' id='word_1_67' title='bbox 1512 1067 1667 1137; x_wconf 86' lang='lat' dir='ltr'><strong>Resp.</strong></span> 
     </span>
    </p>
   </div>
   <div class='ocr_carea' id='block_1_11' title="bbox 100 1161 1671 1237">
    <p class='ocr_par' dir='ltr' id='par_1_11' title="bbox 100 1161 1671 1237">
     <span class='ocr_line' id='line_1_11' title="bbox 100 1161 1671 1237; baseline -0.01 -10"><span class='ocrx_word' id='word_1_68' title='bbox 100 1172 226 1227; x_wconf 81' lang='lat' dir='ltr'><strong>Non</strong></span> <span class='ocrx_word' id='word_1_69' title='bbox 267 1171 376 1225; x_wconf 84' lang='lat' dir='ltr'><strong>Noe</strong></span> <span class='ocrx_word' id='word_1_70' title='bbox 404 1169 706 1237; x_wconf 74' lang='lat' dir='ltr'><strong>colligente,</strong></span> <span class='ocrx_word' id='word_1_71' title='bbox 740 1166 834 1221; x_wconf 91' lang='lat' dir='ltr'><strong>sed</strong></span> <span class='ocrx_word' id='word_1_72' title='bbox 875 1162 985 1219; x_wconf 90' lang='lat' dir='ltr'><strong>Deo</strong></span> <span class='ocrx_word' id='word_1_73' title='bbox 1023 1165 1264 1234; x_wconf 90' lang='lat' dir='ltr'><strong>jubente.</strong></span> <span class='ocrx_word' id='word_1_74' title='bbox 1293 1162 1445 1217; x_wconf 89' lang='lat' dir='ltr'><strong>Sicut</strong></span> <span class='ocrx_word' id='word_1_75' title='bbox 1472 1161 1671 1215; x_wconf 89' lang='lat' dir='ltr'><strong>dictum</strong></span> 
     </span>
    </p>
   </div>
   <div class='ocr_carea' id='block_1_12' title="bbox 99 1250 1676 1330">
    <p class='ocr_par' dir='ltr' id='par_1_12' title="bbox 99 1250 1676 1330">
     <span class='ocr_line' id='line_1_12' title="bbox 99 1250 1676 1330; baseline -0.01 -14"><span class='ocrx_word' id='word_1_76' title='bbox 99 1271 190 1316; x_wconf 87' lang='lat' dir='ltr'><strong>est</strong></span> <span class='ocrx_word' id='word_1_77' title='bbox 219 1262 273 1315; x_wconf 92' lang='lat' dir='ltr'><strong>in</strong></span> <span class='ocrx_word' id='word_1_78' title='bbox 301 1260 474 1330; x_wconf 92' lang='lat' dir='ltr'><strong>prima</strong></span> <span class='ocrx_word' id='word_1_79' title='bbox 499 1258 808 1312; x_wconf 86' lang='lat' dir='ltr'><strong>creatione:</strong></span> <span class='ocrx_word' id='word_1_80' title='bbox 835 1254 1063 1308; x_wconf 75' lang='lat' dir='ltr'><strong>Adduxit</strong></span> <span class='ocrx_word' id='word_1_81' title='bbox 1088 1270 1148 1307; x_wconf 86' lang='lat' dir='ltr'><strong>ea</strong></span> <span class='ocrx_word' id='word_1_82' title='bbox 1190 1252 1259 1305; x_wconf 83' lang='lat' dir='ltr'><strong>ad</strong></span> <span class='ocrx_word' id='word_1_83' title='bbox 1297 1252 1487 1313; x_wconf 76' lang='lat' dir='ltr'><strong>Adam,</strong></span> <span class='ocrx_word' id='word_1_84' title='bbox 1519 1258 1575 1302; x_wconf 84' lang='lat' dir='ltr'><strong>ut</strong></span> <span class='ocrx_word' id='word_1_85' title='bbox 1603 1250 1676 1301; x_wconf 77' lang='lat' dir='ltr'><strong>ri-</strong></span> 
     </span>
    </p>
   </div>
   <div class='ocr_carea' id='block_1_13' title="bbox 100 1340 1674 1419">
    <p class='ocr_par' dir='ltr' id='par_1_13' title="bbox 100 1340 1674 1419">
     <span class='ocr_line' id='line_1_13' title="bbox 100 1340 1674 1419; baseline -0.009 -15"><span class='ocrx_word' id='word_1_86' title='bbox 100 1352 253 1405; x_wconf 80' lang='lat' dir='ltr'><strong>deret</strong></span> <span class='ocrx_word' id='word_1_87' title='bbox 288 1349 413 1419; x_wconf 80' lang='lat' dir='ltr'><strong>quid</strong></span> <span class='ocrx_word' id='word_1_88' title='bbox 457 1356 657 1401; x_wconf 75' lang='lat' dir='ltr'><strong>vocaret</strong></span> <span class='ocrx_word' id='word_1_89' title='bbox 687 1362 749 1399; x_wconf 90' lang='lat' dir='ltr'><strong>ea</strong></span> <span class='ocrx_word' id='word_1_90' title='bbox 784 1343 935 1413; x_wconf 85' lang='lat' dir='ltr'><strong>(Gen.</strong></span> <span class='ocrx_word' id='word_1_91' title='bbox 976 1360 1038 1408; x_wconf 89' lang='grc' dir='ltr'>ιι,</span> <span class='ocrx_word' id='word_1_92' title='bbox 1066 1343 1175 1410; x_wconf 83' lang='grc'><strong>19).</strong></span> <span class='ocrx_word' id='word_1_93' title='bbox 1209 1342 1300 1396; x_wconf 89' lang='lat' dir='ltr'><strong>Sic</strong></span> <span class='ocrx_word' id='word_1_94' title='bbox 1335 1340 1516 1395; x_wconf 87' lang='lat' dir='ltr'><strong>divino</strong></span> <span class='ocrx_word' id='word_1_95' title='bbox 1545 1346 1674 1391; x_wconf 87' lang='lat' dir='ltr'><strong>nutu</strong></span> 
     </span>
    </p>
   </div>
   <div class='ocr_carea' id='block_1_14' title="bbox 101 1428 1677 1505">
    <p class='ocr_par' dir='ltr' id='par_1_14' title="bbox 101 1428 1677 1505">
     <span class='ocr_line' id='line_1_14' title="bbox 101 1428 1677 1505; baseline -0.008 -12"><span class='ocrx_word' id='word_1_96' title='bbox 101 1448 297 1494; x_wconf 86' lang='lat' dir='ltr'><strong>coacta</strong></span> <span class='ocrx_word' id='word_1_97' title='bbox 328 1437 597 1501; x_wconf 82' lang='lat' dir='ltr'><strong>animalia,</strong></span> <span class='ocrx_word' id='word_1_98' title='bbox 630 1446 817 1505; x_wconf 81' lang='lat' dir='ltr'><strong>sponte</strong></span> <span class='ocrx_word' id='word_1_99' title='bbox 845 1434 1108 1505; x_wconf 65' lang='lat' dir='ltr'><strong>praefinito</strong></span> <span class='ocrx_word' id='word_1_100' title='bbox 1146 1446 1366 1486; x_wconf 91' lang='lat' dir='ltr'><strong>numero</strong></span> <span class='ocrx_word' id='word_1_101' title='bbox 1394 1428 1677 1483; x_wconf 82' lang='lat' dir='ltr'><strong>veniebant</strong></span> 
     </span>
    </p>
   </div>
   <div class='ocr_carea' id='block_1_15' title="bbox 103 1516 849 1589">
    <p class='ocr_par' dir='ltr' id='par_1_15' title="bbox 103 1516 849 1589">
     <span class='ocr_line' id='line_1_15' title="bbox 103 1516 849 1589; baseline -0.004 -4"><span class='ocrx_word' id='word_1_102' title='bbox 103 1530 176 1589; x_wconf 87' lang='lat' dir='ltr'><strong>ad</strong></span> <span class='ocrx_word' id='word_1_103' title='bbox 202 1544 407 1583; x_wconf 88' lang='lat' dir='ltr'><strong>arcam.</strong></span> <span class='ocrx_word' id='word_1_104' title='bbox 740 1570 741 1573; x_wconf 56' lang='grc' dir='ltr'><strong>η</strong></span> <span class='ocrx_word' id='word_1_105' title='bbox 846 1516 849 1519; x_wconf 15' lang='grc' dir='ltr'>Ἴ</span> 
     </span>
    </p>
   </div>
   <div class='ocr_carea' id='block_1_16' title="bbox 180 1613 1679 1689">
    <p class='ocr_par' dir='ltr' id='par_1_16' title="bbox 180 1613 1679 1689">
     <span class='ocr_line' id='line_1_16' title="bbox 180 1613 1679 1689; baseline -0.006 -13"><span class='ocrx_word' id='word_1_106' title='bbox 180 1623 347 1677; x_wconf 81' lang='lat' dir='ltr'><strong>Inter.</strong></span> <span class='ocrx_word' id='word_1_107' title='bbox 371 1620 490 1675; x_wconf 83' lang='lat'><strong>115.</strong></span> <span class='ocrx_word' id='word_1_108' title='bbox 516 1620 651 1686; x_wconf 86' lang='lat' dir='ltr'><strong>Quid</strong></span> <span class='ocrx_word' id='word_1_109' title='bbox 677 1622 742 1675; x_wconf 90' lang='lat' dir='ltr'><strong>de</strong></span> <span class='ocrx_word' id='word_1_110' title='bbox 763 1619 997 1689; x_wconf 85' lang='lat' dir='ltr'><strong>piscibus</strong></span> <span class='ocrx_word' id='word_1_111' title='bbox 1014 1616 1100 1673; x_wconf 87' lang='lat' dir='ltr'><strong>vel</strong></span> <span class='ocrx_word' id='word_1_112' title='bbox 1125 1613 1516 1686; x_wconf 75' lang='lat' dir='ltr'><strong>alitibus.[Hs.,</strong></span> <span class='ocrx_word' id='word_1_113' title='bbox 1534 1613 1679 1668; x_wconf 85' lang='lat' dir='ltr'><strong>vola-</strong></span> 
     </span>
    </p>
   </div>
   <div class='ocr_carea' id='block_1_17' title="bbox 106 1707 1677 1782">
    <p class='ocr_par' dir='ltr' id='par_1_17' title="bbox 106 1707 1677 1782">
     <span class='ocr_line' id='line_1_17' title="bbox 106 1707 1677 1782; baseline -0.003 -18"><span class='ocrx_word' id='word_1_114' title='bbox 106 1710 270 1782; x_wconf 78' lang='lat' dir='ltr'><strong>tilia],</strong></span> <span class='ocrx_word' id='word_1_115' title='bbox 307 1726 427 1780; x_wconf 65' lang='lat' dir='ltr'><strong>qua:</strong></span> <span class='ocrx_word' id='word_1_116' title='bbox 453 1711 509 1763; x_wconf 91' lang='lat' dir='ltr'><strong>in</strong></span> <span class='ocrx_word' id='word_1_117' title='bbox 537 1710 692 1777; x_wconf 83' lang='lat' dir='ltr'><strong>aquis</strong></span> <span class='ocrx_word' id='word_1_118' title='bbox 729 1709 814 1775; x_wconf 83' lang='lat' dir='ltr'><strong>vel</strong></span> <span class='ocrx_word' id='word_1_119' title='bbox 842 1724 1003 1778; x_wconf 89' lang='lat' dir='ltr'><strong>super</strong></span> <span class='ocrx_word' id='word_1_120' title='bbox 1027 1723 1193 1777; x_wconf 85' lang='lat' dir='ltr'><strong>aquas</strong></span> <span class='ocrx_word' id='word_1_121' title='bbox 1220 1707 1400 1761; x_wconf 83' lang='lat' dir='ltr'><strong>vivere</strong></span> <span class='ocrx_word' id='word_1_122' title='bbox 1432 1711 1677 1776; x_wconf 88' lang='lat' dir='ltr'><strong>possunt,</strong></span> 
     </span>
    </p>
   </div>
   <div class='ocr_carea' id='block_1_18' title="bbox 106 1796 1681 1870">
    <p class='ocr_par' dir='ltr' id='par_1_18' title="bbox 106 1796 1681 1870">
     <span class='ocr_line' id='line_1_18' title="bbox 106 1796 1681 1870; baseline -0.001 -17"><span class='ocrx_word' id='word_1_123' title='bbox 106 1801 335 1870; x_wconf 85' lang='lat' dir='ltr'><strong>intelligi</strong></span> <span class='ocrx_word' id='word_1_124' title='bbox 378 1801 563 1862; x_wconf 84' lang='lat' dir='ltr'><strong>debet;</strong></span> <span class='ocrx_word' id='word_1_125' title='bbox 594 1800 639 1853; x_wconf 91' lang='lat' dir='ltr'><strong>si</strong></span> <span class='ocrx_word' id='word_1_126' title='bbox 673 1800 727 1853; x_wconf 91' lang='lat' dir='ltr'><strong>in</strong></span> <span class='ocrx_word' id='word_1_127' title='bbox 772 1814 898 1853; x_wconf 89' lang='lat' dir='ltr'><strong>arca</strong></span> <span class='ocrx_word' id='word_1_128' title='bbox 950 1806 1147 1862; x_wconf 88' lang='lat' dir='ltr'><strong>essent,</strong></span> <span class='ocrx_word' id='word_1_129' title='bbox 1198 1814 1266 1851; x_wconf 92' lang='lat' dir='ltr'><strong>an</strong></span> <span class='ocrx_word' id='word_1_130' title='bbox 1304 1814 1444 1862; x_wconf 88' lang='lat' dir='ltr'><strong>non;</strong></span> <span class='ocrx_word' id='word_1_131' title='bbox 1495 1796 1581 1852; x_wconf 85' lang='lat' dir='ltr'><strong>vel</strong></span> <span class='ocrx_word' id='word_1_132' title='bbox 1614 1797 1681 1852; x_wconf 91' lang='lat' dir='ltr'><strong>de</strong></span> 
     </span>
    </p>
   </div>
   <div class='ocr_carea' id='block_1_19' title="bbox 104 1890 1679 1963">
    <p class='ocr_par' dir='ltr' id='par_1_19' title="bbox 104 1890 1679 1963">
     <span class='ocr_line' id='line_1_19' title="bbox 104 1890 1679 1963; baseline -0.001 -18"><span class='ocrx_word' id='word_1_133' title='bbox 104 1892 443 1946; x_wconf 82' lang='lat' dir='ltr'><strong>sectibilibus</strong></span> <span class='ocrx_word' id='word_1_134' title='bbox 463 1892 851 1954; x_wconf 87' lang='lat' dir='ltr'><strong>minutissimis,</strong></span> <span class='ocrx_word' id='word_1_135' title='bbox 885 1891 1069 1960; x_wconf 88' lang='lat' dir='ltr'><strong>quales</strong></span> <span class='ocrx_word' id='word_1_136' title='bbox 1112 1890 1282 1963; x_wconf 91' lang='lat' dir='ltr'><strong>[sunt]</strong></span> <span class='ocrx_word' id='word_1_137' title='bbox 1309 1890 1589 1959; x_wconf 77' lang='lat' dir='ltr'><strong>sciniphes</strong></span> <span class='ocrx_word' id='word_1_138' title='bbox 1624 1899 1679 1944; x_wconf 87' lang='lat' dir='ltr'><strong>et</strong></span> 
     </span>
    </p>
   </div>
   <div class='ocr_carea' id='block_1_20' title="bbox 107 1978 1680 2051">
    <p class='ocr_par' dir='ltr' id='par_1_20' title="bbox 107 1978 1680 2051">
     <span class='ocr_line' id='line_1_20' title="bbox 107 1978 1680 2051; baseline 0.001 -18"><span class='ocrx_word' id='word_1_139' title='bbox 107 1995 311 2035; x_wconf 67' lang='lat' dir='ltr'><strong>musca:</strong></span> <span class='ocrx_word' id='word_1_140' title='bbox 355 1988 409 2033; x_wconf 92' lang='lat' dir='ltr'><strong>et</strong></span> <span class='ocrx_word' id='word_1_141' title='bbox 442 1989 635 2035; x_wconf 61' lang='lat' dir='ltr'><strong>uetera</strong></span> <span class='ocrx_word' id='word_1_142' title='bbox 679 1981 841 2035; x_wconf 84' lang='lat' dir='ltr'><strong>talia?</strong></span> <span class='ocrx_word' id='word_1_143' title='bbox 864 2010 934 2021; x_wconf 89' lang='lat'><strong>-——</strong></span> <span class='ocrx_word' id='word_1_144' title='bbox 957 1980 1110 2050; x_wconf 89' lang='lat' dir='ltr'><strong>Resp.</strong></span> <span class='ocrx_word' id='word_1_145' title='bbox 1156 1980 1305 2034; x_wconf 82' lang='lat' dir='ltr'><strong>Hanc</strong></span> <span class='ocrx_word' id='word_1_146' title='bbox 1332 1978 1504 2051; x_wconf 89' lang='lat' dir='ltr'><strong>[vero]</strong></span> <span class='ocrx_word' id='word_1_147' title='bbox 1534 1995 1680 2049; x_wconf 75' lang='lat' dir='ltr'><strong>quze~</strong></span> 
     </span>
    </p>
   </div>
   <div class='ocr_carea' id='block_1_21' title="bbox 108 2064 1675 2141">
    <p class='ocr_par' dir='ltr' id='par_1_21' title="bbox 108 2064 1675 2141">
     <span class='ocr_line' id='line_1_21' title="bbox 108 2064 1675 2141; baseline -0.002 -18"><span class='ocrx_word' id='word_1_148' title='bbox 108 2072 343 2123; x_wconf 80' lang='lat' dir='ltr'><strong>stionem</strong></span> <span class='ocrx_word' id='word_1_149' title='bbox 373 2079 589 2123; x_wconf 89' lang='lat' dir='ltr'><strong>sanctus</strong></span> <span class='ocrx_word' id='word_1_150' title='bbox 620 2064 966 2138; x_wconf 81' lang='lat' dir='ltr'><strong>Augustinus,</strong></span> <span class='ocrx_word' id='word_1_151' title='bbox 992 2069 1130 2124; x_wconf 90' lang='lat' dir='ltr'><strong>libro</strong></span> <span class='ocrx_word' id='word_1_152' title='bbox 1155 2086 1222 2122; x_wconf 76' lang='lat' dir='ltr'><strong>xv</strong></span> <span class='ocrx_word' id='word_1_153' title='bbox 1248 2068 1504 2141; x_wconf 85' lang='lat' dir='ltr'><strong>(Cap.27,</strong></span> <span class='ocrx_word' id='word_1_154' title='bbox 1529 2083 1675 2121; x_wconf 91' lang='lat' dir='ltr'><strong>num.</strong></span> 
     </span>
    </p>
   </div>
   <div class='ocr_carea' id='block_1_22' title="bbox 106 2158 1681 2226">
    <p class='ocr_par' dir='ltr' id='par_1_22' title="bbox 106 2158 1681 2226">
     <span class='ocr_line' id='line_1_22' title="bbox 106 2158 1681 2226; baseline 0 -14"><span class='ocrx_word' id='word_1_155' title='bbox 106 2160 164 2215; x_wconf 69' lang='grc'><strong>4)</strong></span> <span class='ocrx_word' id='word_1_156' title='bbox 184 2160 260 2213; x_wconf 90' lang='lat' dir='ltr'><strong>De</strong></span> <span class='ocrx_word' id='word_1_157' title='bbox 285 2158 512 2213; x_wconf 87' lang='lat' dir='ltr'><strong>Civitate</strong></span> <span class='ocrx_word' id='word_1_158' title='bbox 538 2159 653 2226; x_wconf 87' lang='lat' dir='ltr'><strong>Dei,</strong></span> <span class='ocrx_word' id='word_1_159' title='bbox 677 2159 750 2212; x_wconf 89' lang='lat' dir='ltr'><strong>ita</strong></span> <span class='ocrx_word' id='word_1_160' title='bbox 777 2159 933 2213; x_wconf 79' lang='lat' dir='ltr'><strong>solvit</strong></span> <span class='ocrx_word' id='word_1_161' title='bbox 960 2178 971 2212; x_wconf 90' lang='lat'>:</span> <span class='ocrx_word' id='word_1_162' title='bbox 1003 2178 1020 2210; x_wconf 78' lang='grc' dir='ltr'><strong>ι</strong></span> <span class='ocrx_word' id='word_1_163' title='bbox 1054 2160 1240 2226; x_wconf 77' lang='lat' dir='ltr'><strong>Quaeri</strong></span> <span class='ocrx_word' id='word_1_164' title='bbox 1258 2161 1392 2215; x_wconf 86' lang='lat' dir='ltr'><strong>solet</strong></span> <span class='ocrx_word' id='word_1_165' title='bbox 1414 2160 1479 2214; x_wconf 90' lang='lat' dir='ltr'><strong>de</strong></span> <span class='ocrx_word' id='word_1_166' title='bbox 1504 2160 1681 2214; x_wconf 86' lang='lat' dir='ltr'><strong>minu-</strong></span> 
     </span>
    </p>
   </div>
   <div class='ocr_carea' id='block_1_23' title="bbox 110 2248 1681 2323">
    <p class='ocr_par' dir='ltr' id='par_1_23' title="bbox 110 2248 1681 2323">
     <span class='ocr_line' id='line_1_23' title="bbox 110 2248 1681 2323; baseline 0.001 -22"><span class='ocrx_word' id='word_1_167' title='bbox 110 2250 343 2303; x_wconf 72' lang='lat' dir='ltr'><strong>tissimis</strong></span> <span class='ocrx_word' id='word_1_168' title='bbox 382 2248 643 2312; x_wconf 89' lang='lat' dir='ltr'><strong>bestiolis,</strong></span> <span class='ocrx_word' id='word_1_169' title='bbox 695 2263 803 2323; x_wconf 89' lang='lat' dir='ltr'><strong>non</strong></span> <span class='ocrx_word' id='word_1_170' title='bbox 843 2248 1026 2305; x_wconf 76' lang='lat' dir='ltr'><strong>solum</strong></span> <span class='ocrx_word' id='word_1_171' title='bbox 1050 2250 1235 2319; x_wconf 83' lang='lat' dir='ltr'><strong>quales</strong></span> <span class='ocrx_word' id='word_1_172' title='bbox 1260 2258 1603 2304; x_wconf 72' lang='lat' dir='ltr'><strong>sunt&#39;mures</strong></span> <span class='ocrx_word' id='word_1_173' title='bbox 1626 2256 1681 2303; x_wconf 90' lang='lat' dir='ltr'><strong>et</strong></span> 
     </span>
    </p>
   </div>
   <div class='ocr_carea' id='block_1_24' title="bbox 109 2336 1678 2406">
    <p class='ocr_par' dir='ltr' id='par_1_24' title="bbox 109 2336 1678 2406">
     <span class='ocr_line' id='line_1_24' title="bbox 109 2336 1678 2406; baseline 0.001 -16"><span class='ocrx_word' id='word_1_174' title='bbox 109 2337 408 2400; x_wconf 88' lang='lat' dir='ltr'><strong>stelliones,</strong></span> <span class='ocrx_word' id='word_1_175' title='bbox 459 2351 645 2395; x_wconf 86' lang='lat' dir='ltr'><strong>verum</strong></span> <span class='ocrx_word' id='word_1_176' title='bbox 686 2337 848 2403; x_wconf 84' lang='lat' dir='ltr'><strong>etiam</strong></span> <span class='ocrx_word' id='word_1_177' title='bbox 888 2337 1073 2406; x_wconf 87' lang='lat' dir='ltr'><strong>quales</strong></span> <span class='ocrx_word' id='word_1_178' title='bbox 1120 2336 1355 2401; x_wconf 58' lang='lat' dir='ltr'><strong>locasse,</strong></span> <span class='ocrx_word' id='word_1_179' title='bbox 1403 2336 1678 2399; x_wconf 78' lang='lat' dir='ltr'><strong>scarabaei,</strong></span> 
     </span>
    </p>
   </div>
   <div class='ocr_carea' id='block_1_25' title="bbox 113 2427 1681 2496">
    <p class='ocr_par' dir='ltr' id='par_1_25' title="bbox 113 2427 1681 2496">
     <span class='ocr_line' id='line_1_25' title="bbox 113 2427 1681 2496; baseline 0 -17"><span class='ocrx_word' id='word_1_180' title='bbox 113 2441 318 2487; x_wconf 57' lang='lat' dir='ltr'><strong>muscae</strong></span> <span class='ocrx_word' id='word_1_181' title='bbox 347 2427 577 2495; x_wconf 87' lang='lat' dir='ltr'><strong>denique</strong></span> <span class='ocrx_word' id='word_1_182' title='bbox 604 2434 661 2480; x_wconf 90' lang='lat' dir='ltr'><strong>et</strong></span> <span class='ocrx_word' id='word_1_183' title='bbox 692 2427 913 2496; x_wconf 90' lang='lat' dir='ltr'><strong>puliccs,</strong></span> <span class='ocrx_word' id='word_1_184' title='bbox 948 2434 1127 2481; x_wconf 90' lang='lat' dir='ltr'><strong>utrum</strong></span> <span class='ocrx_word' id='word_1_185' title='bbox 1164 2442 1270 2481; x_wconf 91' lang='lat' dir='ltr'><strong>non</strong></span> <span class='ocrx_word' id='word_1_186' title='bbox 1310 2427 1555 2495; x_wconf 89' lang='lat' dir='ltr'><strong>ampliori</strong></span> <span class='ocrx_word' id='word_1_187' title='bbox 1584 2442 1681 2479; x_wconf 90' lang='lat' dir='ltr'><strong>nu-</strong></span> 
     </span>
    </p>
   </div>
   <div class='ocr_carea' id='block_1_26' title="bbox 110 2514 1679 2586">
    <p class='ocr_par' dir='ltr' id='par_1_26' title="bbox 110 2514 1679 2586">
     <span class='ocr_line' id='line_1_26' title="bbox 110 2514 1679 2586; baseline -0.001 -16"><span class='ocrx_word' id='word_1_188' title='bbox 110 2530 266 2579; x_wconf 81' lang='lat' dir='ltr'><strong>mero</strong></span> <span class='ocrx_word' id='word_1_189' title='bbox 292 2516 344 2569; x_wconf 92' lang='lat' dir='ltr'><strong>in</strong></span> <span class='ocrx_word' id='word_1_190' title='bbox 370 2531 494 2572; x_wconf 89' lang='lat' dir='ltr'><strong>arca</strong></span> <span class='ocrx_word' id='word_1_191' title='bbox 518 2516 603 2570; x_wconf 88' lang='lat' dir='ltr'><strong>illa</strong></span> <span class='ocrx_word' id='word_1_192' title='bbox 628 2514 844 2582; x_wconf 84' lang='lat' dir='ltr'><strong>fuerint,</strong></span> <span class='ocrx_word' id='word_1_193' title='bbox 872 2532 1030 2586; x_wconf 91' lang='lat' dir='ltr'><strong>quam</strong></span> <span class='ocrx_word' id='word_1_194' title='bbox 1058 2518 1149 2586; x_wconf 90' lang='lat' dir='ltr'><strong>qui</strong></span> <span class='ocrx_word' id='word_1_195' title='bbox 1178 2526 1259 2571; x_wconf 89' lang='lat' dir='ltr'><strong>est</strong></span> <span class='ocrx_word' id='word_1_196' title='bbox 1287 2517 1533 2571; x_wconf 84' lang='lat' dir='ltr'><strong>deﬁnitus</strong></span> <span class='ocrx_word' id='word_1_197' title='bbox 1558 2532 1679 2570; x_wconf 90' lang='lat' dir='ltr'><strong>cum</strong></span> 
     </span>
    </p>
   </div>
   <div class='ocr_carea' id='block_1_27' title="bbox 112 2607 1682 2678">
    <p class='ocr_par' dir='ltr' id='par_1_27' title="bbox 112 2607 1682 2678">
     <span class='ocr_line' id='line_1_27' title="bbox 112 2607 1682 2678; baseline -0.002 -15"><span class='ocrx_word' id='word_1_198' title='bbox 112 2609 222 2663; x_wconf 84' lang='lat' dir='ltr'><strong>hoc</strong></span> <span class='ocrx_word' id='word_1_199' title='bbox 250 2609 540 2678; x_wconf 90' lang='lat' dir='ltr'><strong>imperaret</strong></span> <span class='ocrx_word' id='word_1_200' title='bbox 564 2608 722 2662; x_wconf 89' lang='lat' dir='ltr'><strong>Deus.</strong></span> <span class='ocrx_word' id='word_1_201' title='bbox 750 2607 905 2663; x_wconf 88' lang='lat' dir='ltr'><strong>Prius</strong></span> <span class='ocrx_word' id='word_1_202' title='bbox 924 2608 1241 2663; x_wconf 90' lang='lat' dir='ltr'><strong>admonendi</strong></span> <span class='ocrx_word' id='word_1_203' title='bbox 1268 2616 1394 2661; x_wconf 89' lang='lat' dir='ltr'><strong>sunt</strong></span> <span class='ocrx_word' id='word_1_204' title='bbox 1414 2622 1547 2676; x_wconf 85' lang='lat' dir='ltr'><strong>quos</strong></span> <span class='ocrx_word' id='word_1_205' title='bbox 1569 2607 1682 2661; x_wconf 69' lang='lat' dir='ltr'><strong>hmc</strong></span> 
     </span>
    </p>
   </div>
   <div class='ocr_carea' id='block_1_28' title="bbox 112 2696 1683 2768">
    <p class='ocr_par' dir='ltr' id='par_1_28' title="bbox 112 2696 1683 2768">
     <span class='ocr_line' id='line_1_28' title="bbox 112 2696 1683 2768; baseline -0.001 -15"><span class='ocrx_word' id='word_1_206' title='bbox 112 2708 353 2758; x_wconf 88' lang='lat' dir='ltr'><strong>movent.</strong></span> <span class='ocrx_word' id='word_1_207' title='bbox 408 2699 485 2752; x_wconf 87' lang='lat' dir='ltr'><strong>sic</strong></span> <span class='ocrx_word' id='word_1_208' title='bbox 534 2698 899 2767; x_wconf 86' lang='lat' dir='ltr'><strong>accipiendum</strong></span> <span class='ocrx_word' id='word_1_209' title='bbox 946 2699 1088 2768; x_wconf 90' lang='lat' dir='ltr'><strong>quod</strong></span> <span class='ocrx_word' id='word_1_210' title='bbox 1118 2698 1320 2753; x_wconf 88' lang='lat' dir='ltr'><strong>dictum</strong></span> <span class='ocrx_word' id='word_1_211' title='bbox 1368 2708 1451 2752; x_wconf 90' lang='lat' dir='ltr'><strong>est</strong></span> <span class='ocrx_word' id='word_1_212' title='bbox 1494 2713 1507 2750; x_wconf 91' lang='lat'><strong>:</strong></span> <span class='ocrx_word' id='word_1_213' title='bbox 1552 2696 1683 2761; x_wconf 65' lang='lat' dir='ltr'><strong>Quae</strong></span> 
     </span>
    </p>
   </div>
   <div class='ocr_carea' id='block_1_29' title="bbox 113 2786 1685 2859">
    <p class='ocr_par' dir='ltr' id='par_1_29' title="bbox 113 2786 1685 2859">
     <span class='ocr_line' id='line_1_29' title="bbox 113 2786 1685 2859; baseline -0.001 -18"><span class='ocrx_word' id='word_1_214' title='bbox 113 2798 321 2857; x_wconf 75' lang='lat' dir='ltr'><strong>reptant</strong></span> <span class='ocrx_word' id='word_1_215' title='bbox 349 2788 499 2859; x_wconf 60' lang='grc' dir='ltr'><strong>μὴ..</strong></span> <span class='ocrx_word' id='word_1_216' title='bbox 532 2788 745 2859; x_wconf 91' lang='lat' dir='ltr'><strong>repunt]</strong></span> <span class='ocrx_word' id='word_1_217' title='bbox 786 2805 940 2857; x_wconf 84' lang='lat' dir='ltr'><strong>super</strong></span> <span class='ocrx_word' id='word_1_218' title='bbox 976 2798 1166 2841; x_wconf 86' lang='lat' dir='ltr'><strong>terram</strong></span> <span class='ocrx_word' id='word_1_219' title='bbox 1192 2788 1345 2855; x_wconf 77' lang='lat' dir='ltr'><strong>(Gen.</strong></span> <span class='ocrx_word' id='word_1_220' title='bbox 1376 2804 1448 2848; x_wconf 84' lang='lat' dir='ltr'><strong>vr,</strong></span> <span class='ocrx_word' id='word_1_221' title='bbox 1476 2786 1595 2855; x_wconf 90' lang='lat'><strong>20);</strong></span> <span class='ocrx_word' id='word_1_222' title='bbox 1624 2795 1685 2840; x_wconf 92' lang='lat' dir='ltr'><strong>ut</strong></span> 
     </span>
    </p>
   </div>
   <div class='ocr_carea' id='block_1_30' title="bbox 112 2875 1685 2953">
    <p class='ocr_par' dir='ltr' id='par_1_30' title="bbox 112 2875 1685 2953">
     <span class='ocr_line' id='line_1_30' title="bbox 112 2875 1685 2953; baseline 0 -24"><span class='ocrx_word' id='word_1_223' title='bbox 112 2890 338 2953; x_wconf 81' lang='lat' dir='ltr'><strong>necesse</strong></span> <span class='ocrx_word' id='word_1_224' title='bbox 382 2892 486 2930; x_wconf 93' lang='lat' dir='ltr'><strong>non</strong></span> <span class='ocrx_word' id='word_1_225' title='bbox 522 2875 681 2930; x_wconf 81' lang='lat' dir='ltr'><strong>fuerit</strong></span> <span class='ocrx_word' id='word_1_226' title='bbox 717 2876 1019 2930; x_wconf 87' lang='lat' dir='ltr'><strong>conservari</strong></span> <span class='ocrx_word' id='word_1_227' title='bbox 1058 2877 1111 2929; x_wconf 88' lang='lat' dir='ltr'><strong>in</strong></span> <span class='ocrx_word' id='word_1_228' title='bbox 1140 2892 1282 2937; x_wconf 89' lang='lat' dir='ltr'><strong>arca,</strong></span> <span class='ocrx_word' id='word_1_229' title='bbox 1314 2891 1432 2944; x_wconf 67' lang='lat' dir='ltr'><strong>qua:</strong></span> <span class='ocrx_word' id='word_1_230' title='bbox 1464 2885 1685 2943; x_wconf 87' lang='lat' dir='ltr'><strong>possunt</strong></span> 
     </span>
    </p>
   </div>
   <div class='ocr_carea' id='block_1_31' title="bbox 114 2964 1680 3037">
    <p class='ocr_par' dir='ltr' id='par_1_31' title="bbox 114 2964 1680 3037">
     <span class='ocr_line' id='line_1_31' title="bbox 114 2964 1680 3037; baseline 0.001 -20"><span class='ocrx_word' id='word_1_231' title='bbox 114 2966 171 3018; x_wconf 92' lang='lat' dir='ltr'><strong>in</strong></span> <span class='ocrx_word' id='word_1_232' title='bbox 198 2965 353 3032; x_wconf 83' lang='lat' dir='ltr'><strong>aquis</strong></span> <span class='ocrx_word' id='word_1_233' title='bbox 374 2966 571 3029; x_wconf 78' lang='lat' dir='ltr'><strong>vivere,</strong></span> <span class='ocrx_word' id='word_1_234' title='bbox 602 2981 709 3021; x_wconf 90' lang='lat' dir='ltr'><strong>non</strong></span> <span class='ocrx_word' id='word_1_235' title='bbox 732 2964 894 3037; x_wconf 70' lang='grc'><strong>314</strong></span> <span class='ocrx_word' id='word_1_236' title='bbox 910 2965 1079 3019; x_wconf 89' lang='lat' dir='ltr'><strong>solum</strong></span> <span class='ocrx_word' id='word_1_237' title='bbox 1103 2980 1297 3029; x_wconf 87' lang='lat' dir='ltr'><strong>mersa,</strong></span> <span class='ocrx_word' id='word_1_238' title='bbox 1326 2966 1466 3023; x_wconf 83' lang='lat' dir='ltr'><strong>sicut</strong></span> <span class='ocrx_word' id='word_1_239' title='bbox 1484 2965 1680 3035; x_wconf 81' lang='lat' dir='ltr'><strong>pisces,</strong></span> 
     </span>
    </p>
   </div>
   <div class='ocr_carea' id='block_1_32' title="bbox 112 3055 1684 3127">
    <p class='ocr_par' dir='ltr' id='par_1_32' title="bbox 112 3055 1684 3127">
     <span class='ocr_line' id='line_1_32' title="bbox 112 3055 1684 3127; baseline 0.002 -21"><span class='ocrx_word' id='word_1_240' title='bbox 112 3070 303 3108; x_wconf 88' lang='lat' dir='ltr'><strong>verum</strong></span> <span class='ocrx_word' id='word_1_241' title='bbox 328 3055 487 3108; x_wconf 89' lang='lat' dir='ltr'><strong>etiam</strong></span> <span class='ocrx_word' id='word_1_242' title='bbox 510 3057 908 3127; x_wconf 88' lang='lat' dir='ltr'><strong>supernatantia</strong></span> <span class='ocrx_word' id='word_1_243' title='bbox 934 3058 1071 3110; x_wconf 83' lang='lat' dir='ltr'><strong>sicut</strong></span> <span class='ocrx_word' id='word_1_244' title='bbox 1089 3055 1267 3111; x_wconf 77' lang='lat' dir='ltr'><strong>multa:</strong></span> <span class='ocrx_word' id='word_1_245' title='bbox 1284 3055 1684 3117; x_wconf 77' lang='lat' dir='ltr'><strong>alites.jDeinde</strong></span> 
     </span>
    </p>
   </div>
   <div class='ocr_carea' id='block_1_33' title="bbox 112 3144 1683 3219">
    <p class='ocr_par' dir='ltr' id='par_1_33' title="bbox 112 3144 1683 3219">
     <span class='ocr_line' id='line_1_33' title="bbox 112 3144 1683 3219; baseline 0.001 -19"><span class='ocrx_word' id='word_1_246' title='bbox 112 3161 239 3200; x_wconf 80' lang='lat' dir='ltr'><strong>cum</strong></span> <span class='ocrx_word' id='word_1_247' title='bbox 268 3144 483 3209; x_wconf 85' lang='lat' dir='ltr'><strong>dicitur,</strong></span> <span class='ocrx_word' id='word_1_248' title='bbox 513 3145 777 3201; x_wconf 78' lang='lat' dir='ltr'><strong>Masculus</strong></span> <span class='ocrx_word' id='word_1_249' title='bbox 804 3155 850 3199; x_wconf 87' lang='lat' dir='ltr'><strong>et</strong></span> <span class='ocrx_word' id='word_1_250' title='bbox 874 3148 1067 3214; x_wconf 69' lang='lat' dir='ltr'><strong>femina</strong></span> <span class='ocrx_word' id='word_1_251' title='bbox 1080 3146 1311 3219; x_wconf 63' lang='lat' dir='ltr'><strong>lerunt],</strong></span> <span class='ocrx_word' id='word_1_252' title='bbox 1338 3147 1576 3216; x_wconf 78' lang='lat' dir='ltr'><strong>profecto</strong></span> <span class='ocrx_word' id='word_1_253' title='bbox 1602 3149 1683 3202; x_wconf 85' lang='lat' dir='ltr'><strong>in-</strong></span> 
     </span>
    </p>
   </div>
   <div class='ocr_carea' id='block_1_34' title="bbox 117 3236 1697 3309">
    <p class='ocr_par' dir='ltr' id='par_1_34' title="bbox 117 3236 1697 3309">
     <span class='ocr_line' id='line_1_34' title="bbox 117 3236 1697 3309; baseline 0.003 -21"><span class='ocrx_word' id='word_1_254' title='bbox 117 3236 377 3305; x_wconf 76' lang='lat' dir='ltr'><strong>telligitur</strong></span> <span class='ocrx_word' id='word_1_255' title='bbox 416 3237 483 3289; x_wconf 89' lang='lat' dir='ltr'><strong>ad</strong></span> <span class='ocrx_word' id='word_1_256' title='bbox 524 3237 877 3305; x_wconf 83' lang='lat' dir='ltr'><strong>reparandum</strong></span> <span class='ocrx_word' id='word_1_257' title='bbox 904 3236 1160 3309; x_wconf 78' lang='lat' dir='ltr'><strong>[sexum].</strong></span> <span class='ocrx_word' id='word_1_258' title='bbox 1184 3237 1316 3304; x_wconf 86' lang='lat' dir='ltr'><strong>Quis</strong></span> <span class='ocrx_word' id='word_1_259' title='bbox 1358 3254 1464 3292; x_wconf 92' lang='lat' dir='ltr'><strong>non</strong></span> <span class='ocrx_word' id='word_1_260' title='bbox 1503 3240 1697 3308; x_wconf 73' lang='lat' dir='ltr'><strong>videat,</strong></span> 
     </span>
    </p>
   </div>
   <div class='ocr_carea' id='block_1_35' title="bbox 118 3324 1686 3401">
    <p class='ocr_par' dir='ltr' id='par_1_35' title="bbox 118 3324 1686 3401">
     <span class='ocr_line' id='line_1_35' title="bbox 118 3324 1686 3401; baseline 0.006 -24"><span class='ocrx_word' id='word_1_261' title='bbox 118 3338 380 3396; x_wconf 86' lang='lat' dir='ltr'><strong>quantum</strong></span> <span class='ocrx_word' id='word_1_262' title='bbox 418 3324 506 3397; x_wconf 89' lang='lat' dir='ltr'><strong>[ad</strong></span> <span class='ocrx_word' id='word_1_263' title='bbox 533 3342 700 3397; x_wconf 87' lang='lat' dir='ltr'><strong>genus</strong></span> <span class='ocrx_word' id='word_1_264' title='bbox 738 3325 931 3395; x_wconf 84' lang='lat' dir='ltr'><strong>(Edit.,</strong></span> <span class='ocrx_word' id='word_1_265' title='bbox 958 3338 1216 3398; x_wconf 90' lang='lat' dir='ltr'><strong>quantum</strong></span> <span class='ocrx_word' id='word_1_266' title='bbox 1244 3345 1410 3400; x_wconf 84' lang='lat' dir='ltr'><strong>genus</strong></span> <span class='ocrx_word' id='word_1_267' title='bbox 1437 3332 1542 3386; x_wconf 90' lang='lat' dir='ltr'><strong>dici</strong></span> <span class='ocrx_word' id='word_1_268' title='bbox 1588 3347 1686 3401; x_wconf 88' lang='lat' dir='ltr'><strong>per</strong></span> 
     </span>
    </p>
   </div>
   <div class='ocr_carea' id='block_1_36' title="bbox 117 3402 1700 3494">
    <p class='ocr_par' dir='ltr' id='par_1_36' title="bbox 117 3402 1700 3494">
     <span class='ocr_line' id='line_1_36' title="bbox 117 3402 1700 3494; baseline 0.003 -22"><span class='ocrx_word' id='word_1_269' title='bbox 117 3420 222 3478; x_wconf 90' lang='lat' dir='ltr'><strong>hoc</strong></span> <span class='ocrx_word' id='word_1_270' title='bbox 265 3426 459 3488; x_wconf 86' lang='lat' dir='ltr'><strong>potest.</strong></span> <span class='ocrx_word' id='word_1_271' title='bbox 498 3402 632 3492; x_wconf 68' lang='lat' dir='ltr'><strong>Nec)</strong></span> <span class='ocrx_word' id='word_1_272' title='bbox 681 3420 875 3475; x_wconf 91' lang='lat' dir='ltr'><strong>dicitur</strong></span> <span class='ocrx_word' id='word_1_273' title='bbox 918 3422 1187 3490; x_wconf 90' lang='lat' dir='ltr'><strong>pertinere</strong></span> <span class='ocrx_word' id='word_1_274' title='bbox 1240 3421 1411 3494; x_wconf 80' lang='lat' dir='ltr'><strong>(Apud</strong></span> <span class='ocrx_word' id='word_1_275' title='bbox 1455 3422 1513 3477; x_wconf 90' lang='lat' dir='ltr'><strong>S.</strong></span> <span class='ocrx_word' id='word_1_276' title='bbox 1547 3425 1700 3494; x_wconf 53' lang='lat' dir='ltr'><strong>Aug.</strong></span> 
     </span>
    </p>
   </div>
   <div class='ocr_carea' id='block_1_37' title="bbox 118 3511 1699 3591">
    <p class='ocr_par' dir='ltr' id='par_1_37' title="bbox 118 3511 1699 3591">
     <span class='ocr_line' id='line_1_37' title="bbox 118 3511 1699 3591; baseline 0.003 -24"><span class='ocrx_word' id='word_1_277' title='bbox 118 3511 159 3567; x_wconf 85' lang='grc' dir='ltr'><strong>ι.</strong></span> <span class='ocrx_word' id='word_1_278' title='bbox 184 3512 273 3563; x_wconf 83' lang='lat' dir='ltr'><strong>cit.</strong></span> <span class='ocrx_word' id='word_1_279' title='bbox 294 3527 312 3564; x_wconf 90' lang='lat'><strong><em>:</em></strong></span> <span class='ocrx_word' id='word_1_280' title='bbox 338 3512 405 3565; x_wconf 91' lang='lat' dir='ltr'><strong>ad</strong></span> <span class='ocrx_word' id='word_1_281' title='bbox 436 3513 798 3591; x_wconf 68' lang='lat' dir='ltr'><strong>reparandum</strong></span> <span class='ocrx_word' id='word_1_282' title='bbox 838 3528 1006 3582; x_wconf 86' lang='lat' dir='ltr'><strong>genus</strong></span> <span class='ocrx_word' id='word_1_283' title='bbox 1048 3514 1173 3577; x_wconf 91' lang='lat' dir='ltr'><strong>diei,</strong></span> <span class='ocrx_word' id='word_1_284' title='bbox 1202 3529 1265 3567; x_wconf 90' lang='lat' dir='ltr'><strong>ac</strong></span> <span class='ocrx_word' id='word_1_285' title='bbox 1300 3530 1396 3585; x_wconf 89' lang='lat' dir='ltr'><strong>per</strong></span> <span class='ocrx_word' id='word_1_286' title='bbox 1440 3515 1595 3586; x_wconf 90' lang='lat' dir='ltr'><strong>hoc);</strong></span> <span class='ocrx_word' id='word_1_287' title='bbox 1623 3532 1699 3573; x_wconf 24' lang='lat' dir='ltr'><strong>ac.</strong></span> 
     </span>
    </p>
   </div>
   <div class='ocr_carea' id='block_1_38' title="bbox 118 3598 1685 3673">
    <p class='ocr_par' dir='ltr' id='par_1_38' title="bbox 118 3598 1685 3673">
     <span class='ocr_line' id='line_1_38' title="bbox 118 3598 1685 3673; baseline 0.004 -20"><span class='ocrx_word' id='word_1_288' title='bbox 118 3614 219 3668; x_wconf 89' lang='lat' dir='ltr'><strong>per</strong></span> <span class='ocrx_word' id='word_1_289' title='bbox 246 3600 349 3654; x_wconf 91' lang='lat' dir='ltr'><strong>hoc</strong></span> <span class='ocrx_word' id='word_1_290' title='bbox 391 3598 509 3670; x_wconf 89' lang='lat' dir='ltr'><strong>nec]</strong></span> <span class='ocrx_word' id='word_1_291' title='bbox 551 3600 639 3653; x_wconf 90' lang='lat' dir='ltr'><strong>illa</strong></span> <span class='ocrx_word' id='word_1_292' title='bbox 674 3615 893 3655; x_wconf 89' lang='lat' dir='ltr'><strong>necesse</strong></span> <span class='ocrx_word' id='word_1_293' title='bbox 921 3600 1093 3656; x_wconf 83' lang='lat' dir='ltr'><strong>iuerat</strong></span> <span class='ocrx_word' id='word_1_294' title='bbox 1130 3604 1205 3659; x_wconf 91' lang='lat' dir='ltr'><strong>ibi</strong></span> <span class='ocrx_word' id='word_1_295' title='bbox 1229 3619 1377 3668; x_wconf 74' lang='lat' dir='ltr'><strong>esse,</strong></span> <span class='ocrx_word' id='word_1_296' title='bbox 1401 3620 1518 3673; x_wconf 67' lang='lat' dir='ltr'><strong>quae</strong></span> <span class='ocrx_word' id='word_1_297' title='bbox 1558 3620 1685 3673; x_wconf 84' lang='lat' dir='ltr'><strong>pos-</strong></span> 
     </span>
    </p>
   </div>
   <div class='ocr_carea' id='block_1_39' title="bbox 1764 709 2509 781">
    <p class='ocr_par' dir='ltr' id='par_1_39' title="bbox 1764 709 2509 781">
     <span class='ocr_line' id='line_1_39' title="bbox 1764 709 2509 781; baseline -0.001 -17"><span class='ocrx_word' id='word_1_298' title='bbox 1764 711 1905 779; x_wconf 92' lang='lat' dir='ltr'><strong>quod</strong></span> <span class='ocrx_word' id='word_1_299' title='bbox 1932 711 2099 781; x_wconf 83' lang='lat' dir='ltr'><strong>magis</strong></span> <span class='ocrx_word' id='word_1_300' title='bbox 2125 709 2377 765; x_wconf 87' lang='lat' dir='ltr'><strong>credibile</strong></span> <span class='ocrx_word' id='word_1_301' title='bbox 2405 720 2509 765; x_wconf 90' lang='lat' dir='ltr'><strong>est.</strong></span> 
     </span>
    </p>
   </div>
   <div class='ocr_carea' id='block_1_40' title="bbox 1798 796 3318 871">
    <p class='ocr_par' dir='ltr' id='par_1_40' title="bbox 1798 796 3318 871">
     <span class='ocr_line' id='line_1_40' title="bbox 1798 796 3318 871; baseline 0.001 -19"><span class='ocrx_word' id='word_1_302' title='bbox 1798 862 1808 871; x_wconf 39' lang='grc'><em>,</em></span> <span class='ocrx_word' id='word_1_303' title='bbox 1835 797 2000 853; x_wconf 88' lang='lat' dir='ltr'><strong>Inter.</strong></span> <span class='ocrx_word' id='word_1_304' title='bbox 2030 798 2149 855; x_wconf 86' lang='lat'><strong>118.</strong></span> <span class='ocrx_word' id='word_1_305' title='bbox 2179 797 2255 853; x_wconf 90' lang='lat' dir='ltr'><strong>De</strong></span> <span class='ocrx_word' id='word_1_306' title='bbox 2278 798 2470 867; x_wconf 87' lang='lat' dir='ltr'><strong>quibus</strong></span> <span class='ocrx_word' id='word_1_307' title='bbox 2496 800 2853 853; x_wconf 85' lang='lat' dir='ltr'><strong>animantibus</strong></span> <span class='ocrx_word' id='word_1_308' title='bbox 2880 800 3074 854; x_wconf 85' lang='lat' dir='ltr'><strong>dictum</strong></span> <span class='ocrx_word' id='word_1_309' title='bbox 3100 806 3181 854; x_wconf 89' lang='lat' dir='ltr'><strong>est</strong></span> <span class='ocrx_word' id='word_1_310' title='bbox 3209 814 3225 853; x_wconf 89' lang='lat'><strong>:</strong></span> <span class='ocrx_word' id='word_1_311' title='bbox 3250 796 3318 854; x_wconf 88' lang='lat' dir='ltr'><strong>In</strong></span> 
     </span>
    </p>
   </div>
   <div class='ocr_carea' id='block_1_41' title="bbox 1765 886 3317 960">
    <p class='ocr_par' dir='ltr' id='par_1_41' title="bbox 1765 886 3317 960">
     <span class='ocr_line' id='line_1_41' title="bbox 1765 886 3317 960; baseline 0.001 -20"><span class='ocrx_word' id='word_1_312' title='bbox 1765 886 1950 955; x_wconf 79' lang='lat' dir='ltr'><strong>quibus</strong></span> <span class='ocrx_word' id='word_1_313' title='bbox 1993 896 2103 941; x_wconf 85' lang='lat' dir='ltr'><strong>erat</strong></span> <span class='ocrx_word' id='word_1_314' title='bbox 2150 887 2359 957; x_wconf 81' lang='lat' dir='ltr'><strong>spiritus</strong></span> <span class='ocrx_word' id='word_1_315' title='bbox 2402 889 2517 941; x_wconf 66' lang='lat' dir='ltr'><strong>vita</strong></span> <span class='ocrx_word' id='word_1_316' title='bbox 2552 887 2713 960; x_wconf 32' lang='lat' dir='ltr'><strong>[(vers.</strong></span> <span class='ocrx_word' id='word_1_317' title='bbox 2763 888 2969 957; x_wconf 84' lang='lat'><strong>15)?——</strong></span> <span class='ocrx_word' id='word_1_318' title='bbox 2998 886 3149 957; x_wconf 85' lang='lat' dir='ltr'><strong>Resp.</strong></span> <span class='ocrx_word' id='word_1_319' title='bbox 3202 887 3317 942; x_wconf 81' lang='lat' dir='ltr'><strong>Non</strong></span> 
     </span>
    </p>
   </div>
   <div class='ocr_carea' id='block_1_42' title="bbox 1768 976 3315 1042">
    <p class='ocr_par' dir='ltr' id='par_1_42' title="bbox 1768 976 3315 1042">
     <span class='ocr_line' id='line_1_42' title="bbox 1768 976 3315 1042; baseline 0.001 -11"><span class='ocrx_word' id='word_1_320' title='bbox 1768 976 1943 1031; x_wconf 86' lang='lat' dir='ltr'><strong>solum</strong></span> <span class='ocrx_word' id='word_1_321' title='bbox 1966 976 2044 1031; x_wconf 87' lang='lat' dir='ltr'><strong>de</strong></span> <span class='ocrx_word' id='word_1_322' title='bbox 2068 976 2393 1041; x_wconf 89' lang='lat' dir='ltr'><strong>hominibus,</strong></span> <span class='ocrx_word' id='word_1_323' title='bbox 2426 976 2519 1032; x_wconf 87' lang='lat' dir='ltr'><strong>sed</strong></span> <span class='ocrx_word' id='word_1_324' title='bbox 2544 978 2704 1032; x_wconf 90' lang='lat' dir='ltr'><strong>etiam</strong></span> <span class='ocrx_word' id='word_1_325' title='bbox 2735 977 2800 1032; x_wconf 91' lang='lat' dir='ltr'><strong>de</strong></span> <span class='ocrx_word' id='word_1_326' title='bbox 2818 977 3026 1032; x_wconf 60' lang='lat' dir='ltr'><strong>caeteris</strong></span> <span class='ocrx_word' id='word_1_327' title='bbox 3053 978 3315 1042; x_wconf 90' lang='lat' dir='ltr'><strong>omnibus,</strong></span> 
     </span>
    </p>
   </div>
   <div class='ocr_carea' id='block_1_43' title="bbox 1768 1066 2543 1135">
    <p class='ocr_par' dir='ltr' id='par_1_43' title="bbox 1768 1066 2543 1135">
     <span class='ocr_line' id='line_1_43' title="bbox 1768 1066 2543 1135; baseline -0.003 -14"><span class='ocrx_word' id='word_1_328' title='bbox 1768 1081 1888 1135; x_wconf 67' lang='lat' dir='ltr'><strong>quae</strong></span> <span class='ocrx_word' id='word_1_329' title='bbox 1912 1066 2058 1120; x_wconf 87' lang='lat' dir='ltr'><strong>vitali</strong></span> <span class='ocrx_word' id='word_1_330' title='bbox 2080 1080 2209 1119; x_wconf 88' lang='lat' dir='ltr'><strong>aura</strong></span> <span class='ocrx_word' id='word_1_331' title='bbox 2238 1074 2543 1121; x_wconf 86' lang='lat' dir='ltr'><strong>vescuntur.</strong></span> 
     </span>
    </p>
   </div>
   <div class='ocr_carea' id='block_1_44' title="bbox 1840 1150 3322 1227">
    <p class='ocr_par' dir='ltr' id='par_1_44' title="bbox 1840 1150 3322 1227">
     <span class='ocr_line' id='line_1_44' title="bbox 1840 1150 3322 1227; baseline 0.001 -19"><span class='ocrx_word' id='word_1_332' title='bbox 1840 1154 2003 1209; x_wconf 85' lang='lat' dir='ltr'><strong>Inter.</strong></span> <span class='ocrx_word' id='word_1_333' title='bbox 2030 1154 2150 1209; x_wconf 88' lang='lat'><strong>119.</strong></span> <span class='ocrx_word' id='word_1_334' title='bbox 2176 1154 2232 1208; x_wconf 89' lang='lat' dir='ltr'><strong>Si</strong></span> <span class='ocrx_word' id='word_1_335' title='bbox 2259 1150 2446 1226; x_wconf 78' lang='lat' dir='ltr'><strong>[enim]</strong></span> <span class='ocrx_word' id='word_1_336' title='bbox 2472 1171 2610 1224; x_wconf 87' lang='lat' dir='ltr'><strong>aqua</strong></span> <span class='ocrx_word' id='word_1_337' title='bbox 2637 1154 2971 1227; x_wconf 81' lang='lat' dir='ltr'><strong>[Olympum]</strong></span> <span class='ocrx_word' id='word_1_338' title='bbox 2994 1155 3322 1211; x_wconf 82' lang='lat' dir='ltr'><strong>transcendit</strong></span> 
     </span>
    </p>
   </div>
   <div class='ocr_carea' id='block_1_45' title="bbox 1771 1243 3325 1314">
    <p class='ocr_par' dir='ltr' id='par_1_45' title="bbox 1771 1243 3325 1314">
     <span class='ocr_line' id='line_1_45' title="bbox 1771 1243 3325 1314; baseline -0.001 -15"><span class='ocrx_word' id='word_1_339' title='bbox 1771 1244 2073 1313; x_wconf 90' lang='lat' dir='ltr'><strong>quindecim</strong></span> <span class='ocrx_word' id='word_1_340' title='bbox 2098 1244 2310 1308; x_wconf 86' lang='lat' dir='ltr'><strong>cubitis,</strong></span> <span class='ocrx_word' id='word_1_341' title='bbox 2346 1244 2497 1314; x_wconf 83' lang='lat' dir='ltr'><strong>cujus</strong></span> <span class='ocrx_word' id='word_1_342' title='bbox 2524 1244 2746 1297; x_wconf 89' lang='lat' dir='ltr'><strong>altitudo</strong></span> <span class='ocrx_word' id='word_1_343' title='bbox 2779 1245 2921 1297; x_wconf 89' lang='lat' dir='ltr'><strong>hunc</strong></span> <span class='ocrx_word' id='word_1_344' title='bbox 2940 1258 3118 1298; x_wconf 88' lang='lat' dir='ltr'><strong>aerem</strong></span> <span class='ocrx_word' id='word_1_345' title='bbox 3142 1243 3325 1297; x_wconf 89' lang='lat' dir='ltr'><strong>turbu-</strong></span> 
     </span>
    </p>
   </div>
   <div class='ocr_carea' id='block_1_46' title="bbox 1772 1331 3327 1398">
    <p class='ocr_par' dir='ltr' id='par_1_46' title="bbox 1772 1331 3327 1398">
     <span class='ocr_line' id='line_1_46' title="bbox 1772 1331 3327 1398; baseline -0.001 -11"><span class='ocrx_word' id='word_1_346' title='bbox 1772 1334 1993 1398; x_wconf 89' lang='lat' dir='ltr'><strong>lentum,</strong></span> <span class='ocrx_word' id='word_1_347' title='bbox 2024 1341 2085 1387; x_wconf 93' lang='lat' dir='ltr'><strong>ut</strong></span> <span class='ocrx_word' id='word_1_348' title='bbox 2110 1332 2297 1396; x_wconf 83' lang='lat' dir='ltr'><strong>fertur,</strong></span> <span class='ocrx_word' id='word_1_349' title='bbox 2325 1332 2674 1397; x_wconf 87' lang='lat' dir='ltr'><strong>transcendit,</strong></span> <span class='ocrx_word' id='word_1_350' title='bbox 2710 1331 2799 1386; x_wconf 91' lang='lat' dir='ltr'><strong>ubi</strong></span> <span class='ocrx_word' id='word_1_351' title='bbox 2827 1332 3022 1386; x_wconf 88' lang='lat' dir='ltr'><strong>dicitur</strong></span> <span class='ocrx_word' id='word_1_352' title='bbox 3040 1346 3138 1387; x_wconf 89' lang='lat' dir='ltr'><strong>nec</strong></span> <span class='ocrx_word' id='word_1_353' title='bbox 3159 1333 3327 1386; x_wconf 85' lang='lat' dir='ltr'><strong>nubes</strong></span> 
     </span>
    </p>
   </div>
   <div class='ocr_carea' id='block_1_47' title="bbox 1772 1422 3324 1497">
    <p class='ocr_par' dir='ltr' id='par_1_47' title="bbox 1772 1422 3324 1497">
     <span class='ocr_line' id='line_1_47' title="bbox 1772 1422 3324 1497; baseline 0.001 -19"><span class='ocrx_word' id='word_1_354' title='bbox 1772 1425 1961 1489; x_wconf 88' lang='lat' dir='ltr'><strong>videri,</strong></span> <span class='ocrx_word' id='word_1_355' title='bbox 1991 1440 2090 1494; x_wconf 86' lang='lat' dir='ltr'><strong>nec</strong></span> <span class='ocrx_word' id='word_1_356' title='bbox 2125 1434 2314 1480; x_wconf 90' lang='lat' dir='ltr'><strong>ventos</strong></span> <span class='ocrx_word' id='word_1_357' title='bbox 2353 1425 2570 1496; x_wconf 83' lang='lat' dir='ltr'><strong>sentiri?</strong></span> <span class='ocrx_word' id='word_1_358' title='bbox 2595 1454 2665 1465; x_wconf 87' lang='lat'><strong>—-</strong></span> <span class='ocrx_word' id='word_1_359' title='bbox 2692 1423 2846 1494; x_wconf 89' lang='lat' dir='ltr'><strong>Resp.</strong></span> <span class='ocrx_word' id='word_1_360' title='bbox 2882 1423 2941 1480; x_wconf 89' lang='lat' dir='ltr'><strong>Si</strong></span> <span class='ocrx_word' id='word_1_361' title='bbox 2966 1422 3155 1497; x_wconf 89' lang='lat' dir='ltr'><strong>[enim]</strong></span> <span class='ocrx_word' id='word_1_362' title='bbox 3182 1433 3324 1479; x_wconf 88' lang='lat' dir='ltr'><strong>terra</strong></span> 
     </span>
    </p>
   </div>
   <div class='ocr_carea' id='block_1_48' title="bbox 1772 1514 3329 1584">
    <p class='ocr_par' dir='ltr' id='par_1_48' title="bbox 1772 1514 3329 1584">
     <span class='ocr_line' id='line_1_48' title="bbox 1772 1514 3329 1584; baseline 0 -15"><span class='ocrx_word' id='word_1_363' title='bbox 1772 1515 2000 1584; x_wconf 86' lang='lat' dir='ltr'><strong>spatium</strong></span> <span class='ocrx_word' id='word_1_364' title='bbox 2029 1514 2170 1569; x_wconf 87' lang='lat' dir='ltr'><strong>illius</strong></span> <span class='ocrx_word' id='word_1_365' title='bbox 2196 1514 2467 1583; x_wconf 88' lang='lat' dir='ltr'><strong>tranquilli</strong></span> <span class='ocrx_word' id='word_1_366' title='bbox 2487 1515 2702 1569; x_wconf 70' lang='lat' dir='ltr'><strong>atheris</strong></span> <span class='ocrx_word' id='word_1_367' title='bbox 2732 1515 2982 1571; x_wconf 82' lang='lat' dir='ltr'><strong>invadere</strong></span> <span class='ocrx_word' id='word_1_368' title='bbox 3013 1515 3208 1584; x_wconf 88' lang='lat' dir='ltr'><strong>potuit,</strong></span> <span class='ocrx_word' id='word_1_369' title='bbox 3231 1530 3329 1571; x_wconf 85' lang='lat' dir='ltr'><strong>cur</strong></span> 
     </span>
    </p>
   </div>
   <div class='ocr_carea' id='block_1_49' title="bbox 1774 1604 3328 1677">
    <p class='ocr_par' dir='ltr' id='par_1_49' title="bbox 1774 1604 3328 1677">
     <span class='ocr_line' id='line_1_49' title="bbox 1774 1604 3328 1677; baseline 0.002 -18"><span class='ocrx_word' id='word_1_370' title='bbox 1774 1620 1880 1660; x_wconf 91' lang='lat' dir='ltr'><strong>non</strong></span> <span class='ocrx_word' id='word_1_371' title='bbox 1908 1614 1962 1659; x_wconf 91' lang='lat' dir='ltr'><strong>et</strong></span> <span class='ocrx_word' id='word_1_372' title='bbox 2002 1621 2137 1675; x_wconf 88' lang='lat' dir='ltr'><strong>aqua</strong></span> <span class='ocrx_word' id='word_1_373' title='bbox 2164 1605 2483 1661; x_wconf 80' lang='lat' dir='ltr'><strong>crescendo?</strong></span> <span class='ocrx_word' id='word_1_374' title='bbox 2512 1604 2647 1659; x_wconf 90' lang='lat' dir='ltr'><strong>Sunt</strong></span> <span class='ocrx_word' id='word_1_375' title='bbox 2678 1614 2855 1661; x_wconf 87' lang='lat' dir='ltr'><strong>tamen</strong></span> <span class='ocrx_word' id='word_1_376' title='bbox 2880 1607 3094 1677; x_wconf 84' lang='lat' dir='ltr'><strong>quidam</strong></span> <span class='ocrx_word' id='word_1_377' title='bbox 3117 1609 3206 1677; x_wconf 90' lang='lat' dir='ltr'><strong>qui</strong></span> <span class='ocrx_word' id='word_1_378' title='bbox 3232 1623 3328 1677; x_wconf 89' lang='lat' dir='ltr'><strong>pu-</strong></span> 
     </span>
    </p>
   </div>
   <div class='ocr_carea' id='block_1_50' title="bbox 1774 1693 3331 1766">
    <p class='ocr_par' dir='ltr' id='par_1_50' title="bbox 1774 1693 3331 1766">
     <span class='ocr_line' id='line_1_50' title="bbox 1774 1693 3331 1766; baseline 0.002 -17"><span class='ocrx_word' id='word_1_379' title='bbox 1774 1702 1891 1749; x_wconf 87' lang='lat' dir='ltr'><strong>tant</strong></span> <span class='ocrx_word' id='word_1_380' title='bbox 1925 1710 2025 1749; x_wconf 89' lang='lat' dir='ltr'><strong>nec</strong></span> <span class='ocrx_word' id='word_1_381' title='bbox 2046 1703 2203 1749; x_wconf 69' lang='lat' dir='ltr'><strong>terrze</strong></span> <span class='ocrx_word' id='word_1_382' title='bbox 2229 1695 2637 1763; x_wconf 75' lang='lat' dir='ltr'><strong>intequalitatem</strong></span> <span class='ocrx_word' id='word_1_383' title='bbox 2666 1695 2823 1749; x_wconf 89' lang='lat' dir='ltr'><strong>talem</strong></span> <span class='ocrx_word' id='word_1_384' title='bbox 2852 1693 3035 1766; x_wconf 89' lang='lat' dir='ltr'><strong>[esse],</strong></span> <span class='ocrx_word' id='word_1_385' title='bbox 3064 1712 3160 1752; x_wconf 90' lang='lat' dir='ltr'><strong>nec</strong></span> <span class='ocrx_word' id='word_1_386' title='bbox 3182 1712 3331 1751; x_wconf 90' lang='lat' dir='ltr'><strong>mon-</strong></span> 
     </span>
    </p>
   </div>
   <div class='ocr_carea' id='block_1_51' title="bbox 1779 1783 3333 1840">
    <p class='ocr_par' dir='ltr' id='par_1_51' title="bbox 1779 1783 3333 1840">
     <span class='ocr_line' id='line_1_51' title="bbox 1779 1783 3333 1840; baseline -0.001 -2"><span class='ocrx_word' id='word_1_387' title='bbox 1779 1784 1911 1839; x_wconf 89' lang='lat' dir='ltr'><strong>tium</strong></span> <span class='ocrx_word' id='word_1_388' title='bbox 1938 1783 2271 1839; x_wconf 87' lang='lat' dir='ltr'><strong>altitudinem</strong></span> <span class='ocrx_word' id='word_1_389' title='bbox 2310 1791 2513 1838; x_wconf 90' lang='lat' dir='ltr'><strong>tantam</strong></span> <span class='ocrx_word' id='word_1_390' title='bbox 2558 1792 2683 1839; x_wconf 84' lang='lat' dir='ltr'><strong>ante</strong></span> <span class='ocrx_word' id='word_1_391' title='bbox 2718 1784 2970 1839; x_wconf 82' lang='lat' dir='ltr'><strong>diluvium</strong></span> <span class='ocrx_word' id='word_1_392' title='bbox 3000 1783 3163 1839; x_wconf 77' lang='lat' dir='ltr'><strong>fuisse</strong></span> <span class='ocrx_word' id='word_1_393' title='bbox 3196 1786 3333 1840; x_wconf 80' lang='lat' dir='ltr'><strong>sicut</strong></span> 
     </span>
    </p>
   </div>
   <div class='ocr_carea' id='block_1_52' title="bbox 1710 1855 2042 1930">
    <p class='ocr_par' dir='ltr' id='par_1_52' title="bbox 1710 1855 2042 1930">
     <span class='ocr_line' id='line_1_52' title="bbox 1710 1855 2042 1930; baseline -0.003 -1"><span class='ocrx_word' id='word_1_394' title='bbox 1710 1855 1757 1917; x_wconf 63' lang='grc' dir='ltr'><strong><em>Β</em></strong></span> <span class='ocrx_word' id='word_1_395' title='bbox 1781 1891 1923 1930; x_wconf 91' lang='lat' dir='ltr'><strong>nunc</strong></span> <span class='ocrx_word' id='word_1_396' title='bbox 1941 1883 2042 1930; x_wconf 88' lang='lat' dir='ltr'><strong>est.</strong></span> 
     </span>
    </p>
   </div>
   <div class='ocr_carea' id='block_1_53' title="bbox 1848 1962 3335 2036">
    <p class='ocr_par' dir='ltr' id='par_1_53' title="bbox 1848 1962 3335 2036">
     <span class='ocr_line' id='line_1_53' title="bbox 1848 1962 3335 2036; baseline -0.001 -17"><span class='ocrx_word' id='word_1_397' title='bbox 1848 1964 2011 2019; x_wconf 88' lang='lat' dir='ltr'><strong>Inter.</strong></span> <span class='ocrx_word' id='word_1_398' title='bbox 2042 1964 2163 2021; x_wconf 85' lang='lat'><strong>120.</strong></span> <span class='ocrx_word' id='word_1_399' title='bbox 2190 1964 2327 2035; x_wconf 84' lang='lat' dir='ltr'><strong>Quid</strong></span> <span class='ocrx_word' id='word_1_400' title='bbox 2353 1966 2417 2021; x_wconf 89' lang='lat' dir='ltr'><strong>de</strong></span> <span class='ocrx_word' id='word_1_401' title='bbox 2446 1981 2573 2036; x_wconf 88' lang='lat' dir='ltr'><strong>pace</strong></span> <span class='ocrx_word' id='word_1_402' title='bbox 2611 1973 2667 2021; x_wconf 90' lang='lat' dir='ltr'><strong>et</strong></span> <span class='ocrx_word' id='word_1_403' title='bbox 2695 1965 3001 2032; x_wconf 82' lang='lat' dir='ltr'><strong>concordia,</strong></span> <span class='ocrx_word' id='word_1_404' title='bbox 3028 1972 3082 2019; x_wconf 91' lang='lat' dir='ltr'><strong>et</strong></span> <span class='ocrx_word' id='word_1_405' title='bbox 3110 1962 3249 2018; x_wconf 88' lang='lat' dir='ltr'><strong>unde</strong></span> <span class='ocrx_word' id='word_1_406' title='bbox 3276 1979 3335 2018; x_wconf 90' lang='lat' dir='ltr'><strong>se</strong></span> 
     </span>
    </p>
   </div>
   <div class='ocr_carea' id='block_1_54' title="bbox 1778 2053 3331 2125">
    <p class='ocr_par' dir='ltr' id='par_1_54' title="bbox 1778 2053 3331 2125">
     <span class='ocr_line' id='line_1_54' title="bbox 1778 2053 3331 2125; baseline -0.002 -16"><span class='ocrx_word' id='word_1_407' title='bbox 1778 2056 2006 2109; x_wconf 76' lang='lat' dir='ltr'><strong>invicem</strong></span> <span class='ocrx_word' id='word_1_408' title='bbox 2052 2071 2156 2109; x_wconf 92' lang='lat' dir='ltr'><strong>non</strong></span> <span class='ocrx_word' id='word_1_409' title='bbox 2190 2055 2520 2110; x_wconf 85' lang='lat' dir='ltr'><strong>debellarent</strong></span> <span class='ocrx_word' id='word_1_410' title='bbox 2549 2056 2741 2109; x_wconf 84' lang='lat' dir='ltr'><strong>diversi</strong></span> <span class='ocrx_word' id='word_1_411' title='bbox 2776 2055 2984 2125; x_wconf 79' lang='lat' dir='ltr'><strong>generis</strong></span> <span class='ocrx_word' id='word_1_412' title='bbox 3019 2053 3331 2117; x_wconf 84' lang='lat' dir='ltr'><strong>animantia,</strong></span> 
     </span>
    </p>
   </div>
   <div class='ocr_carea' id='block_1_55' title="bbox 1777 2142 3335 2215">
    <p class='ocr_par' dir='ltr' id='par_1_55' title="bbox 1777 2142 3335 2215">
     <span class='ocr_line' id='line_1_55' title="bbox 1777 2142 3335 2215; baseline -0.002 -17"><span class='ocrx_word' id='word_1_413' title='bbox 1777 2145 2112 2199; x_wconf 83' lang='lat' dir='ltr'><strong>sentiendum</strong></span> <span class='ocrx_word' id='word_1_414' title='bbox 2138 2145 2257 2198; x_wconf 85' lang='lat' dir='ltr'><strong>est?</strong></span> <span class='ocrx_word' id='word_1_415' title='bbox 2277 2175 2347 2184; x_wconf 95' lang='lat'><strong>—</strong></span> <span class='ocrx_word' id='word_1_416' title='bbox 2370 2144 2523 2214; x_wconf 88' lang='lat' dir='ltr'><strong>Resp.</strong></span> <span class='ocrx_word' id='word_1_417' title='bbox 2554 2144 2703 2200; x_wconf 88' lang='lat' dir='ltr'><strong>Sicut</strong></span> <span class='ocrx_word' id='word_1_418' title='bbox 2731 2142 2931 2215; x_wconf 67' lang='lat' dir='ltr'><strong>[enim].</strong></span> <span class='ocrx_word' id='word_1_419' title='bbox 2950 2144 3041 2197; x_wconf 86' lang='lat' dir='ltr'><strong>Dei</strong></span> <span class='ocrx_word' id='word_1_420' title='bbox 3072 2151 3202 2197; x_wconf 85' lang='lat' dir='ltr'><strong>nutu</strong></span> <span class='ocrx_word' id='word_1_421' title='bbox 3239 2143 3335 2196; x_wconf 84' lang='lat' dir='ltr'><strong>ad-</strong></span> 
     </span>
    </p>
   </div>
   <div class='ocr_carea' id='block_1_56' title="bbox 1778 2232 3338 2296">
    <p class='ocr_par' dir='ltr' id='par_1_56' title="bbox 1778 2232 3338 2296">
     <span class='ocr_line' id='line_1_56' title="bbox 1778 2232 3338 2296; baseline -0.001 -9"><span class='ocrx_word' id='word_1_422' title='bbox 1778 2234 2111 2289; x_wconf 88' lang='lat' dir='ltr'><strong>ducebantur</strong></span> <span class='ocrx_word' id='word_1_423' title='bbox 2135 2234 2189 2287; x_wconf 90' lang='lat' dir='ltr'><strong>in</strong></span> <span class='ocrx_word' id='word_1_424' title='bbox 2210 2250 2414 2296; x_wconf 75' lang='lat' dir='ltr'><strong>arcam,</strong></span> <span class='ocrx_word' id='word_1_425' title='bbox 2442 2236 2510 2287; x_wconf 84' lang='lat' dir='ltr'><strong>ita</strong></span> <span class='ocrx_word' id='word_1_426' title='bbox 2535 2242 2589 2288; x_wconf 89' lang='lat' dir='ltr'><strong>et</strong></span> <span class='ocrx_word' id='word_1_427' title='bbox 2614 2234 2705 2287; x_wconf 86' lang='lat' dir='ltr'><strong>Dei</strong></span> <span class='ocrx_word' id='word_1_428' title='bbox 2734 2242 2862 2287; x_wconf 90' lang='lat' dir='ltr'><strong>nutu</strong></span> <span class='ocrx_word' id='word_1_429' title='bbox 2888 2232 3338 2289; x_wconf 86' lang='lat' dir='ltr'><strong>conservabantur</strong></span> 
     </span>
    </p>
   </div>
   <div class='ocr_carea' id='block_1_57' title="bbox 1780 2323 3335 2392">
    <p class='ocr_par' dir='ltr' id='par_1_57' title="bbox 1780 2323 3335 2392">
     <span class='ocr_line' id='line_1_57' title="bbox 1780 2323 3335 2392; baseline 0.001 -15"><span class='ocrx_word' id='word_1_430' title='bbox 1780 2325 1832 2377; x_wconf 92' lang='lat' dir='ltr'><strong>in</strong></span> <span class='ocrx_word' id='word_1_431' title='bbox 1875 2340 2019 2378; x_wconf 87' lang='lat' dir='ltr'><strong>arca.</strong></span> <span class='ocrx_word' id='word_1_432' title='bbox 2067 2323 2190 2378; x_wconf 86' lang='lat' dir='ltr'><strong>Sive</strong></span> <span class='ocrx_word' id='word_1_433' title='bbox 2219 2324 2359 2378; x_wconf 88' lang='lat' dir='ltr'><strong>enim</strong></span> <span class='ocrx_word' id='word_1_434' title='bbox 2405 2324 2784 2378; x_wconf 87' lang='lat' dir='ltr'><strong>mansiunculis</strong></span> <span class='ocrx_word' id='word_1_435' title='bbox 2821 2324 3111 2377; x_wconf 86' lang='lat' dir='ltr'><strong>secundum</strong></span> <span class='ocrx_word' id='word_1_436' title='bbox 3142 2338 3335 2392; x_wconf 89' lang='lat' dir='ltr'><strong>genera</strong></span> 
     </span>
    </p>
   </div>
   <div class='ocr_carea' id='block_1_58' title="bbox 1779 2404 3335 2484">
    <p class='ocr_par' dir='ltr' id='par_1_58' title="bbox 1779 2404 3335 2484">
     <span class='ocr_line' id='line_1_58' title="bbox 1779 2404 3335 2484; baseline -0.002 -16"><span class='ocrx_word' id='word_1_437' title='bbox 1779 2429 1875 2468; x_wconf 90' lang='lat' dir='ltr'><strong>sua</strong></span> <span class='ocrx_word' id='word_1_438' title='bbox 1896 2404 2283 2477; x_wconf 72' lang='lat' dir='ltr'><strong>divider’entur,</strong></span> <span class='ocrx_word' id='word_1_439' title='bbox 2305 2414 2415 2467; x_wconf 89' lang='lat' dir='ltr'><strong>sive</strong></span> <span class='ocrx_word' id='word_1_440' title='bbox 2430 2412 2654 2480; x_wconf 84' lang='lat' dir='ltr'><strong>junctim</strong></span> <span class='ocrx_word' id='word_1_441' title='bbox 2679 2419 2975 2475; x_wconf 86' lang='lat' dir='ltr'><strong>manerent,</strong></span> <span class='ocrx_word' id='word_1_442' title='bbox 2998 2412 3092 2467; x_wconf 88' lang='lat' dir='ltr'><strong>Dei</strong></span> <span class='ocrx_word' id='word_1_443' title='bbox 3114 2411 3335 2484; x_wconf 83' lang='lat' dir='ltr'><strong>[tamen]</strong></span> 
     </span>
    </p>
   </div>
   <div class='ocr_carea' id='block_1_59' title="bbox 1779 2505 2521 2573">
    <p class='ocr_par' dir='ltr' id='par_1_59' title="bbox 1779 2505 2521 2573">
     <span class='ocr_line' id='line_1_59' title="bbox 1779 2505 2521 2573; baseline 0.003 -16"><span class='ocrx_word' id='word_1_444' title='bbox 1779 2505 2015 2573; x_wconf 86' lang='lat' dir='ltr'><strong>potentia</strong></span> <span class='ocrx_word' id='word_1_445' title='bbox 2050 2505 2521 2572; x_wconf 56' lang='lat' dir='ltr'><strong>gubeniabantur.</strong></span> 
     </span>
    </p>
   </div>
   <div class='ocr_carea' id='block_1_60' title="bbox 1852 2594 3337 2665">
    <p class='ocr_par' dir='ltr' id='par_1_60' title="bbox 1852 2594 3337 2665">
     <span class='ocr_line' id='line_1_60' title="bbox 1852 2594 3337 2665; baseline 0 -18"><span class='ocrx_word' id='word_1_446' title='bbox 1852 2594 2013 2648; x_wconf 84' lang='lat' dir='ltr'><strong>Inter.</strong></span> <span class='ocrx_word' id='word_1_447' title='bbox 2050 2595 2163 2647; x_wconf 75' lang='lat' dir='ltr'><strong>l‘2l.</strong></span> <span class='ocrx_word' id='word_1_448' title='bbox 2206 2596 2341 2661; x_wconf 87' lang='lat' dir='ltr'><strong>Quid</strong></span> <span class='ocrx_word' id='word_1_449' title='bbox 2385 2596 2451 2650; x_wconf 90' lang='lat' dir='ltr'><strong>de</strong></span> <span class='ocrx_word' id='word_1_450' title='bbox 2482 2604 2608 2665; x_wconf 85' lang='lat' dir='ltr'><strong>potu</strong></span> <span class='ocrx_word' id='word_1_451' title='bbox 2651 2596 2961 2655; x_wconf 76' lang='lat' dir='ltr'><strong>animalium</strong></span> <span class='ocrx_word' id='word_1_452' title='bbox 3004 2595 3337 2651; x_wconf 84' lang='lat' dir='ltr'><strong>sentiendum</strong></span> 
     </span>
    </p>
   </div>
   <div class='ocr_carea' id='block_1_61' title="bbox 1781 2684 3341 2759">
    <p class='ocr_par' dir='ltr' id='par_1_61' title="bbox 1781 2684 3341 2759">
     <span class='ocr_line' id='line_1_61' title="bbox 1781 2684 3341 2759; baseline -0.001 -21"><span class='ocrx_word' id='word_1_453' title='bbox 1781 2693 1885 2749; x_wconf 82' lang='lat' dir='ltr'><strong>est,</strong></span> <span class='ocrx_word' id='word_1_454' title='bbox 1915 2686 1979 2739; x_wconf 88' lang='lat' dir='ltr'><strong>de</strong></span> <span class='ocrx_word' id='word_1_455' title='bbox 2006 2701 2109 2753; x_wconf 87' lang='lat' dir='ltr'><strong>quo</strong></span> <span class='ocrx_word' id='word_1_456' title='bbox 2141 2686 2272 2739; x_wconf 79' lang='lat' dir='ltr'><strong>nihil</strong></span> <span class='ocrx_word' id='word_1_457' title='bbox 2297 2687 2422 2740; x_wconf 86' lang='lat' dir='ltr'><strong>dicit</strong></span> <span class='ocrx_word' id='word_1_458' title='bbox 2448 2686 2760 2759; x_wconf 85' lang='lat' dir='ltr'><strong>Scriptura?</strong></span> <span class='ocrx_word' id='word_1_459' title='bbox 2783 2717 2853 2726; x_wconf 89' lang='lat'><strong><em>—</em></strong></span> <span class='ocrx_word' id='word_1_460' title='bbox 2873 2685 3028 2756; x_wconf 88' lang='lat' dir='ltr'><strong>Resp.</strong></span> <span class='ocrx_word' id='word_1_461' title='bbox 3051 2686 3185 2740; x_wconf 90' lang='lat' dir='ltr'><strong>Sunt</strong></span> <span class='ocrx_word' id='word_1_462' title='bbox 3208 2684 3341 2757; x_wconf 87' lang='lat' dir='ltr'><strong>[qui-</strong></span> 
     </span>
    </p>
   </div>
   <div class='ocr_carea' id='block_1_62' title="bbox 1783 2775 3341 2847">
    <p class='ocr_par' dir='ltr' id='par_1_62' title="bbox 1783 2775 3341 2847">
     <span class='ocr_line' id='line_1_62' title="bbox 1783 2775 3341 2847; baseline -0.003 -16"><span class='ocrx_word' id='word_1_463' title='bbox 1783 2777 1929 2847; x_wconf 87' lang='lat' dir='ltr'><strong>dam]</strong></span> <span class='ocrx_word' id='word_1_464' title='bbox 1956 2778 2044 2846; x_wconf 81' lang='lat' dir='ltr'><strong>qui</strong></span> <span class='ocrx_word' id='word_1_465' title='bbox 2072 2786 2262 2847; x_wconf 86' lang='lat' dir='ltr'><strong>putant</strong></span> <span class='ocrx_word' id='word_1_466' title='bbox 2290 2778 2445 2831; x_wconf 87' lang='lat' dir='ltr'><strong>unius</strong></span> <span class='ocrx_word' id='word_1_467' title='bbox 2470 2778 2783 2831; x_wconf 80' lang='lat' dir='ltr'><strong>dici-escam</strong></span> <span class='ocrx_word' id='word_1_468' title='bbox 2801 2777 2873 2829; x_wconf 79' lang='lat' dir='ltr'><strong>.in</strong></span> <span class='ocrx_word' id='word_1_469' title='bbox 2902 2791 3027 2831; x_wconf 87' lang='lat' dir='ltr'><strong>arca</strong></span> <span class='ocrx_word' id='word_1_470' title='bbox 3054 2775 3136 2830; x_wconf 89' lang='lat' dir='ltr'><strong>vel</strong></span> <span class='ocrx_word' id='word_1_471' title='bbox 3158 2782 3341 2844; x_wconf 88' lang='lat' dir='ltr'><strong>potum</strong></span> 
     </span>
    </p>
   </div>
   <div class='ocr_carea' id='block_1_63' title="bbox 1784 2863 3335 2935">
    <p class='ocr_par' dir='ltr' id='par_1_63' title="bbox 1784 2863 3335 2935">
     <span class='ocr_line' id='line_1_63' title="bbox 1784 2863 3335 2935; baseline -0.002 -16"><span class='ocrx_word' id='word_1_472' title='bbox 1784 2868 1836 2926; x_wconf 86' lang='lat' dir='ltr'><strong>iu</strong></span> <span class='ocrx_word' id='word_1_473' title='bbox 1886 2868 2080 2920; x_wconf 87' lang='lat' dir='ltr'><strong>multos</strong></span> <span class='ocrx_word' id='word_1_474' title='bbox 2116 2868 2379 2935; x_wconf 78' lang='lat' dir='ltr'><strong>profuisse</strong></span> <span class='ocrx_word' id='word_1_475' title='bbox 2414 2868 2526 2919; x_wconf 89' lang='lat' dir='ltr'><strong>dies</strong></span> <span class='ocrx_word' id='word_1_476' title='bbox 2574 2867 2952 2928; x_wconf 80' lang='lat' dir='ltr'><strong>animantibus,</strong></span> <span class='ocrx_word' id='word_1_477' title='bbox 2982 2864 3066 2919; x_wconf 88' lang='lat' dir='ltr'><strong>vel</strong></span> <span class='ocrx_word' id='word_1_478' title='bbox 3114 2863 3335 2917; x_wconf 83' lang='lat' dir='ltr'><strong>forsitan</strong></span> 
     </span>
    </p>
   </div>
   <div class='ocr_carea' id='block_1_64' title="bbox 1783 2950 3338 3019">
    <p class='ocr_par' dir='ltr' id='par_1_64' title="bbox 1783 2950 3338 3019">
     <span class='ocr_line' id='line_1_64' title="bbox 1783 2950 3338 3019; baseline -0.002 -11"><span class='ocrx_word' id='word_1_479' title='bbox 1783 2956 1837 3009; x_wconf 91' lang='lat' dir='ltr'><strong>in</strong></span> <span class='ocrx_word' id='word_1_480' title='bbox 1877 2963 2046 3008; x_wconf 87' lang='lat' dir='ltr'><strong>totum</strong></span> <span class='ocrx_word' id='word_1_481' title='bbox 2074 2971 2291 3008; x_wconf 85' lang='lat' dir='ltr'><strong>annum.</strong></span> <span class='ocrx_word' id='word_1_482' title='bbox 2324 2955 2429 3007; x_wconf 84' lang='lat' dir='ltr'><strong>Sed</strong></span> <span class='ocrx_word' id='word_1_483' title='bbox 2456 2956 2787 3007; x_wconf 80' lang='lat' dir='ltr'><strong>dimittamus</strong></span> <span class='ocrx_word' id='word_1_484' title='bbox 2817 2954 3047 3008; x_wconf 86' lang='lat' dir='ltr'><strong>incertas</strong></span> <span class='ocrx_word' id='word_1_485' title='bbox 3070 2950 3338 3019; x_wconf 87' lang='lat' dir='ltr'><strong>conjectu-</strong></span> 
     </span>
    </p>
   </div>
   <div class='ocr_carea' id='block_1_65' title="bbox 1783 3042 3343 3112">
    <p class='ocr_par' dir='ltr' id='par_1_65' title="bbox 1783 3042 3343 3112">
     <span class='ocr_line' id='line_1_65' title="bbox 1783 3042 3343 3112; baseline 0 -16"><span class='ocrx_word' id='word_1_486' title='bbox 1783 3059 1871 3098; x_wconf 89' lang='lat' dir='ltr'><strong>ras</strong></span> <span class='ocrx_word' id='word_1_487' title='bbox 1898 3052 1951 3098; x_wconf 89' lang='lat' dir='ltr'><strong>ct</strong></span> <span class='ocrx_word' id='word_1_488' title='bbox 1977 3044 2328 3098; x_wconf 82' lang='lat' dir='ltr'><strong>concedamus</strong></span> <span class='ocrx_word' id='word_1_489' title='bbox 2357 3044 2546 3096; x_wconf 78' lang='lat' dir='ltr'><strong>divina:</strong></span> <span class='ocrx_word' id='word_1_490' title='bbox 2588 3043 2837 3112; x_wconf 76' lang='lat' dir='ltr'><strong>potentia:</strong></span> <span class='ocrx_word' id='word_1_491' title='bbox 2876 3042 3049 3097; x_wconf 81' lang='lat' dir='ltr'><strong>facere</strong></span> <span class='ocrx_word' id='word_1_492' title='bbox 3090 3043 3153 3098; x_wconf 88' lang='lat' dir='ltr'><strong>de</strong></span> <span class='ocrx_word' id='word_1_493' title='bbox 3188 3056 3343 3098; x_wconf 83' lang='lat' dir='ltr'><strong>crea-</strong></span> 
     </span>
    </p>
   </div>
   <div class='ocr_carea' id='block_1_66' title="bbox 1788 3134 2437 3208">
    <p class='ocr_par' dir='ltr' id='par_1_66' title="bbox 1788 3134 2437 3208">
     <span class='ocr_line' id='line_1_66' title="bbox 1788 3134 2437 3208; baseline -0.005 -19"><span class='ocrx_word' id='word_1_494' title='bbox 1788 3136 1924 3191; x_wconf 89' lang='lat' dir='ltr'><strong>turis</strong></span> <span class='ocrx_word' id='word_1_495' title='bbox 1949 3136 2060 3191; x_wconf 87' lang='lat' dir='ltr'><strong>suis</strong></span> <span class='ocrx_word' id='word_1_496' title='bbox 2084 3134 2223 3208; x_wconf 85' lang='lat' dir='ltr'><strong>quod</strong></span> <span class='ocrx_word' id='word_1_497' title='bbox 2256 3134 2437 3187; x_wconf 82' lang='lat' dir='ltr'><strong>voluit.</strong></span> 
     </span>
    </p>
   </div>
   <div class='ocr_carea' id='block_1_67' title="bbox 1859 3242 3345 3319">
    <p class='ocr_par' dir='ltr' id='par_1_67' title="bbox 1859 3242 3345 3319">
     <span class='ocr_line' id='line_1_67' title="bbox 1859 3242 3345 3319; baseline -0.002 -20"><span class='ocrx_word' id='word_1_498' title='bbox 1859 3246 2023 3299; x_wconf 84' lang='lat' dir='ltr'><strong>Inter.</strong></span> <span class='ocrx_word' id='word_1_499' title='bbox 2067 3245 2187 3299; x_wconf 87' lang='lat'><strong>122.</strong></span> <span class='ocrx_word' id='word_1_500' title='bbox 2235 3244 2503 3319; x_wconf 79' lang='lat' dir='ltr'><strong>Quaeritur</strong></span> <span class='ocrx_word' id='word_1_501' title='bbox 2540 3245 2630 3299; x_wconf 89' lang='lat' dir='ltr'><strong>ubi</strong></span> <span class='ocrx_word' id='word_1_502' title='bbox 2676 3259 2867 3298; x_wconf 90' lang='lat' dir='ltr'><strong>corvus</strong></span> <span class='ocrx_word' id='word_1_503' title='bbox 2911 3242 3251 3313; x_wconf 84' lang='lat' dir='ltr'><strong>requieverit,</strong></span> <span class='ocrx_word' id='word_1_504' title='bbox 3298 3244 3345 3297; x_wconf 90' lang='lat' dir='ltr'><strong>si</strong></span> 
     </span>
    </p>
   </div>
   <div class='ocr_carea' id='block_1_68' title="bbox 1788 3330 3347 3403">
    <p class='ocr_par' dir='ltr' id='par_1_68' title="bbox 1788 3330 3347 3403">
     <span class='ocr_line' id='line_1_68' title="bbox 1788 3330 3347 3403; baseline -0.001 -16"><span class='ocrx_word' id='word_1_505' title='bbox 1788 3333 2032 3387; x_wconf 87' lang='lat' dir='ltr'><strong>columba</strong></span> <span class='ocrx_word' id='word_1_506' title='bbox 2065 3348 2169 3385; x_wconf 92' lang='lat' dir='ltr'><strong>non</strong></span> <span class='ocrx_word' id='word_1_507' title='bbox 2212 3333 2413 3387; x_wconf 85' lang='lat' dir='ltr'><strong>invenit</strong></span> <span class='ocrx_word' id='word_1_508' title='bbox 2436 3332 2523 3387; x_wconf 91' lang='lat' dir='ltr'><strong>ubi</strong></span> <span class='ocrx_word' id='word_1_509' title='bbox 2550 3332 2943 3403; x_wconf 86' lang='lat' dir='ltr'><strong>requiesceret?</strong></span> <span class='ocrx_word' id='word_1_510' title='bbox 2965 3361 3037 3372; x_wconf 84' lang='lat'><strong>-</strong></span> <span class='ocrx_word' id='word_1_511' title='bbox 3060 3330 3214 3402; x_wconf 84' lang='lat' dir='ltr'><strong>Resp.</strong></span> <span class='ocrx_word' id='word_1_512' title='bbox 3246 3330 3347 3385; x_wconf 88' lang='lat' dir='ltr'><strong>Po-</strong></span> 
     </span>
    </p>
   </div>
   <div class='ocr_carea' id='block_1_69' title="bbox 1789 3423 3342 3491">
    <p class='ocr_par' dir='ltr' id='par_1_69' title="bbox 1789 3423 3342 3491">
     <span class='ocr_line' id='line_1_69' title="bbox 1789 3423 3342 3491; baseline -0.001 -13"><span class='ocrx_word' id='word_1_513' title='bbox 1789 3425 1889 3478; x_wconf 91' lang='lat' dir='ltr'><strong>tuit</strong></span> <span class='ocrx_word' id='word_1_514' title='bbox 1930 3439 2123 3478; x_wconf 88' lang='lat' dir='ltr'><strong>corvus</strong></span> <span class='ocrx_word' id='word_1_515' title='bbox 2158 3424 2405 3477; x_wconf 86' lang='lat' dir='ltr'><strong>cadaveri</strong></span> <span class='ocrx_word' id='word_1_516' title='bbox 2447 3424 2725 3491; x_wconf 87' lang='lat' dir='ltr'><strong>cujuslibet</strong></span> <span class='ocrx_word' id='word_1_517' title='bbox 2768 3424 3054 3478; x_wconf 85' lang='lat' dir='ltr'><strong>animantis</strong></span> <span class='ocrx_word' id='word_1_518' title='bbox 3094 3423 3342 3485; x_wconf 79' lang='lat' dir='ltr'><strong>insidere,</strong></span> 
     </span>
    </p>
   </div>
   <div class='ocr_carea' id='block_1_70' title="bbox 1789 3511 2778 3583">
    <p class='ocr_par' dir='ltr' id='par_1_70' title="bbox 1789 3511 2778 3583">
     <span class='ocr_line' id='line_1_70' title="bbox 1789 3511 2778 3583; baseline 0.001 -18"><span class='ocrx_word' id='word_1_519' title='bbox 1789 3512 1931 3580; x_wconf 90' lang='lat' dir='ltr'><strong>quod</strong></span> <span class='ocrx_word' id='word_1_520' title='bbox 1958 3511 2202 3567; x_wconf 85' lang='lat' dir='ltr'><strong>columba</strong></span> <span class='ocrx_word' id='word_1_521' title='bbox 2232 3513 2542 3567; x_wconf 86' lang='lat' dir='ltr'><strong>naturaliter</strong></span> <span class='ocrx_word' id='word_1_522' title='bbox 2567 3512 2778 3583; x_wconf 79' lang='lat' dir='ltr'><strong>refugit.</strong></span> 
     </span>
    </p>
   </div>
   <div class='ocr_carea' id='block_1_71' title="bbox 1862 3600 3347 3674">
    <p class='ocr_par' dir='ltr' id='par_1_71' title="bbox 1862 3600 3347 3674">
     <span class='ocr_line' id='line_1_71' title="bbox 1862 3600 3347 3674; baseline 0.001 -20"><span class='ocrx_word' id='word_1_523' title='bbox 1862 3601 2025 3655; x_wconf 87' lang='lat' dir='ltr'><strong>Inter.</strong></span> <span class='ocrx_word' id='word_1_524' title='bbox 2048 3600 2166 3654; x_wconf 77' lang='lat'><strong>123.</strong></span> <span class='ocrx_word' id='word_1_525' title='bbox 2184 3600 2359 3665; x_wconf 91' lang='lat' dir='ltr'><strong>Quare</strong></span> <span class='ocrx_word' id='word_1_526' title='bbox 2379 3603 2548 3672; x_wconf 70' lang='lat' dir='ltr'><strong>magis</strong></span> <span class='ocrx_word' id='word_1_527' title='bbox 2573 3612 2784 3657; x_wconf 89' lang='lat' dir='ltr'><strong>terrena</strong></span> <span class='ocrx_word' id='word_1_528' title='bbox 2805 3604 3051 3657; x_wconf 89' lang='lat' dir='ltr'><strong>animalia</strong></span> <span class='ocrx_word' id='word_1_529' title='bbox 3074 3606 3347 3674; x_wconf 82' lang='lat' dir='ltr'><strong>perierunt</strong></span> 
     </span>
    </p>
   </div>
   <div class='ocr_carea' id='block_1_72' title="bbox 120 3688 3338 3762">
    <p class='ocr_par' dir='ltr' id='par_1_72' title="bbox 120 3688 3338 3762">
     <span class='ocr_line' id='line_1_72' title="bbox 120 3688 3338 3762; baseline 0.001 -19"><span class='ocrx_word' id='word_1_530' title='bbox 120 3697 249 3743; x_wconf 91' lang='lat' dir='ltr'><strong>sunt</strong></span> <span class='ocrx_word' id='word_1_531' title='bbox 292 3688 409 3742; x_wconf 90' lang='lat' dir='ltr'><strong>sine</strong></span> <span class='ocrx_word' id='word_1_532' title='bbox 448 3690 731 3745; x_wconf 88' lang='lat' dir='ltr'><strong>concubitu</strong></span> <span class='ocrx_word' id='word_1_533' title='bbox 778 3691 844 3746; x_wconf 93' lang='lat' dir='ltr'><strong>de</strong></span> <span class='ocrx_word' id='word_1_534' title='bbox 876 3692 1175 3762; x_wconf 83' lang='lat' dir='ltr'><strong>quibusque</strong></span> <span class='ocrx_word' id='word_1_535' title='bbox 1208 3694 1371 3748; x_wconf 89' lang='lat' dir='ltr'><strong>rebus</strong></span> <span class='ocrx_word' id='word_1_536' title='bbox 1398 3694 1481 3747; x_wconf 89' lang='lat' dir='ltr'><strong>vel</strong></span> <span class='ocrx_word' id='word_1_537' title='bbox 1508 3709 1701 3748; x_wconf 80' lang='lat' dir='ltr'><strong>rerum</strong></span> <span class='ocrx_word' id='word_1_538' title='bbox 1789 3704 1908 3743; x_wconf 91' lang='lat' dir='ltr'><strong>cum</strong></span> <span class='ocrx_word' id='word_1_539' title='bbox 1940 3689 2153 3743; x_wconf 84' lang='lat' dir='ltr'><strong>homine</strong></span> <span class='ocrx_word' id='word_1_540' title='bbox 2191 3704 2351 3757; x_wconf 88' lang='lat' dir='ltr'><strong>quam</strong></span> <span class='ocrx_word' id='word_1_541' title='bbox 2380 3691 2630 3758; x_wconf 87' lang='lat' dir='ltr'><strong>aquatilia</strong></span> <span class='ocrx_word' id='word_1_542' title='bbox 2646 3691 2888 3761; x_wconf 84' lang='lat' dir='ltr'><strong>?—Resp.</strong></span> <span class='ocrx_word' id='word_1_543' title='bbox 2927 3691 3152 3760; x_wconf 85' lang='lat' dir='ltr'><strong>Propter</strong></span> <span class='ocrx_word' id='word_1_544' title='bbox 3179 3693 3338 3747; x_wconf 85' lang='lat' dir='ltr'><strong>malc-</strong></span> 
     </span>
    </p>
   </div>
   <div class='ocr_carea' id='block_1_73' title="bbox 122 3778 3343 3851">
    <p class='ocr_par' dir='ltr' id='par_1_73' title="bbox 122 3778 3343 3851">
     <span class='ocr_line' id='line_1_73' title="bbox 122 3778 3343 3851; baseline -0 -15"><span class='ocrx_word' id='word_1_545' title='bbox 122 3780 559 3849; x_wconf 89' lang='lat' dir='ltr'><strong>corruptionibus</strong></span> <span class='ocrx_word' id='word_1_546' title='bbox 580 3782 759 3846; x_wconf 79' lang='lat' dir='ltr'><strong>nasci;</strong></span> <span class='ocrx_word' id='word_1_547' title='bbox 788 3781 872 3838; x_wconf 86' lang='lat' dir='ltr'><strong>vel</strong></span> <span class='ocrx_word' id='word_1_548' title='bbox 895 3782 941 3837; x_wconf 73' lang='lat' dir='ltr'><strong>si</strong></span> <span class='ocrx_word' id='word_1_549' title='bbox 964 3781 1177 3836; x_wconf 81' lang='lat' dir='ltr'><strong>fuerunt</strong></span> <span class='ocrx_word' id='word_1_550' title='bbox 1201 3783 1340 3851; x_wconf 85' lang='lat' dir='ltr'><strong>sicut</strong></span> <span class='ocrx_word' id='word_1_551' title='bbox 1367 3784 1422 3836; x_wconf 90' lang='lat' dir='ltr'><strong>in</strong></span> <span class='ocrx_word' id='word_1_552' title='bbox 1441 3782 1688 3837; x_wconf 89' lang='lat' dir='ltr'><strong>domibus</strong></span> <span class='ocrx_word' id='word_1_553' title='bbox 1790 3778 2072 3832; x_wconf 88' lang='lat' dir='ltr'><strong>dictionem</strong></span> <span class='ocrx_word' id='word_1_554' title='bbox 2110 3786 2287 3840; x_wconf 64' lang='lat' dir='ltr'><strong>terrai,</strong></span> <span class='ocrx_word' id='word_1_555' title='bbox 2304 3778 2371 3833; x_wconf 91' lang='lat' dir='ltr'><strong>de</strong></span> <span class='ocrx_word' id='word_1_556' title='bbox 2396 3795 2496 3847; x_wconf 75' lang='lat' dir='ltr'><strong>qua</strong></span> <span class='ocrx_word' id='word_1_557' title='bbox 2526 3782 2875 3835; x_wconf 70' lang='lat' dir='ltr'><strong>vescebantur</strong></span> <span class='ocrx_word' id='word_1_558' title='bbox 2901 3781 3149 3836; x_wconf 85' lang='lat' dir='ltr'><strong>animalia</strong></span> <span class='ocrx_word' id='word_1_559' title='bbox 3169 3790 3343 3841; x_wconf 67' lang='lat' dir='ltr'><strong>terrm.</strong></span> 
     </span>
    </p>
   </div>
   <div class='ocr_carea' id='block_1_74' title="bbox 124 3862 3347 3941">
    <p class='ocr_par' dir='ltr' id='par_1_74' title="bbox 124 3862 3347 3941">
     <span class='ocr_line' id='line_1_74' title="bbox 124 3862 3347 3941; baseline 0.001 -18"><span class='ocrx_word' id='word_1_560' title='bbox 124 3883 519 3929; x_wconf 77' lang='lat' dir='ltr'><strong>consueverunt</strong></span> <span class='ocrx_word' id='word_1_561' title='bbox 563 3888 712 3941; x_wconf 75' lang='lat' dir='ltr'><strong>esse,_</strong></span> <span class='ocrx_word' id='word_1_562' title='bbox 752 3873 868 3930; x_wconf 78' lang='lat' dir='ltr'><strong>sine</strong></span> <span class='ocrx_word' id='word_1_563' title='bbox 904 3876 1014 3929; x_wconf 88' lang='lat' dir='ltr'><strong>ullo</strong></span> <span class='ocrx_word' id='word_1_564' title='bbox 1044 3892 1263 3931; x_wconf 74' lang='lat' dir='ltr'><strong>numero</strong></span> <span class='ocrx_word' id='word_1_565' title='bbox 1307 3872 1527 3931; x_wconf 62' lang='lat' dir='ltr'><strong>deﬁhito</strong></span> <span class='ocrx_word' id='word_1_566' title='bbox 1572 3892 1699 3932; x_wconf 64' lang='lat'><strong>3593</strong></span> <span class='ocrx_word' id='word_1_567' title='bbox 1860 3868 2023 3921; x_wconf 87' lang='lat' dir='ltr'><strong>Inter.</strong></span> <span class='ocrx_word' id='word_1_568' title='bbox 2052 3869 2168 3921; x_wconf 73' lang='lat'><strong>121.</strong></span> <span class='ocrx_word' id='word_1_569' title='bbox 2198 3867 2337 3935; x_wconf 89' lang='lat' dir='ltr'><strong>Quid</strong></span> <span class='ocrx_word' id='word_1_570' title='bbox 2369 3869 2433 3923; x_wconf 90' lang='lat' dir='ltr'><strong>de</strong></span> <span class='ocrx_word' id='word_1_571' title='bbox 2463 3869 2781 3924; x_wconf 88' lang='lat' dir='ltr'><strong>animalibus</strong></span> <span class='ocrx_word' id='word_1_572' title='bbox 2819 3870 3004 3925; x_wconf 87' lang='lat' dir='ltr'><strong>sentiri</strong></span> <span class='ocrx_word' id='word_1_573' title='bbox 3030 3862 3187 3926; x_wconf 88' lang='lat' dir='ltr'><strong>debet</strong></span> <span class='ocrx_word' id='word_1_574' title='bbox 3211 3887 3347 3940; x_wconf 79' lang='lat' dir='ltr'><strong>quo—</strong></span> 
     </span>
    </p>
   </div>
   <div class='ocr_carea' id='block_1_75' title="bbox 122 3960 3350 4037">
    <p class='ocr_par' dir='ltr' id='par_1_75' title="bbox 122 3960 3350 4037">
     <span class='ocr_line' id='line_1_75' title="bbox 122 3960 3350 4037; baseline -0 -22"><span class='ocrx_word' id='word_1_575' title='bbox 122 3964 379 4031; x_wconf 90' lang='lat' dir='ltr'><strong>potuisse.</strong></span> <span class='ocrx_word' id='word_1_576' title='bbox 407 3962 513 4016; x_wconf 78' lang='lat' dir='ltr'><strong>Aut</strong></span> <span class='ocrx_word' id='word_1_577' title='bbox 548 3962 594 4015; x_wconf 90' lang='lat' dir='ltr'><strong>si</strong></span> <span class='ocrx_word' id='word_1_578' title='bbox 620 3963 933 4032; x_wconf 83' lang='lat' dir='ltr'><strong>mysterium</strong></span> <span class='ocrx_word' id='word_1_579' title='bbox 958 3966 1378 4021; x_wconf 88' lang='lat' dir='ltr'><strong>sacratissimum</strong></span> <span class='ocrx_word' id='word_1_580' title='bbox 1404 3968 1543 4036; x_wconf 91' lang='lat' dir='ltr'><strong>quod</strong></span> <span class='ocrx_word' id='word_1_581' title='bbox 1569 3982 1691 4037; x_wconf 76' lang='lat' dir='ltr'><strong>age-</strong></span> <span class='ocrx_word' id='word_1_582' title='bbox 1792 3975 1909 4013; x_wconf 89' lang='lat' dir='ltr'><strong>rum</strong></span> <span class='ocrx_word' id='word_1_583' title='bbox 1926 3966 2128 4013; x_wconf 89' lang='lat' dir='ltr'><strong>natura</strong></span> <span class='ocrx_word' id='word_1_584' title='bbox 2152 3972 2251 4013; x_wconf 90' lang='lat' dir='ltr'><strong>nec</strong></span> <span class='ocrx_word' id='word_1_585' title='bbox 2280 3976 2489 4029; x_wconf 67' lang='lat' dir='ltr'><strong>semper</strong></span> <span class='ocrx_word' id='word_1_586' title='bbox 2514 3962 2567 4015; x_wconf 93' lang='lat' dir='ltr'><strong>in</strong></span> <span class='ocrx_word' id='word_1_587' title='bbox 2590 3960 2769 4026; x_wconf 86' lang='lat' dir='ltr'><strong>aridis,</strong></span> <span class='ocrx_word' id='word_1_588' title='bbox 2802 3976 2900 4014; x_wconf 87' lang='lat' dir='ltr'><strong>nec</strong></span> <span class='ocrx_word' id='word_1_589' title='bbox 2932 3974 3141 4029; x_wconf 85' lang='lat' dir='ltr'><strong>semper</strong></span> <span class='ocrx_word' id='word_1_590' title='bbox 3169 3961 3223 4015; x_wconf 92' lang='lat' dir='ltr'><strong>in</strong></span> <span class='ocrx_word' id='word_1_591' title='bbox 3249 3962 3350 4018; x_wconf 92' lang='lat' dir='ltr'><strong>hu-</strong></span> 
     </span>
    </p>
   </div>
   <div class='ocr_carea' id='block_1_76' title="bbox 124 4048 1873 4123">
    <p class='ocr_par' dir='ltr' id='par_1_76' title="bbox 124 4050 1873 4123">
     <span class='ocr_line' id='line_1_76' title="bbox 124 4050 1873 4123; baseline 0.006 -17"><span class='ocrx_word' id='word_1_592' title='bbox 124 4054 302 4116; x_wconf 88' lang='lat' dir='ltr'><strong>hatur,</strong></span> <span class='ocrx_word' id='word_1_593' title='bbox 327 4059 381 4104; x_wconf 90' lang='lat' dir='ltr'><strong>et</strong></span> <span class='ocrx_word' id='word_1_594' title='bbox 405 4060 565 4105; x_wconf 66' lang='lat' dir='ltr'><strong>tantae</strong></span> <span class='ocrx_word' id='word_1_595' title='bbox 601 4053 682 4107; x_wconf 88' lang='lat' dir='ltr'><strong>rei</strong></span> <span class='ocrx_word' id='word_1_596' title='bbox 712 4051 881 4123; x_wconf 81' lang='lat' dir='ltr'><strong>ﬁgura</strong></span> <span class='ocrx_word' id='word_1_597' title='bbox 922 4056 1084 4109; x_wconf 88' lang='lat' dir='ltr'><strong>etiam</strong></span> <span class='ocrx_word' id='word_1_598' title='bbox 1113 4058 1340 4113; x_wconf 86' lang='lat' dir='ltr'><strong>veritate</strong></span> <span class='ocrx_word' id='word_1_599' title='bbox 1367 4057 1495 4114; x_wconf 80' lang='lat' dir='ltr'><strong>facti</strong></span> <span class='ocrx_word' id='word_1_600' title='bbox 1538 4061 1699 4117; x_wconf 67' lang='lat' dir='ltr'><strong>aliter.~</strong></span> <span class='ocrx_word' id='word_1_601' title='bbox 1792 4050 1873 4103; x_wconf 59' lang='grc' dir='ltr'><strong>ωίι</strong></span> 
     </span>
    </p>
   </div>
   <div class='ocr_carea' id='block_1_77' title="bbox 1604 4048 3353 4123">
    <p class='ocr_par' dir='ltr' id='par_1_77' title="bbox 1604 4048 3353 4121">
     <span class='ocr_line' id='line_1_77' title="bbox 1604 4048 3353 4121; baseline 0 -19"><span class='ocrx_word' id='word_1_602' title='bbox 1604 4070 1699 4117; x_wconf 47' lang='lat' dir='ltr'><strong>Lrem.</strong></span> <span class='ocrx_word' id='word_1_603' title='bbox 1792 4050 1953 4104; x_wconf 88' lang='lat' dir='ltr'><strong>midis</strong></span> <span class='ocrx_word' id='word_1_604' title='bbox 1978 4049 2158 4105; x_wconf 86' lang='lat' dir='ltr'><strong>vivere</strong></span> <span class='ocrx_word' id='word_1_605' title='bbox 2182 4059 2378 4121; x_wconf 85' lang='lat' dir='ltr'><strong>potest,</strong></span> <span class='ocrx_word' id='word_1_606' title='bbox 2406 4051 2555 4105; x_wconf 21' lang='lat' dir='ltr'><strong>sicut.</strong></span> <span class='ocrx_word' id='word_1_607' title='bbox 2582 4059 2704 4105; x_wconf 86' lang='lat' dir='ltr'><strong>sunt</strong></span> <span class='ocrx_word' id='word_1_608' title='bbox 2736 4050 2862 4104; x_wconf 78' lang='lat' dir='ltr'><strong>latri</strong></span> <span class='ocrx_word' id='word_1_609' title='bbox 2887 4048 2985 4121; x_wconf 69' lang='lat' dir='ltr'><strong>[et]</strong></span> <span class='ocrx_word' id='word_1_610' title='bbox 3012 4049 3164 4103; x_wconf 88' lang='lat' dir='ltr'><strong>vituli</strong></span> <span class='ocrx_word' id='word_1_611' title='bbox 3181 4051 3353 4109; x_wconf 80' lang='lat' dir='ltr'><strong>mari-</strong></span> 
     </span>
    </p>
   </div>
   <div class='ocr_carea' id='block_1_78' title="bbox 124 4140 3353 4212">
    <p class='ocr_par' dir='ltr' id='par_1_78' title="bbox 124 4140 3353 4212">
     <span class='ocr_line' id='line_1_78' title="bbox 124 4140 3353 4212; baseline -0 -18"><span class='ocrx_word' id='word_1_612' title='bbox 124 4159 232 4198; x_wconf 90' lang='lat' dir='ltr'><strong>non</strong></span> <span class='ocrx_word' id='word_1_613' title='bbox 271 4150 453 4212; x_wconf 90' lang='lat' dir='ltr'><strong>posset</strong></span> <span class='ocrx_word' id='word_1_614' title='bbox 489 4143 715 4212; x_wconf 86' lang='lat' dir='ltr'><strong>impleri,</strong></span> <span class='ocrx_word' id='word_1_615' title='bbox 748 4146 866 4200; x_wconf 37' lang='lat' dir='ltr'><strong>nisi,</strong></span> <span class='ocrx_word' id='word_1_616' title='bbox 886 4154 947 4200; x_wconf 75' lang='lat' dir='ltr'><strong>ut</strong></span> <span class='ocrx_word' id='word_1_617' title='bbox 965 4148 1146 4202; x_wconf 73' lang='lat' dir='ltr'><strong>omnia</strong></span> <span class='ocrx_word' id='word_1_618' title='bbox 1178 4149 1249 4205; x_wconf 80' lang='lat' dir='ltr'><strong>ibi</strong></span> <span class='ocrx_word' id='word_1_619' title='bbox 1278 4159 1427 4206; x_wconf 76' lang='grc' dir='ltr'><strong>οεηο</strong></span> <span class='ocrx_word' id='word_1_620' title='bbox 1471 4152 1561 4207; x_wconf 72' lang='lat' dir='ltr'><strong>illo</strong></span> <span class='ocrx_word' id='word_1_621' title='bbox 1592 4170 1690 4207; x_wconf 73' lang='lat' dir='ltr'><strong>nu-</strong></span> <span class='ocrx_word' id='word_1_622' title='bbox 1793 4140 1869 4201; x_wconf 93' lang='lat' dir='ltr'><strong>ni,</strong></span> <span class='ocrx_word' id='word_1_623' title='bbox 1899 4146 1952 4191; x_wconf 90' lang='lat' dir='ltr'><strong>et</strong></span> <span class='ocrx_word' id='word_1_624' title='bbox 1976 4140 2141 4192; x_wconf 89' lang='lat' dir='ltr'><strong>multa</strong></span> <span class='ocrx_word' id='word_1_625' title='bbox 2168 4140 2345 4193; x_wconf 88' lang='lat' dir='ltr'><strong>avium</strong></span> <span class='ocrx_word' id='word_1_626' title='bbox 2372 4155 2586 4209; x_wconf 88' lang='lat' dir='ltr'><strong>genera,</strong></span> <span class='ocrx_word' id='word_1_627' title='bbox 2616 4156 2734 4207; x_wconf 74' lang='lat' dir='ltr'><strong>qua:</strong></span> <span class='ocrx_word' id='word_1_628' title='bbox 2762 4140 2815 4193; x_wconf 90' lang='lat' dir='ltr'><strong>in</strong></span> <span class='ocrx_word' id='word_1_629' title='bbox 2854 4140 3008 4209; x_wconf 86' lang='lat' dir='ltr'><strong>aquis</strong></span> <span class='ocrx_word' id='word_1_630' title='bbox 3034 4140 3234 4194; x_wconf 90' lang='lat' dir='ltr'><strong>victum</strong></span> <span class='ocrx_word' id='word_1_631' title='bbox 3267 4155 3353 4193; x_wconf 88' lang='lat' dir='ltr'><strong>re-</strong></span> 
     </span>
    </p>
   </div>
   <div class='ocr_carea' id='block_1_79' title="bbox 125 4230 3352 4310">
    <p class='ocr_par' dir='ltr' id='par_1_79' title="bbox 125 4230 3352 4310">
     <span class='ocr_line' id='line_1_79' title="bbox 125 4230 3352 4310; baseline 0 -25"><span class='ocrx_word' id='word_1_632' title='bbox 125 4240 509 4298; x_wconf 82' lang='lat' dir='ltr'><strong>mero‘essent,</strong></span> <span class='ocrx_word' id='word_1_633' title='bbox 537 4248 655 4303; x_wconf 65' lang='lat' dir='ltr'><strong>quae</strong></span> <span class='ocrx_word' id='word_1_634' title='bbox 679 4234 859 4293; x_wconf 80' lang='lat' dir='ltr'><strong>vivere</strong></span> <span class='ocrx_word' id='word_1_635' title='bbox 886 4236 941 4289; x_wconf 85' lang='lat' dir='ltr'><strong>in</strong></span> <span class='ocrx_word' id='word_1_636' title='bbox 967 4237 1140 4306; x_wconf 76' lang='lat' dir='ltr'><strong>aquis,</strong></span> <span class='ocrx_word' id='word_1_637' title='bbox 1171 4238 1312 4298; x_wconf 76' lang='lat' dir='ltr'><strong>illius</strong></span> <span class='ocrx_word' id='word_1_638' title='bbox 1340 4249 1533 4295; x_wconf 61' lang='lat' dir='ltr'><strong>natura</strong></span> <span class='ocrx_word' id='word_1_639' title='bbox 1571 4257 1699 4310; x_wconf 52' lang='lat' dir='ltr'><strong>pro.</strong></span> <span class='ocrx_word' id='word_1_640' title='bbox 1792 4230 2033 4299; x_wconf 89' lang='lat' dir='ltr'><strong>quirunt,</strong></span> <span class='ocrx_word' id='word_1_641' title='bbox 2057 4232 2149 4284; x_wconf 89' lang='lat' dir='ltr'><strong>sed</strong></span> <span class='ocrx_word' id='word_1_642' title='bbox 2181 4232 2232 4283; x_wconf 90' lang='lat' dir='ltr'><strong>in</strong></span> <span class='ocrx_word' id='word_1_643' title='bbox 2262 4232 2427 4285; x_wconf 89' lang='lat' dir='ltr'><strong>aridis</strong></span> <span class='ocrx_word' id='word_1_644' title='bbox 2455 4232 2724 4285; x_wconf 89' lang='lat' dir='ltr'><strong>dormiunt</strong></span> <span class='ocrx_word' id='word_1_645' title='bbox 2753 4230 3043 4303; x_wconf 83' lang='lat' dir='ltr'><strong>[nutriunt]</strong></span> <span class='ocrx_word' id='word_1_646' title='bbox 3068 4241 3121 4287; x_wconf 90' lang='lat' dir='ltr'><strong>et</strong></span> <span class='ocrx_word' id='word_1_647' title='bbox 3146 4234 3352 4301; x_wconf 90' lang='lat' dir='ltr'><strong>requie-</strong></span> 
     </span>
    </p>
   </div>
   <div class='ocr_carea' id='block_1_80' title="bbox 125 4314 3352 4395">
    <p class='ocr_par' dir='ltr' id='par_1_80' title="bbox 125 4314 3352 4395">
     <span class='ocr_line' id='line_1_80' title="bbox 125 4314 3352 4395; baseline 0.001 -21"><span class='ocrx_word' id='word_1_648' title='bbox 125 4322 367 4389; x_wconf 84' lang='lat' dir='ltr'><strong>hibente,</strong></span> <span class='ocrx_word' id='word_1_649' title='bbox 396 4338 501 4379; x_wconf 90' lang='lat' dir='ltr'><strong>non</strong></span> <span class='ocrx_word' id='word_1_650' title='bbox 535 4332 774 4394; x_wconf 87' lang='lat' dir='ltr'><strong>possent,</strong></span> <span class='ocrx_word' id='word_1_651' title='bbox 790 4314 908 4381; x_wconf 42' lang='lat' dir='ltr'><strong>‘non</strong></span> <span class='ocrx_word' id='word_1_652' title='bbox 936 4324 1038 4381; x_wconf 75' lang='lat' dir='ltr'><strong>fuit</strong></span> <span class='ocrx_word' id='word_1_653' title='bbox 1062 4328 1160 4382; x_wconf 71' lang='lat' dir='ltr'><strong>ista</strong></span> <span class='ocrx_word' id='word_1_654' title='bbox 1189 4343 1316 4384; x_wconf 72' lang='lat' dir='ltr'><strong>cum</strong></span> <span class='ocrx_word' id='word_1_655' title='bbox 1346 4330 1487 4388; x_wconf 75' lang='lat' dir='ltr'><strong>iuius</strong></span> <span class='ocrx_word' id='word_1_656' title='bbox 1525 4332 1697 4385; x_wconf 78' lang='lat' dir='ltr'><strong>homi-</strong></span> <span class='ocrx_word' id='word_1_657' title='bbox 1793 4321 2067 4374; x_wconf 85' lang='lat' dir='ltr'><strong>scunt?-—</strong></span> <span class='ocrx_word' id='word_1_658' title='bbox 2093 4320 2244 4391; x_wconf 83' lang='lat' dir='ltr'><strong>Resp.</strong></span> <span class='ocrx_word' id='word_1_659' title='bbox 2276 4322 2455 4376; x_wconf 87' lang='lat' dir='ltr'><strong>Potuit</strong></span> <span class='ocrx_word' id='word_1_660' title='bbox 2479 4321 2666 4395; x_wconf 84' lang='lat' dir='ltr'><strong>[enim]</strong></span> <span class='ocrx_word' id='word_1_661' title='bbox 2694 4325 2865 4380; x_wconf 90' lang='lat' dir='ltr'><strong>virtus</strong></span> <span class='ocrx_word' id='word_1_662' title='bbox 2891 4323 3067 4379; x_wconf 89' lang='lat' dir='ltr'><strong>divina</strong></span> <span class='ocrx_word' id='word_1_663' title='bbox 3095 4326 3352 4378; x_wconf 87' lang='lat' dir='ltr'><strong>utramvis</strong></span> 
     </span>
    </p>
   </div>
   <div class='ocr_carea' id='block_1_81' title="bbox 126 4413 1875 4484">
    <p class='ocr_par' dir='ltr' id='par_1_81' title="bbox 126 4416 1875 4484">
     <span class='ocr_line' id='line_1_81' title="bbox 126 4416 1875 4484; baseline 0.005 -15"><span class='ocrx_word' id='word_1_664' title='bbox 126 4416 214 4475; x_wconf 86' lang='lat' dir='ltr'><strong>nis</strong></span> <span class='ocrx_word' id='word_1_665' title='bbox 244 4416 325 4471; x_wconf 86' lang='lat' dir='ltr'><strong>vel</strong></span> <span class='ocrx_word' id='word_1_666' title='bbox 353 4416 564 4471; x_wconf 91' lang='lat' dir='ltr'><strong>illorum</strong></span> <span class='ocrx_word' id='word_1_667' title='bbox 600 4418 896 4484; x_wconf 87' lang='lat' dir='ltr'><strong>hominum,</strong></span> <span class='ocrx_word' id='word_1_668' title='bbox 925 4420 1017 4476; x_wconf 90' lang='lat' dir='ltr'><strong>sed</strong></span> <span class='ocrx_word' id='word_1_669' title='bbox 1058 4421 1258 4479; x_wconf 90' lang='lat' dir='ltr'><strong>divina.</strong></span> <span class='ocrx_word' id='word_1_670' title='bbox 1285 4422 1402 4479; x_wconf 88' lang='lat' dir='ltr'><strong>Non</strong></span> <span class='ocrx_word' id='word_1_671' title='bbox 1440 4425 1585 4478; x_wconf 89' lang='lat' dir='ltr'><strong>enim</strong></span> <span class='ocrx_word' id='word_1_672' title='bbox 1629 4428 1713 4478; x_wconf 82' lang='lat' dir='ltr'><strong>ea</strong></span> <span class='ocrx_word' id='word_1_673' title='bbox 1793 4424 1875 4466; x_wconf 70' lang='grc' dir='ltr'><strong>θοι</strong></span> 
     </span>
    </p>
   </div>
   <div class='ocr_carea' id='block_1_82' title="bbox 1601 4413 3350 4484">
    <p class='ocr_par' dir='ltr' id='par_1_82' title="bbox 1629 4413 3350 4483">
     <span class='ocr_line' id='line_1_82' title="bbox 1629 4413 3350 4483; baseline 0.002 -18"><span class='ocrx_word' id='word_1_674' title='bbox 1629 4428 1713 4478; x_wconf 57' lang='grc' dir='ltr'><strong>οε·</strong></span> <span class='ocrx_word' id='word_1_675' title='bbox 1793 4424 1977 4466; x_wconf 89' lang='lat' dir='ltr'><strong>eorum</strong></span> <span class='ocrx_word' id='word_1_676' title='bbox 2020 4421 2288 4479; x_wconf 85' lang='lat' dir='ltr'><strong>naturam,</strong></span> <span class='ocrx_word' id='word_1_677' title='bbox 2335 4413 2504 4469; x_wconf 88' lang='lat' dir='ltr'><strong>donec</strong></span> <span class='ocrx_word' id='word_1_678' title='bbox 2547 4415 2800 4469; x_wconf 85' lang='lat' dir='ltr'><strong>diluvium</strong></span> <span class='ocrx_word' id='word_1_679' title='bbox 2848 4415 3117 4478; x_wconf 85' lang='lat' dir='ltr'><strong>transiret,</strong></span> <span class='ocrx_word' id='word_1_680' title='bbox 3149 4422 3350 4483; x_wconf 88' lang='lat' dir='ltr'><strong>tempe-</strong></span> 
     </span>
    </p>
   </div>
   <div class='ocr_carea' id='block_1_83' title="bbox 130 4496 3350 4598">
    <p class='ocr_par' dir='ltr' id='par_1_83' title="bbox 130 4496 3350 4598">
     <span class='ocr_line' id='line_1_83' title="bbox 130 4496 3350 4598; baseline 0.002 -33"><span class='ocrx_word' id='word_1_681' title='bbox 130 4506 244 4565; x_wconf 82' lang='lat' dir='ltr'><strong>Noe</strong></span> <span class='ocrx_word' id='word_1_682' title='bbox 271 4498 485 4577; x_wconf 85' lang='lat' dir='ltr'><strong>capiens</strong></span> <span class='ocrx_word' id='word_1_683' title='bbox 513 4509 916 4575; x_wconf 88' lang='lat' dir='ltr'><strong>intromittebat,</strong></span> <span class='ocrx_word' id='word_1_684' title='bbox 946 4511 1038 4566; x_wconf 87' lang='lat' dir='ltr'><strong>sed</strong></span> <span class='ocrx_word' id='word_1_685' title='bbox 1067 4514 1331 4570; x_wconf 87' lang='lat' dir='ltr'><strong>venientia</strong></span> <span class='ocrx_word' id='word_1_686' title='bbox 1354 4524 1411 4569; x_wconf 90' lang='lat' dir='ltr'><strong>et</strong></span> <span class='ocrx_word' id='word_1_687' title='bbox 1440 4516 1692 4572; x_wconf 74' lang='lat' dir='ltr'><strong>intrantis</strong></span> <span class='ocrx_word' id='word_1_688' title='bbox 1722 4538 1773 4598; x_wconf 68' lang='grc' dir='ltr'><strong>υ</strong></span> <span class='ocrx_word' id='word_1_689' title='bbox 1795 4520 1937 4569; x_wconf 54' lang='lat' dir='ltr'><strong>rare.</strong></span> <span class='ocrx_word' id='word_1_690' title='bbox 1965 4496 2025 4559; x_wconf 69' lang='grc' dir='ltr'><strong>υί</strong></span> <span class='ocrx_word' id='word_1_691' title='bbox 2058 4514 2151 4559; x_wconf 70' lang='grc' dir='ltr'><strong>³1η</strong></span> <span class='ocrx_word' id='word_1_692' title='bbox 2179 4507 2233 4559; x_wconf 75' lang='lat' dir='ltr'><strong>in</strong></span> <span class='ocrx_word' id='word_1_693' title='bbox 2259 4506 2479 4559; x_wconf 75' lang='grc' dir='ltr'><strong>ιιυωίάο</strong></span> <span class='ocrx_word' id='word_1_694' title='bbox 2512 4513 2733 4567; x_wconf 56' lang='lat' dir='ltr'><strong>tantum»</strong></span> <span class='ocrx_word' id='word_1_695' title='bbox 2765 4513 2857 4557; x_wconf 70' lang='lat' dir='ltr'><strong>al&quot;</strong></span> <span class='ocrx_word' id='word_1_696' title='bbox 2884 4505 2937 4557; x_wconf 73' lang='lat' dir='ltr'><strong>in</strong></span> <span class='ocrx_word' id='word_1_697' title='bbox 2963 4504 3350 4563; x_wconf 68' lang='grc' dir='ltr'><strong>πίίῑοουηιυηι</strong></span> 
     </span>
    </p>
   </div>
   <div class='ocr_carea' id='block_1_84' title="bbox 85 4596 3354 4669">
    <p class='ocr_par' dir='ltr' id='par_1_84' title="bbox 85 4596 3354 4669">
     <span class='ocr_line' id='line_1_84' title="bbox 85 4596 3354 4669; baseline 0.001 -20"><span class='ocrx_word' id='word_1_698' title='bbox 85 4620 99 4629; x_wconf 83' lang='grc'><strong>·</strong></span> <span class='ocrx_word' id='word_1_699' title='bbox 126 4597 489 4663; x_wconf 83' lang='lat' dir='ltr'><strong>permittebat.</strong></span> <span class='ocrx_word' id='word_1_700' title='bbox 514 4597 594 4651; x_wconf 81' lang='lat' dir='ltr'><strong>Ad</strong></span> <span class='ocrx_word' id='word_1_701' title='bbox 629 4598 897 4652; x_wconf 87' lang='lat' dir='ltr'><strong>hoc-enim</strong></span> <span class='ocrx_word' id='word_1_702' title='bbox 919 4600 1067 4653; x_wconf 82' lang='lat' dir='ltr'><strong>valet</strong></span> <span class='ocrx_word' id='word_1_703' title='bbox 1086 4604 1226 4669; x_wconf 92' lang='lat' dir='ltr'><strong>quod</strong></span> <span class='ocrx_word' id='word_1_704' title='bbox 1260 4602 1459 4658; x_wconf 87' lang='lat' dir='ltr'><strong>dictum</strong></span> <span class='ocrx_word' id='word_1_705' title='bbox 1484 4614 1588 4668; x_wconf 86' lang='lat' dir='ltr'><strong>est,</strong></span> <span class='ocrx_word' id='word_1_706' title='bbox 1614 4609 1696 4662; x_wconf 82' lang='lat' dir='ltr'><strong>in-</strong></span> <span class='ocrx_word' id='word_1_707' title='bbox 1728 4596 1755 4598; x_wconf 53' lang='grc'><strong>⁷</strong></span> <span class='ocrx_word' id='word_1_708' title='bbox 1796 4598 1975 4652; x_wconf 88' lang='lat' dir='ltr'><strong>vivere</strong></span> <span class='ocrx_word' id='word_1_709' title='bbox 1998 4606 2214 4665; x_wconf 55' lang='lat' dir='ltr'><strong>possent</strong></span> <span class='ocrx_word' id='word_1_710' title='bbox 2240 4615 2253 4649; x_wconf 76' lang='grc' dir='ltr'><strong>ε</strong></span> <span class='ocrx_word' id='word_1_711' title='bbox 2281 4597 2381 4651; x_wconf 90' lang='lat' dir='ltr'><strong>nisi</strong></span> <span class='ocrx_word' id='word_1_712' title='bbox 2406 4596 2543 4650; x_wconf 83' lang='lat' dir='ltr'><strong>forte</strong></span> <span class='ocrx_word' id='word_1_713' title='bbox 2572 4604 2722 4649; x_wconf 77' lang='lat' dir='ltr'><strong>extra</strong></span> <span class='ocrx_word' id='word_1_714' title='bbox 2748 4611 2928 4655; x_wconf 86' lang='lat' dir='ltr'><strong>arcam</strong></span> <span class='ocrx_word' id='word_1_715' title='bbox 2963 4596 3015 4649; x_wconf 91' lang='lat' dir='ltr'><strong>in</strong></span> <span class='ocrx_word' id='word_1_716' title='bbox 3042 4596 3218 4667; x_wconf 89' lang='lat' dir='ltr'><strong>aliqua</strong></span> <span class='ocrx_word' id='word_1_717' title='bbox 3239 4597 3354 4665; x_wconf 87' lang='lat' dir='ltr'><strong>ejus</strong></span> 
     </span>
    </p>
   </div>
   <div class='ocr_carea' id='block_1_85' title="bbox 129 4689 1695 4755">
    <p class='ocr_par' dir='ltr' id='par_1_85' title="bbox 129 4689 1695 4755">
     <span class='ocr_line' id='line_1_85' title="bbox 129 4689 1695 4755; baseline 0.01 -15"><span class='ocrx_word' id='word_1_718' title='bbox 129 4689 341 4741; x_wconf 84' lang='lat' dir='ltr'><strong>trabunt</strong></span> <span class='ocrx_word' id='word_1_719' title='bbox 386 4689 455 4740; x_wconf 84' lang='lat' dir='ltr'><strong>ad</strong></span> <span class='ocrx_word' id='word_1_720' title='bbox 477 4697 541 4752; x_wconf 83' lang='lat' dir='ltr'><strong>te,</strong></span> <span class='ocrx_word' id='word_1_721' title='bbox 584 4690 787 4746; x_wconf 86' lang='lat' dir='ltr'><strong>scilicet</strong></span> <span class='ocrx_word' id='word_1_722' title='bbox 822 4707 927 4748; x_wconf 83' lang='lat' dir='ltr'><strong>non</strong></span> <span class='ocrx_word' id='word_1_723' title='bbox 962 4692 1015 4746; x_wconf 94' lang='lat' dir='ltr'><strong>in</strong></span> <span class='ocrx_word' id='word_1_724' title='bbox 1044 4693 1276 4750; x_wconf 88' lang='lat' dir='ltr'><strong>hominis</strong></span> <span class='ocrx_word' id='word_1_725' title='bbox 1302 4704 1441 4755; x_wconf 70' lang='lat' dir='ltr'><strong>actu.</strong></span> <span class='ocrx_word' id='word_1_726' title='bbox 1484 4699 1577 4754; x_wconf 88' lang='lat' dir='ltr'><strong>sed</strong></span> <span class='ocrx_word' id='word_1_727' title='bbox 1602 4700 1695 4755; x_wconf 89' lang='lat' dir='ltr'><strong>Dei</strong></span> 
     </span>
    </p>
   </div>
   <div class='ocr_carea' id='block_1_86' title="bbox 133 4773 1515 4849">
    <p class='ocr_par' dir='ltr' id='par_1_86' title="bbox 133 4773 1515 4849">
     <span class='ocr_line' id='line_1_86' title="bbox 133 4773 1515 4849; baseline 0.006 -21"><span class='ocrx_word' id='word_1_728' title='bbox 133 4774 286 4847; x_wconf 78' lang='lat' dir='ltr'><strong>[Hs.,</strong></span> <span class='ocrx_word' id='word_1_729' title='bbox 313 4775 515 4849; x_wconf 86' lang='lat' dir='ltr'><strong>divino]</strong></span> <span class='ocrx_word' id='word_1_730' title='bbox 544 4785 691 4832; x_wconf 86' lang='lat' dir='ltr'><strong>nutu.</strong></span> <span class='ocrx_word' id='word_1_731' title='bbox 726 4800 744 4831; x_wconf 79' lang='grc' dir='ltr'><strong>ι</strong></span> <span class='ocrx_word' id='word_1_732' title='bbox 829 4773 835 4778; x_wconf 72' lang='grc'><em>’</em></span> <span class='ocrx_word' id='word_1_733' title='bbox 1510 4774 1515 4779; x_wconf 46' lang='grc'><em>”</em></span> 
     </span>
    </p>
   </div>
   <div class='ocr_carea' id='block_1_87' title="bbox 205 4864 1695 4949">
    <p class='ocr_par' dir='ltr' id='par_1_87' title="bbox 205 4864 1695 4949">
     <span class='ocr_line' id='line_1_87' title="bbox 205 4864 1695 4949; baseline 0.011 -32"><span class='ocrx_word' id='word_1_734' title='bbox 205 4864 370 4919; x_wconf 89' lang='lat' dir='ltr'><strong>Inter.</strong></span> <span class='ocrx_word' id='word_1_735' title='bbox 402 4868 520 4921; x_wconf 85' lang='lat'><strong>116.</strong></span> <span class='ocrx_word' id='word_1_736' title='bbox 555 4868 829 4939; x_wconf 85' lang='lat' dir='ltr'><strong>Quomodo</strong></span> <span class='ocrx_word' id='word_1_737' title='bbox 861 4871 1051 4946; x_wconf 83' lang='lat' dir='ltr'><strong>[enim]</strong></span> <span class='ocrx_word' id='word_1_738' title='bbox 1080 4884 1426 4949; x_wconf 82' lang='lat' dir='ltr'><strong>posteaquam</strong></span> <span class='ocrx_word' id='word_1_739' title='bbox 1455 4879 1695 4935; x_wconf 86' lang='lat' dir='ltr'><strong>clausum</strong></span> 
     </span>
    </p>
   </div>
   <div class='ocr_carea' id='block_1_88' title="bbox 130 4956 1697 5035">
    <p class='ocr_par' dir='ltr' id='par_1_88' title="bbox 130 4956 1697 5035">
     <span class='ocr_line' id='line_1_88' title="bbox 130 4956 1697 5035; baseline 0.01 -26"><span class='ocrx_word' id='word_1_740' title='bbox 130 4963 215 5010; x_wconf 88' lang='lat' dir='ltr'><strong>est</strong></span> <span class='ocrx_word' id='word_1_741' title='bbox 253 4956 448 5009; x_wconf 89' lang='lat' dir='ltr'><strong>ostium</strong></span> <span class='ocrx_word' id='word_1_742' title='bbox 472 4966 527 5011; x_wconf 83' lang='lat' dir='ltr'><strong>et</strong></span> <span class='ocrx_word' id='word_1_743' title='bbox 562 4960 737 5016; x_wconf 92' lang='lat' dir='ltr'><strong>nullus</strong></span> <span class='ocrx_word' id='word_1_744' title='bbox 766 4956 1040 5022; x_wconf 86' lang='lat' dir='ltr'><strong>hominum</strong></span> <span class='ocrx_word' id='word_1_745' title='bbox 1073 4976 1225 5026; x_wconf 80' lang='lat' dir='ltr'><strong>extra</strong></span> <span class='ocrx_word' id='word_1_746' title='bbox 1251 4984 1431 5024; x_wconf 89' lang='lat' dir='ltr'><strong>arcam</strong></span> <span class='ocrx_word' id='word_1_747' title='bbox 1460 4969 1579 5035; x_wconf 82' lang='lat' dir='ltr'><strong>luit,</strong></span> <span class='ocrx_word' id='word_1_748' title='bbox 1616 4971 1697 5025; x_wconf 82' lang='lat' dir='ltr'><strong>in-</strong></span> 
     </span>
    </p>
   </div>
   <div class='ocr_carea' id='block_1_89' title="bbox 132 5039 1695 5131">
    <p class='ocr_par' dir='ltr' id='par_1_89' title="bbox 132 5039 1695 5131">
     <span class='ocr_line' id='line_1_89' title="bbox 132 5039 1695 5131; baseline 0.008 -29"><span class='ocrx_word' id='word_1_749' title='bbox 132 5048 275 5103; x_wconf 89' lang='lat' dir='ltr'><strong>cludi</strong></span> <span class='ocrx_word' id='word_1_750' title='bbox 321 5054 377 5101; x_wconf 92' lang='lat' dir='ltr'><strong>et</strong></span> <span class='ocrx_word' id='word_1_751' title='bbox 420 5048 739 5109; x_wconf 79' lang='lat' dir='ltr'><strong>bituminari.</strong></span> <span class='ocrx_word' id='word_1_752' title='bbox 774 5039 1109 5131; x_wconf 77' lang='lat' dir='ltr'><strong>extrinsecus</strong></span> <span class='ocrx_word' id='word_1_753' title='bbox 1151 5060 1345 5113; x_wconf 90' lang='lat' dir='ltr'><strong>ostium</strong></span> <span class='ocrx_word' id='word_1_754' title='bbox 1400 5060 1695 5131; x_wconf 66' lang='lat' dir='ltr'><strong>potum—-</strong></span> 
     </span>
    </p>
   </div>
   <div class='ocr_carea' id='block_1_90' title="bbox 135 5130 1695 5220">
    <p class='ocr_par' dir='ltr' id='par_1_90' title="bbox 135 5130 1695 5220">
     <span class='ocr_line' id='line_1_90' title="bbox 135 5130 1695 5220; baseline 0.008 -26"><span class='ocrx_word' id='word_1_755' title='bbox 135 5140 290 5210; x_wconf 87' lang='lat' dir='ltr'><strong>Resp.</strong></span> <span class='ocrx_word' id='word_1_756' title='bbox 337 5138 449 5194; x_wconf 82' lang='lat' dir='ltr'><strong>Hoc</strong></span> <span class='ocrx_word' id='word_1_757' title='bbox 490 5142 604 5197; x_wconf 89' lang='lat' dir='ltr'><strong>sine</strong></span> <span class='ocrx_word' id='word_1_758' title='bbox 641 5142 803 5202; x_wconf 86' lang='lat' dir='ltr'><strong>dubio</strong></span> <span class='ocrx_word' id='word_1_759' title='bbox 829 5130 1191 5220; x_wconf 64' lang='grc' dir='ltr'><strong>ἀὶνίιιῖμιι,</strong></span> <span class='ocrx_word' id='word_1_760' title='bbox 1242 5130 1435 5205; x_wconf 71' lang='lat' dir='ltr'><strong>divinae</strong></span> <span class='ocrx_word' id='word_1_761' title='bbox 1480 5152 1695 5207; x_wconf 85' lang='lat' dir='ltr'><strong>virtutis</strong></span> 
     </span>
    </p>
   </div>
   <div class='ocr_carea' id='block_1_91' title="bbox 134 5230 1687 5310">
    <p class='ocr_par' dir='ltr' id='par_1_91' title="bbox 134 5230 1687 5310">
     <span class='ocr_line' id='line_1_91' title="bbox 134 5230 1687 5310; baseline 0.008 -24"><span class='ocrx_word' id='word_1_762' title='bbox 134 5230 291 5303; x_wconf 90' lang='lat' dir='ltr'><strong>opus]</strong></span> <span class='ocrx_word' id='word_1_763' title='bbox 322 5235 500 5302; x_wconf 87' lang='lat' dir='ltr'><strong>operis</strong></span> <span class='ocrx_word' id='word_1_764' title='bbox 525 5234 640 5301; x_wconf 75' lang='lat' dir='ltr'><strong>fuit,</strong></span> <span class='ocrx_word' id='word_1_765' title='bbox 664 5251 732 5290; x_wconf 91' lang='lat' dir='ltr'><strong>ne</strong></span> <span class='ocrx_word' id='word_1_766' title='bbox 758 5237 1161 5307; x_wconf 80' lang='lat' dir='ltr'><strong>ingrederentur</strong></span> <span class='ocrx_word' id='word_1_767' title='bbox 1182 5255 1333 5310; x_wconf 74' lang='lat' dir='ltr'><strong>aqua:</strong></span> <span class='ocrx_word' id='word_1_768' title='bbox 1352 5256 1449 5310; x_wconf 89' lang='lat' dir='ltr'><strong>per</strong></span> <span class='ocrx_word' id='word_1_769' title='bbox 1468 5243 1687 5307; x_wconf 90' lang='lat' dir='ltr'><strong>aditum,</strong></span> 
     </span>
    </p>
   </div>
   <div class='ocr_carea' id='block_1_92' title="bbox 134 5322 1619 5399">
    <p class='ocr_par' dir='ltr' id='par_1_92' title="bbox 134 5322 1619 5399">
     <span class='ocr_line' id='line_1_92' title="bbox 134 5322 1619 5399; baseline 0.006 -23"><span class='ocrx_word' id='word_1_770' title='bbox 134 5324 276 5392; x_wconf 90' lang='lat' dir='ltr'><strong>quod</strong></span> <span class='ocrx_word' id='word_1_771' title='bbox 304 5322 507 5395; x_wconf 80' lang='lat' dir='ltr'><strong>[Forte,</strong></span> <span class='ocrx_word' id='word_1_772' title='bbox 528 5326 710 5399; x_wconf 87' lang='lat' dir='ltr'><strong>quem]</strong></span> <span class='ocrx_word' id='word_1_773' title='bbox 731 5329 961 5383; x_wconf 85' lang='lat' dir='ltr'><strong>humana</strong></span> <span class='ocrx_word' id='word_1_774' title='bbox 989 5346 1093 5385; x_wconf 91' lang='lat' dir='ltr'><strong>non</strong></span> <span class='ocrx_word' id='word_1_775' title='bbox 1119 5331 1384 5386; x_wconf 89' lang='lat' dir='ltr'><strong>munierat</strong></span> <span class='ocrx_word' id='word_1_776' title='bbox 1412 5347 1619 5387; x_wconf 90' lang='lat' dir='ltr'><strong>manus.</strong></span> 
     </span>
    </p>
   </div>
   <div class='ocr_carea' id='block_1_93' title="bbox 206 5413 1690 5493">
    <p class='ocr_par' dir='ltr' id='par_1_93' title="bbox 206 5413 1690 5493">
     <span class='ocr_line' id='line_1_93' title="bbox 206 5413 1690 5493; baseline 0.008 -26"><span class='ocrx_word' id='word_1_777' title='bbox 206 5413 372 5468; x_wconf 86' lang='lat' dir='ltr'><strong>Inter.</strong></span> <span class='ocrx_word' id='word_1_778' title='bbox 403 5416 524 5469; x_wconf 87' lang='grc'><strong>117.</strong></span> <span class='ocrx_word' id='word_1_779' title='bbox 549 5416 825 5483; x_wconf 89' lang='lat' dir='ltr'><strong>Quomodo</strong></span> <span class='ocrx_word' id='word_1_780' title='bbox 852 5420 1059 5479; x_wconf 85' lang='lat' dir='ltr'><strong>Leones</strong></span> <span class='ocrx_word' id='word_1_781' title='bbox 1103 5422 1157 5476; x_wconf 92' lang='lat' dir='ltr'><strong>in</strong></span> <span class='ocrx_word' id='word_1_782' title='bbox 1187 5437 1313 5478; x_wconf 88' lang='lat' dir='ltr'><strong>arca</strong></span> <span class='ocrx_word' id='word_1_783' title='bbox 1356 5423 1441 5479; x_wconf 84' lang='lat' dir='ltr'><strong>vel</strong></span> <span class='ocrx_word' id='word_1_784' title='bbox 1479 5424 1690 5493; x_wconf 81' lang='lat' dir='ltr'><strong>aquilae,</strong></span> 
     </span>
    </p>
   </div>
   <div class='ocr_carea' id='block_1_94' title="bbox 136 5505 1693 5581">
    <p class='ocr_par' dir='ltr' id='par_1_94' title="bbox 136 5505 1693 5581">
     <span class='ocr_line' id='line_1_94' title="bbox 136 5505 1693 5581; baseline 0.005 -22"><span class='ocrx_word' id='word_1_785' title='bbox 136 5505 229 5577; x_wconf 91' lang='lat' dir='ltr'><strong>qui</strong></span> <span class='ocrx_word' id='word_1_786' title='bbox 255 5514 585 5560; x_wconf 17' lang='lat' dir='ltr'><strong>consuerunt,</strong></span> <span class='ocrx_word' id='word_1_787' title='bbox 606 5510 857 5567; x_wconf 84' lang='lat' dir='ltr'><strong>carnibus</strong></span> <span class='ocrx_word' id='word_1_788' title='bbox 883 5512 1083 5576; x_wconf 89' lang='lat' dir='ltr'><strong>vivere,</strong></span> <span class='ocrx_word' id='word_1_789' title='bbox 1112 5512 1258 5581; x_wconf 87' lang='lat' dir='ltr'><strong>pasci</strong></span> <span class='ocrx_word' id='word_1_790' title='bbox 1285 5514 1607 5581; x_wconf 85' lang='lat' dir='ltr'><strong>potuerunt?</strong></span> <span class='ocrx_word' id='word_1_791' title='bbox 1626 5544 1693 5558; x_wconf 83' lang='lat'><strong><em>—</em></strong></span> 
     </span>
    </p>
   </div>
   <div class='ocr_carea' id='block_1_95' title="bbox 139 5591 1693 5673">
    <p class='ocr_par' dir='ltr' id='par_1_95' title="bbox 139 5591 1693 5673">
     <span class='ocr_line' id='line_1_95' title="bbox 139 5591 1693 5673; baseline 0.006 -24"><span class='ocrx_word' id='word_1_792' title='bbox 139 5591 292 5663; x_wconf 82' lang='lat' dir='ltr'><strong>Resp.</strong></span> <span class='ocrx_word' id='word_1_793' title='bbox 328 5592 490 5648; x_wconf 84' lang='lat' dir='ltr'><strong>Forte</strong></span> <span class='ocrx_word' id='word_1_794' title='bbox 516 5602 569 5648; x_wconf 92' lang='lat' dir='ltr'><strong>et</strong></span> <span class='ocrx_word' id='word_1_795' title='bbox 593 5594 699 5656; x_wconf 81' lang='lat' dir='ltr'><strong>alia</strong></span> <span class='ocrx_word' id='word_1_796' title='bbox 732 5599 981 5656; x_wconf 83' lang='lat' dir='ltr'><strong>animalia</strong></span> <span class='ocrx_word' id='word_1_797' title='bbox 1017 5599 1233 5673; x_wconf 60' lang='lat' dir='ltr'><strong>[praeter</strong></span> <span class='ocrx_word' id='word_1_798' title='bbox 1258 5615 1535 5657; x_wconf 87' lang='lat' dir='ltr'><strong>numerum</strong></span> <span class='ocrx_word' id='word_1_799' title='bbox 1562 5602 1693 5659; x_wconf 71' lang='lat' dir='ltr'><strong>defr-</strong></span> 
     </span>
    </p>
   </div>
   <div class='ocr_carea' id='block_1_96' title="bbox 142 5683 1695 5763">
    <p class='ocr_par' dir='ltr' id='par_1_96' title="bbox 142 5683 1695 5763">
     <span class='ocr_line' id='line_1_96' title="bbox 142 5683 1695 5763; baseline 0.009 -25"><span class='ocrx_word' id='word_1_800' title='bbox 142 5683 328 5757; x_wconf 86' lang='lat' dir='ltr'><strong>nitum]</strong></span> <span class='ocrx_word' id='word_1_801' title='bbox 378 5694 598 5756; x_wconf 88' lang='lat' dir='ltr'><strong>propter</strong></span> <span class='ocrx_word' id='word_1_802' title='bbox 639 5686 864 5763; x_wconf 76' lang='lat' dir='ltr'><strong>aliorum</strong></span> <span class='ocrx_word' id='word_1_803' title='bbox 906 5706 1104 5755; x_wconf 87' lang='lat' dir='ltr'><strong>escam,</strong></span> <span class='ocrx_word' id='word_1_804' title='bbox 1154 5692 1209 5748; x_wconf 93' lang='lat' dir='ltr'><strong>in</strong></span> <span class='ocrx_word' id='word_1_805' title='bbox 1257 5707 1437 5748; x_wconf 81' lang='lat' dir='ltr'><strong>arcam</strong></span> <span class='ocrx_word' id='word_1_806' title='bbox 1482 5695 1695 5751; x_wconf 83' lang='lat' dir='ltr'><strong>luerunt</strong></span> 
     </span>
    </p>
   </div>
   <div class='ocr_carea' id='block_1_97' title="bbox 144 5775 1691 5849">
    <p class='ocr_par' dir='ltr' id='par_1_97' title="bbox 144 5775 1691 5849">
     <span class='ocr_line' id='line_1_97' title="bbox 144 5775 1691 5849; baseline 0.009 -21"><span class='ocrx_word' id='word_1_807' title='bbox 144 5776 329 5839; x_wconf 77' lang='lat' dir='ltr'><strong>missa;</strong></span> <span class='ocrx_word' id='word_1_808' title='bbox 372 5775 453 5831; x_wconf 78' lang='lat' dir='ltr'><strong>vel</strong></span> <span class='ocrx_word' id='word_1_809' title='bbox 483 5775 658 5847; x_wconf 79' lang='lat' dir='ltr'><strong>aliqua</strong></span> <span class='ocrx_word' id='word_1_810' title='bbox 703 5778 902 5834; x_wconf 84' lang='lat' dir='ltr'><strong>cibaria</strong></span> <span class='ocrx_word' id='word_1_811' title='bbox 930 5788 1135 5849; x_wconf 65' lang='lat' dir='ltr'><strong>praeter</strong></span> <span class='ocrx_word' id='word_1_812' title='bbox 1167 5797 1356 5837; x_wconf 86' lang='lat' dir='ltr'><strong>carnes</strong></span> <span class='ocrx_word' id='word_1_813' title='bbox 1392 5799 1421 5836; x_wconf 87' lang='lat' dir='ltr'><strong>a</strong></span> <span class='ocrx_word' id='word_1_814' title='bbox 1464 5782 1580 5839; x_wconf 85' lang='lat' dir='ltr'><strong>viro</strong></span> <span class='ocrx_word' id='word_1_815' title='bbox 1610 5801 1691 5841; x_wconf 82' lang='lat' dir='ltr'><strong>sa-</strong></span> 
     </span>
    </p>
   </div>
   <div class='ocr_carea' id='block_1_98' title="bbox 1794 4687 3355 4760">
    <p class='ocr_par' dir='ltr' id='par_1_98' title="bbox 1794 4687 3355 4760">
     <span class='ocr_line' id='line_1_98' title="bbox 1794 4687 3355 4760; baseline 0.003 -18"><span class='ocrx_word' id='word_1_816' title='bbox 1794 4698 1945 4757; x_wconf 90' lang='lat' dir='ltr'><strong>parte</strong></span> <span class='ocrx_word' id='word_1_817' title='bbox 1988 4688 2104 4743; x_wconf 89' lang='lat' dir='ltr'><strong>loca</strong></span> <span class='ocrx_word' id='word_1_818' title='bbox 2143 4687 2247 4742; x_wconf 90' lang='lat' dir='ltr'><strong>illis</strong></span> <span class='ocrx_word' id='word_1_819' title='bbox 2278 4696 2575 4757; x_wconf 77' lang='lat' dir='ltr'><strong>prmparata</strong></span> <span class='ocrx_word' id='word_1_820' title='bbox 2614 4697 2835 4752; x_wconf 46' lang='lat' dir='ltr'><strong>essenth</strong></span> <span class='ocrx_word' id='word_1_821' title='bbox 2853 4688 2991 4742; x_wconf 90' lang='lat' dir='ltr'><strong>unde</strong></span> <span class='ocrx_word' id='word_1_822' title='bbox 3020 4696 3075 4743; x_wconf 91' lang='lat' dir='ltr'><strong>et</strong></span> <span class='ocrx_word' id='word_1_823' title='bbox 3116 4689 3170 4743; x_wconf 91' lang='lat' dir='ltr'><strong>in</strong></span> <span class='ocrx_word' id='word_1_824' title='bbox 3201 4692 3355 4760; x_wconf 89' lang='lat' dir='ltr'><strong>aquis</strong></span> 
     </span>
    </p>
   </div>
   <div class='ocr_carea' id='block_1_99' title="bbox 1794 4775 3031 4846">
    <p class='ocr_par' dir='ltr' id='par_1_99' title="bbox 1794 4775 3031 4846">
     <span class='ocr_line' id='line_1_99' title="bbox 1794 4775 3031 4846; baseline 0.002 -18"><span class='ocrx_word' id='word_1_825' title='bbox 1794 4777 1970 4829; x_wconf 86' lang='lat' dir='ltr'><strong>vivere</strong></span> <span class='ocrx_word' id='word_1_826' title='bbox 2002 4782 2056 4830; x_wconf 91' lang='lat' dir='ltr'><strong>et</strong></span> <span class='ocrx_word' id='word_1_827' title='bbox 2082 4776 2137 4829; x_wconf 91' lang='lat' dir='ltr'><strong>in</strong></span> <span class='ocrx_word' id='word_1_828' title='bbox 2162 4775 2328 4831; x_wconf 88' lang='lat' dir='ltr'><strong>aridis</strong></span> <span class='ocrx_word' id='word_1_829' title='bbox 2362 4776 2695 4845; x_wconf 86' lang='lat' dir='ltr'><strong>requiescere</strong></span> <span class='ocrx_word' id='word_1_830' title='bbox 2719 4777 3031 4846; x_wconf 82' lang='lat' dir='ltr'><strong>potuissent.</strong></span> 
     </span>
    </p>
   </div>
   <div class='ocr_carea' id='block_1_100' title="bbox 1860 4886 3351 4959">
    <p class='ocr_par' dir='ltr' id='par_1_100' title="bbox 1860 4886 3351 4959">
     <span class='ocr_line' id='line_1_100' title="bbox 1860 4886 3351 4959; baseline -0.008 -2"><span class='ocrx_word' id='word_1_831' title='bbox 1860 4886 2019 4957; x_wconf 74' lang='lat'><strong>315</strong></span> <span class='ocrx_word' id='word_1_832' title='bbox 2045 4886 2208 4941; x_wconf 79' lang='lat' dir='ltr'><strong>Inter.</strong></span> <span class='ocrx_word' id='word_1_833' title='bbox 2241 4887 2360 4942; x_wconf 84' lang='lat'><strong>125.</strong></span> <span class='ocrx_word' id='word_1_834' title='bbox 2408 4888 2482 4943; x_wconf 90' lang='lat' dir='ltr'><strong>De</strong></span> <span class='ocrx_word' id='word_1_835' title='bbox 2522 4889 2853 4959; x_wconf 76' lang='lat' dir='ltr'><strong>quospiritu</strong></span> <span class='ocrx_word' id='word_1_836' title='bbox 2902 4890 3075 4945; x_wconf 83' lang='lat' dir='ltr'><strong>dixit:</strong></span> <span class='ocrx_word' id='word_1_837' title='bbox 3120 4892 3351 4945; x_wconf 65' lang='lat' dir='ltr'><strong>Adduxit</strong></span> 
     </span>
    </p>
   </div>
   <div class='ocr_carea' id='block_1_101' title="bbox 1791 4976 3353 5051">
    <p class='ocr_par' dir='ltr' id='par_1_101' title="bbox 1791 4976 3353 5051">
     <span class='ocr_line' id='line_1_101' title="bbox 1791 4976 3353 5051; baseline 0.001 -20"><span class='ocrx_word' id='word_1_838' title='bbox 1791 4977 1931 5031; x_wconf 87' lang='lat' dir='ltr'><strong>Deus</strong></span> <span class='ocrx_word' id='word_1_839' title='bbox 1950 4976 2208 5047; x_wconf 85' lang='lat' dir='ltr'><strong>Spiritum</strong></span> <span class='ocrx_word' id='word_1_840' title='bbox 2234 4986 2284 5032; x_wconf 91' lang='lat' dir='ltr'><strong>et</strong></span> <span class='ocrx_word' id='word_1_841' title='bbox 2316 4979 2598 5032; x_wconf 65' lang='lat' dir='ltr'><strong>imminutae</strong></span> <span class='ocrx_word' id='word_1_842' title='bbox 2622 4990 2740 5033; x_wconf 88' lang='lat' dir='ltr'><strong>sunt</strong></span> <span class='ocrx_word' id='word_1_843' title='bbox 2766 4997 2915 5050; x_wconf 66' lang='lat' dir='ltr'><strong>aqua</strong></span> <span class='ocrx_word' id='word_1_844' title='bbox 2936 4979 3087 5051; x_wconf 82' lang='lat' dir='ltr'><strong>(Gen.</strong></span> <span class='ocrx_word' id='word_1_845' title='bbox 3113 4996 3229 5043; x_wconf 85' lang='lat' dir='ltr'><strong>vrn,</strong></span> <span class='ocrx_word' id='word_1_846' title='bbox 3255 4981 3305 5049; x_wconf 86' lang='lat'><strong>1)</strong></span> <span class='ocrx_word' id='word_1_847' title='bbox 3329 4982 3353 5033; x_wconf 89' lang='lat'><strong>?</strong></span> 
     </span>
    </p>
   </div>
   <div class='ocr_carea' id='block_1_102' title="bbox 1791 5064 3347 5139">
    <p class='ocr_par' dir='ltr' id='par_1_102' title="bbox 1791 5064 3347 5139">
     <span class='ocr_line' id='line_1_102' title="bbox 1791 5064 3347 5139; baseline 0.001 -20"><span class='ocrx_word' id='word_1_848' title='bbox 1791 5096 1860 5107; x_wconf 86' lang='lat'><strong>—-</strong></span> <span class='ocrx_word' id='word_1_849' title='bbox 1885 5064 2038 5137; x_wconf 87' lang='lat' dir='ltr'><strong>Resp.</strong></span> <span class='ocrx_word' id='word_1_850' title='bbox 2081 5066 2225 5122; x_wconf 90' lang='lat' dir='ltr'><strong>Bene</strong></span> <span class='ocrx_word' id='word_1_851' title='bbox 2253 5066 2440 5139; x_wconf 87' lang='lat' dir='ltr'><strong>[enim]</strong></span> <span class='ocrx_word' id='word_1_852' title='bbox 2466 5068 2531 5122; x_wconf 91' lang='lat' dir='ltr'><strong>de</strong></span> <span class='ocrx_word' id='word_1_853' title='bbox 2559 5068 2659 5123; x_wconf 90' lang='lat' dir='ltr'><strong>illo</strong></span> <span class='ocrx_word' id='word_1_854' title='bbox 2678 5070 2868 5139; x_wconf 88' lang='lat' dir='ltr'><strong>spiritu</strong></span> <span class='ocrx_word' id='word_1_855' title='bbox 2898 5067 3121 5136; x_wconf 77' lang='lat' dir='ltr'><strong>intelligi</strong></span> <span class='ocrx_word' id='word_1_856' title='bbox 3149 5075 3347 5135; x_wconf 90' lang='lat' dir='ltr'><strong>potest,</strong></span> 
     </span>
    </p>
   </div>
   <div class='ocr_carea' id='block_1_103' title="bbox 1791 5157 3352 5231">
    <p class='ocr_par' dir='ltr' id='par_1_103' title="bbox 1791 5157 3352 5231">
     <span class='ocr_line' id='line_1_103' title="bbox 1791 5157 3352 5231; baseline 0.001 -20"><span class='ocrx_word' id='word_1_857' title='bbox 1791 5158 1858 5211; x_wconf 90' lang='lat' dir='ltr'><strong>de</strong></span> <span class='ocrx_word' id='word_1_858' title='bbox 1888 5173 1995 5226; x_wconf 89' lang='lat' dir='ltr'><strong>quo</strong></span> <span class='ocrx_word' id='word_1_859' title='bbox 2022 5159 2221 5215; x_wconf 88' lang='lat' dir='ltr'><strong>dictum</strong></span> <span class='ocrx_word' id='word_1_860' title='bbox 2247 5167 2329 5213; x_wconf 82' lang='lat' dir='ltr'><strong>est</strong></span> <span class='ocrx_word' id='word_1_861' title='bbox 2354 5177 2367 5212; x_wconf 89' lang='lat'><strong>:</strong></span> <span class='ocrx_word' id='word_1_862' title='bbox 2400 5158 2626 5230; x_wconf 78' lang='lat' dir='ltr'><strong>Spiritus</strong></span> <span class='ocrx_word' id='word_1_863' title='bbox 2649 5160 2857 5214; x_wconf 84' lang='lat' dir='ltr'><strong>Domini</strong></span> <span class='ocrx_word' id='word_1_864' title='bbox 2884 5158 3032 5231; x_wconf 72' lang='lat' dir='ltr'><strong>[Ms.,</strong></span> <span class='ocrx_word' id='word_1_865' title='bbox 3062 5157 3177 5230; x_wconf 87' lang='lat' dir='ltr'><strong>Dei]</strong></span> <span class='ocrx_word' id='word_1_866' title='bbox 3218 5159 3352 5229; x_wconf 82' lang='lat' dir='ltr'><strong>fere-</strong></span> 
     </span>
    </p>
   </div>
   <div class='ocr_carea' id='block_1_104' title="bbox 1791 5246 3347 5321">
    <p class='ocr_par' dir='ltr' id='par_1_104' title="bbox 1791 5246 3347 5321">
     <span class='ocr_line' id='line_1_104' title="bbox 1791 5246 3347 5321; baseline 0.003 -21"><span class='ocrx_word' id='word_1_867' title='bbox 1791 5246 1944 5300; x_wconf 79' lang='lat' dir='ltr'><strong>batur</strong></span> <span class='ocrx_word' id='word_1_868' title='bbox 1964 5264 2117 5317; x_wconf 56' lang='lat' dir='ltr'><strong>super</strong></span> <span class='ocrx_word' id='word_1_869' title='bbox 2142 5265 2301 5316; x_wconf 68' lang='lat' dir='ltr'><strong>aqua</strong></span> <span class='ocrx_word' id='word_1_870' title='bbox 2340 5246 2491 5319; x_wconf 82' lang='lat' dir='ltr'><strong>(Gen.</strong></span> <span class='ocrx_word' id='word_1_871' title='bbox 2520 5265 2557 5313; x_wconf 87' lang='grc' dir='ltr'>ι,</span> <span class='ocrx_word' id='word_1_872' title='bbox 2584 5247 2660 5321; x_wconf 83' lang='lat'><strong>2).</strong></span> <span class='ocrx_word' id='word_1_873' title='bbox 2702 5249 2851 5303; x_wconf 90' lang='lat' dir='ltr'><strong>Tunc</strong></span> <span class='ocrx_word' id='word_1_874' title='bbox 2872 5248 3014 5303; x_wconf 88' lang='lat' dir='ltr'><strong>enim</strong></span> <span class='ocrx_word' id='word_1_875' title='bbox 3059 5247 3347 5315; x_wconf 72' lang='lat' dir='ltr'><strong>ferebatur,</strong></span> 
     </span>
    </p>
   </div>
   <div class='ocr_carea' id='block_1_105' title="bbox 1791 5336 3344 5408">
    <p class='ocr_par' dir='ltr' id='par_1_105' title="bbox 1791 5336 3344 5408">
     <span class='ocr_line' id='line_1_105' title="bbox 1791 5336 3344 5408; baseline 0.002 -18"><span class='ocrx_word' id='word_1_876' title='bbox 1791 5345 1848 5390; x_wconf 92' lang='lat' dir='ltr'><strong>ut</strong></span> <span class='ocrx_word' id='word_1_877' title='bbox 1873 5338 2204 5408; x_wconf 77' lang='lat' dir='ltr'><strong>congregatis</strong></span> <span class='ocrx_word' id='word_1_878' title='bbox 2228 5338 2381 5405; x_wconf 85' lang='lat' dir='ltr'><strong>aquis</strong></span> <span class='ocrx_word' id='word_1_879' title='bbox 2400 5336 2456 5391; x_wconf 89' lang='lat' dir='ltr'><strong>in</strong></span> <span class='ocrx_word' id='word_1_880' title='bbox 2484 5351 2637 5392; x_wconf 89' lang='lat' dir='ltr'><strong>suum</strong></span> <span class='ocrx_word' id='word_1_881' title='bbox 2662 5336 2835 5391; x_wconf 84' lang='lat' dir='ltr'><strong>locum</strong></span> <span class='ocrx_word' id='word_1_882' title='bbox 2866 5344 3010 5391; x_wconf 87' lang='lat' dir='ltr'><strong>terra</strong></span> <span class='ocrx_word' id='word_1_883' title='bbox 3034 5348 3344 5407; x_wconf 88' lang='lat' dir='ltr'><strong>appareret:</strong></span> 
     </span>
    </p>
   </div>
   <div class='ocr_carea' id='block_1_106' title="bbox 1792 5424 3347 5489">
    <p class='ocr_par' dir='ltr' id='par_1_106' title="bbox 1792 5424 3347 5489">
     <span class='ocr_line' id='line_1_106' title="bbox 1792 5424 3347 5489; baseline 0.001 -7"><span class='ocrx_word' id='word_1_884' title='bbox 1792 5441 1935 5482; x_wconf 71' lang='lat' dir='ltr'><strong>nunc</strong></span> <span class='ocrx_word' id='word_1_885' title='bbox 1983 5435 2160 5482; x_wconf 80' lang='lat' dir='ltr'><strong>autem</strong></span> <span class='ocrx_word' id='word_1_886' title='bbox 2212 5426 2471 5480; x_wconf 86' lang='lat' dir='ltr'><strong>adductus</strong></span> <span class='ocrx_word' id='word_1_887' title='bbox 2520 5424 2735 5489; x_wconf 89' lang='lat' dir='ltr'><strong>dicitur,</strong></span> <span class='ocrx_word' id='word_1_888' title='bbox 2784 5432 2843 5480; x_wconf 93' lang='lat' dir='ltr'><strong>ut</strong></span> <span class='ocrx_word' id='word_1_889' title='bbox 2894 5427 3139 5482; x_wconf 86' lang='lat' dir='ltr'><strong>ablatise</strong></span> <span class='ocrx_word' id='word_1_890' title='bbox 3169 5427 3347 5484; x_wconf 91' lang='lat' dir='ltr'><strong>medio</strong></span> 
     </span>
    </p>
   </div>
   <div class='ocr_carea' id='block_1_107' title="bbox 1791 5512 3348 5589">
    <p class='ocr_par' dir='ltr' id='par_1_107' title="bbox 1791 5512 3348 5589">
     <span class='ocr_line' id='line_1_107' title="bbox 1791 5512 3348 5589; baseline 0.003 -19"><span class='ocrx_word' id='word_1_891' title='bbox 1791 5516 1945 5587; x_wconf 90' lang='lat' dir='ltr'><strong>aquis</strong></span> <span class='ocrx_word' id='word_1_892' title='bbox 1976 5515 2156 5573; x_wconf 86' lang='lat' dir='ltr'><strong>diluvii</strong></span> <span class='ocrx_word' id='word_1_893' title='bbox 2186 5512 2375 5570; x_wconf 80' lang='lat' dir='ltr'><strong>faciem</strong></span> <span class='ocrx_word' id='word_1_894' title='bbox 2417 5523 2573 5570; x_wconf 67' lang='lat' dir='ltr'><strong>terras</strong></span> <span class='ocrx_word' id='word_1_895' title='bbox 2610 5515 2888 5572; x_wconf 86' lang='lat' dir='ltr'><strong>revelaret.</strong></span> <span class='ocrx_word' id='word_1_896' title='bbox 2940 5518 3120 5572; x_wconf 88' lang='lat' dir='ltr'><strong>Potest</strong></span> <span class='ocrx_word' id='word_1_897' title='bbox 3145 5526 3199 5573; x_wconf 91' lang='lat' dir='ltr'><strong>et</strong></span> <span class='ocrx_word' id='word_1_898' title='bbox 3235 5520 3348 5589; x_wconf 87' lang='lat' dir='ltr'><strong>spi-</strong></span> 
     </span>
    </p>
   </div>
   <div class='ocr_carea' id='block_1_108' title="bbox 1792 5604 3343 5677">
    <p class='ocr_par' dir='ltr' id='par_1_108' title="bbox 1792 5604 3343 5677">
     <span class='ocr_line' id='line_1_108' title="bbox 1792 5604 3343 5677; baseline 0.003 -16"><span class='ocrx_word' id='word_1_899' title='bbox 1792 5607 1928 5662; x_wconf 82' lang='lat' dir='ltr'><strong>ritus</strong></span> <span class='ocrx_word' id='word_1_900' title='bbox 1952 5604 2165 5661; x_wconf 88' lang='lat' dir='ltr'><strong>nomine</strong></span> <span class='ocrx_word' id='word_1_901' title='bbox 2203 5613 2392 5662; x_wconf 86' lang='lat' dir='ltr'><strong>ventus</strong></span> <span class='ocrx_word' id='word_1_902' title='bbox 2422 5604 2647 5677; x_wconf 86' lang='lat' dir='ltr'><strong>intelligi</strong></span> <span class='ocrx_word' id='word_1_903' title='bbox 2667 5604 2822 5675; x_wconf 77' lang='lat' dir='ltr'><strong>juxta</strong></span> <span class='ocrx_word' id='word_1_904' title='bbox 2851 5609 2977 5665; x_wconf 89' lang='lat' dir='ltr'><strong>illud</strong></span> <span class='ocrx_word' id='word_1_905' title='bbox 3008 5608 3343 5666; x_wconf 69' lang='lat' dir='ltr'><strong>Psalmistua:</strong></span> 
     </span>
    </p>
   </div>
   <div class='ocr_carea' id='block_1_109' title="bbox 1794 5693 3356 5769">
    <p class='ocr_par' dir='ltr' id='par_1_109' title="bbox 1794 5693 3356 5769">
     <span class='ocr_line' id='line_1_109' title="bbox 1794 5693 3356 5769; baseline 0.003 -21"><span class='ocrx_word' id='word_1_906' title='bbox 1794 5693 1905 5768; x_wconf 79' lang='lat' dir='ltr'><strong>[Et]</strong></span> <span class='ocrx_word' id='word_1_907' title='bbox 1948 5695 2083 5748; x_wconf 86' lang='lat' dir='ltr'><strong>stetit</strong></span> <span class='ocrx_word' id='word_1_908' title='bbox 2123 5693 2334 5764; x_wconf 81' lang='lat' dir='ltr'><strong>spiritus</strong></span> <span class='ocrx_word' id='word_1_909' title='bbox 2380 5694 2616 5764; x_wconf 73' lang='lat' dir='ltr'><strong>procella</strong></span> <span class='ocrx_word' id='word_1_910' title='bbox 2661 5696 2829 5769; x_wconf 84' lang='lat' dir='ltr'><strong>(Psal.</strong></span> <span class='ocrx_word' id='word_1_911' title='bbox 2882 5713 2987 5760; x_wconf 84' lang='lat' dir='ltr'><strong>cvt,</strong></span> <span class='ocrx_word' id='word_1_912' title='bbox 3041 5697 3151 5769; x_wconf 82' lang='lat'><strong>25),</strong></span> <span class='ocrx_word' id='word_1_913' title='bbox 3201 5700 3356 5768; x_wconf 71' lang='lat' dir='ltr'><strong>Cujus</strong></span> 
     </span>
    </p>
   </div>
   <div class='ocr_carea' id='block_1_110' title="bbox 1794 5782 2998 5856">
    <p class='ocr_par' dir='ltr' id='par_1_110' title="bbox 1794 5782 2998 5856">
     <span class='ocr_line' id='line_1_110' title="bbox 1794 5782 2998 5856; baseline -0.002 -13"><span class='ocrx_word' id='word_1_914' title='bbox 1794 5785 1996 5843; x_wconf 85' lang='lat' dir='ltr'><strong>crebris</strong></span> <span class='ocrx_word' id='word_1_915' title='bbox 2023 5782 2235 5840; x_wconf 79' lang='lat' dir='ltr'><strong>ﬂatibus</strong></span> <span class='ocrx_word' id='word_1_916' title='bbox 2260 5799 2397 5853; x_wconf 81' lang='lat' dir='ltr'><strong>aqua</strong></span> <span class='ocrx_word' id='word_1_917' title='bbox 2426 5794 2705 5856; x_wconf 82' lang='lat' dir='ltr'><strong>cogeretur</strong></span> <span class='ocrx_word' id='word_1_918' title='bbox 2736 5785 2998 5842; x_wconf 76' lang='lat' dir='ltr'><strong>recedere.</strong></span> 
     </span>
    </p>
   </div>
  </div>
