4428 6408
822 384 917 437 551

1657 385 1716 437 Β.
1757 385 1818 437 F.
1860 384 2080 438 ALBiNl
2119 382 2248 438 SEU
2287 381 2557 439 ALCUINI
2592 383 2872 441 Ol'ERUM
2912 389 3088 446 PARS
3121 392 3181 447 ll.

3928 395 4031 450 252

889 497 1051 549 Inter.
1083 495 1200 548 £26.
1247 492 1361 561 Quo
1402 495 1588 567 [enim]
1620 511 1846 551 reversa:
1873 505 1998 552 sunt
2042 511 2212 565 aqua,
2249 495 2373 577 dum
2401 498 2453 557 Α
2482 496 2723 554 videlicet
2749 499 2896 568 facti,
2921 513 2976 563 et
2997 503 3216 560 alterius
3239 508 3482 574 faciendi,
3514 510 3565 564 id
3591 519 3690 575 est,
3730 513 3854 579 quia
3879 529 4030 567 mun-

817 587 1010 642 dicitur
1035 606 1047 640 :
1097 586 1326 640 Reserate
1351 597 1469 640 sunt
1505 603 1652 656 aqua:
1676 588 1738 641 de
1776 597 1935 654 term,
1965 597 2141 641 euntes
2165 597 2212 640 et
2241 603 2376 640 rece-

816 679 989 730 dentes
1014 675 1167 748 μὴ..
1195 674 1497 746 redeuntes]
1534 675 1682 746 (Gen.
1728 692 1843 740 vui,
1868 676 1959 746 3)?
1983 707 2051 716 —
2080 675 2233 744 Resp.
2279 675 2372 729 Vi-

817 767 970 820 detur
1003 765 1152 833 juxta
1192 765 1420 818 litteram
1451 765 1589 830 quod
1631 779 1815 820 omnes
1838 764 2117 818 ﬂuviorum
2147 780 2208 818 ac
2235 763 2374 816 rivo-

817 874 932 911 rum
968 859 1220 911 decutsus
1246 873 1340 926 per
1363 856 1598 909 occultas
1630 867 1782 908 terrm
1821 871 1980 908 venas
2004 855 2068 908 ad
2098 855 2371 908 matricem

816 951 1061 1016 abyssum
1093 947 1330 1008 redeant,
1366 945 1517 1014 juxta
1547 946 1674 999 illud
1713 945 2049 998 Salomonis:
2099 945 2177 997 Ad
2203 943 2370 997 locum

814 1038 948 1087 unde
995 1046 1176 1088 eruunt
1223 1037 1439 1094 [Iuntina
1489 1044 1826 1097 revertuntur,
1872 1044 1924 1086 ut
1976 1035 2158 1086 iterum
2203 1033 2370 1100 [luant

815 1126 1008 1193 (Hrcle.
1046 1141 1080 1185 I,
1110 1125 1183 1193 7).

882 1213 1043 1266 Inter.
1081 1214 1196 1266 l27.
1219 1214 1324 1266 Cur
1345 1213 1762 1283 quadragenario
1783 1226 2005 1265 innuero
2023 1213 2196 1281 pluvia
2218 1227 2369 1265 inun-

812 1305 992 1367 tiabat,
1019 1313 1072 1358 et
1115 1305 1305 1357 iterum
1351 1313 1470 1372 post
1511 1303 1860 1371 quadraginta
1906 1295 2017 1355 dies
2046 1301 2238 1354 dicitur
2261 1299 2368 1353 Noe

812 1402 1100 1449 fenestram
1127 1395 1307 1466 [avem]
1338 1395 1606 1464 aperuisse
1644 1396 1794 1462 (vers.
1821 1393 1909 1463 6)?
1931 1424 2000 1432 —
2031 1393 2184 1462 Resp.
2230 1391 2368 1458 Qua-

811 1484 1155 1552 dragenarius
1181 1482 1350 1555 [vero]
1382 1499 1636 1538 numerus
1679 1483 2070 1537 tribulationem
2108 1483 2368 1550 paeniten-

811 1576 897 1627 tiee
926 1576 1172 1628 ostendit.
1218 1575 1369 1641 Quod
1395 1589 1521 1629 vero
1549 1582 1669 1643 post
1695 1574 2044 1643 quadraginta
2072 1575 2183 1628 dies
2221 1572 2368 1627 fene-

811 1677 973 1718 stram
1008 1665 1187 1737 [are-.e]
1233 1666 1442 1735 aperuit
1476 1664 1608 1727 Noe,
1647 1663 1909 1734 significat
1945 1663 2148 1732 jejunio
2174 1663 2370 1718 caelum

810 1756 1060 1809 reserari.
1101 1756 1220 1810 ideo
1256 1756 1463 1826 Moyses
1503 1765 1556 1810 et
1584 1755 1746 1818 Elias.
1791 1753 1998 1826 [etiam]
2038 1762 2093 1809 et
2119 1754 2227 1830 ipse
2251 1753 2367 1807 Sal-

809 1857 962 1900 \ator
1004 1849 1423 1917 quadragenario
1461 1862 1682 1901 numero
1719 1845 1918 1914 jejunia
1969 1853 2370 1909 consecrarunt,
2403 1827 2450 1886 Β

2474 584 2574 638 dus
2607 584 2794 653 judicii
2826 590 2947 660 igne
2975 594 3328 663 eremabitur,
3351 592 3370 664 ί
3376 596 3518 669 nam]
3548 613 3683 667 aqua
3713 600 3896 656 diluvii
3923 617 4024 655 non

2474 675 2752 731 delebimr.
3130 686 3133 689 ’

2544 764 2702 820 Inter.
2746 770 2862 824 156.
2901 771 2981 825 An
3027 773 3216 843 pluvia:
3261 785 3381 830 ante
3423 777 3676 832 diluvium
3715 783 4026 835 essent?—

2477 851 2625 922 Resp.
2657 854 2876 911 Videtur
2907 874 3011 913 non
3038 877 3179 922 esse.
3204 862 3325 930 quia
3361 879 3517 918 arcus
3556 882 3658 919 non
3684 879 3798 921 erat
3837 871 3935 923 nisi
3959 885 4025 923 ex

2474 943 2636 996 radiis
2664 945 2870 1001 soliset
2895 948 3108 1003 humida
3151 953 3308 1006 nube.
3356 953 3535 1009 Potest
3576 967 3751 1010 autem
3793 960 4025 1022 tieri,-ut

2471 1046 2534 1085 cx
2581 1036 2716 1088 roris
2757 1045 2813 1090 et
2856 1037 3077 1092 fo:.tium
3121 1040 3285 1114 [sicut
3335 1045 3386 1097 in
3424 1043 3674 1118 :Egypto]
3723 1049 4025 1117 irrigatione

2472 1131 2613 1176 terra
2642 1123 3032 1182 Fecundaretur.

2538 1214 2699 1286 316
2722 1214 2880 1270 Inter.
2905 1220 3016 1274 157.
3034 1220 3158 1275 Post
3181 1223 3434 1280 diluvium
3456 1242 3619 1296 quare
3631 1228 3711 1281 vir
3723 1227 3901 1295 justus
3922 1228 4028 1284 Noe

2470 1306 2763 1362 inebriatus
2800 1326 2915 1363 esse
2962 1311 3154 1387 legitur
3198 1312 3350 1385 [.lIs.,
3383 1316 3520 1370 Ante
3566 1319 3818 1373 diluvium
3864 1335 4028 1387 quare

2469 1395 2579 1450 Noe
2623 1398 2703 1450 vir
2741 1396 2917 1464 justus
2961 1373 3250 1456 incoi-iatus
3292 1421 3411 1460 esse
3453 1422 3556 1461 non
3603 1407 3838 1479 legitur.]
3874 1407 4024 1476 (Gen.

2469 1501 2544 1547 Ix,
2574 1486 2700 1554 21)?
2723 1518 2790 1526 —
2814 1486 2967 1558 Resp.
2996 1490 3176 1554 Forte,
3203 1503 3260 1545 ut
3288 1493 3473 1547 beatus
3501 1494 3849 1566 Hieronymus
3876 1497 4026 1559 dicit,

2469 1576 2590 1629 vino
2617 1576 2867 1630 inebriari
2911 1593 3066 1647 posse
3106 1582 3393 1636 nesciebat.
3446 1582 3554 1638 Nec
3580 1585 3720 1638 enim
3749 1594 3871 1639 ante
3894 1586 4027 1638 dilu-

2467 1665 2610 1719 vium
2635 1654 2852 1732 legitur,
2881 1668 3002 1723 vino
3044 1671 3287 1727 homines
3328 1688 3471 1727 usos.
3514 1673 3636 1729 ldeo
3665 1676 3730 1729 de
3773 1675 3881 1729 Noe
3913 1685 4032 1745 spe’

2467 1756 2676 1810 cialiter
2701 1756 2897 1813 dicitur
2920 1779 2933 1813 :
2964 1760 3226 1818 Plantavit
3254 1763 3470 1836 [autem]
3500 1766 3610 1820 Noe
3637 1769 3852 1821 vineam.

2543 1843 2707 1898 Inter.
2741 1848 2856 1902 158.
2885 1848 2992 1903 Cur
3016 1851 3234 1906 nudatio
3267 1852 3530 1908 femorum
3560 1864 3678 1924 post
3715 1857 4026 1910 ebrietatem

4192 1343 4193 1402 ι

4192 1541 4193 1628 ι

4191 1633 4193 1696 ι

809 1951 1062 2008 tanquam
1092 1929 1262 1994 tribus
1286 1941 1612 2018 temporibus
1652 1940 1974 2003 necessaria,
2017 1947 2140 1993 ante
2179 1937 2374 2009 legem,
2472 1943 2649 1988 secula
2677 1937 2894 2014 esl?—.
2921 1937 3072 2014 Resp.
3124 1939 3258 2008 Quia
3303 1944 3495 2013 saepius
3535 1946 3830 2000 satietatem
3867 1947 4028 2001 libido

806 2032 903 2083 sul)
935 2031 1066 2098 lege,
1096 2031 1194 2084 sub
1219 2031 1410 2099 gratia.
2031 2067 2040 2075 .
2471 2023 2555 2077 sui

2031 2067 2040 2075 _
2471 2023 2831 2093 subsequitur.
3656 2026 3661 2040 ’

875 2119 1022 2173 Inter
1051 2119 1168 2174 128.
1211 2119 1385 2185 Quare
1423 2119 1666 2174 columba
1710 2135 1915 2173 ramum
1959 2118 2111 2173 oliva:
2139 2127 2373 2188 reportat
2539 2114 2701 2170 ἔαξεν.
2730 2117 2850 2173 159.
2895 2117 3004 2174 Cur
3035 2120 3202 2176 Cbam
3244 2124 3298 2178 in
3343 2127 3570 2194 posteris
3615 2128 4030 2183 maledicebatur

805 2211 958 2274 (vers.
988 2210 1110 2281 ll)?
1127 2241 1196 2249 —
1218 2209 1372 2281 Resp.
1398 2209 1651 2266 Columba
1683 2210 1913 2281 Spiritus
1935 2212 2126 2276 sancti,
2151 2211 2375 2280 expulso
2471 2205 2623 2272 (vers.
2656 2205 2782 2281 25)?
2805 2238 2873 2247 —
2899 2208 3050 2280 Resp.
3102 2211 3234 2278 Quia
3277 2215 3615 2283 peccantibus
3651 2226 3704 2270 et
3729 2232 3833 2270 non
3859 2219 4028 2286 pinni-

805 2300 928 2353 alite
979 2301 1275 2366 teterrimo,
1327 2303 1392 2354 aii
1441 2301 1551 2356 Noe
1601 2311 1722 2372 post
1766 2303 2044 2367 diluvium,
2097 2304 2255 2372 quasi
2304 2303 2372 2356 ad
2471 2297 2703 2352 tentibus
2730 2298 2908 2354 futura
2945 2301 3184 2355 imminet
3211 2319 3388 2373 ptena.
3436 2303 3585 2375 Stepe
3611 2306 3821 2374 quidem
3852 2321 4029 2374 repro-

805 2391 1074 2444 Christum
1119 2400 1237 2460 post
1276 2392 1596 2460 baptismum
1635 2392 1863 2456 devolat,
1907 2401 1958 2445 et
1998 2408 2174 2447 ramos
2216 2391 2370 2464 [ilfs.,
2445 2386 2658 2443 'lzorum
2685 2391 2935 2460 nequitia:
2960 2393 3048 2446 hic
3077 2393 3334 2467 [quidem]
3381 2396 3559 2451 inultae
3587 2397 3890 2467 proﬁciunt,
3937 2394 4028 2451 sed

811 2496 980 2544 ramo,
1013 2483 1178 2547 omitt.
1212 2480 1451 2552 portans]
1484 2480 1785 2536 refectiouis
1809 2497 1872 2535 ac
1896 2481 2109 2538 luminis
2128 2491 2370 2552 portans,

807 2590 993 2650 pacem
1021 2575 1136 2627 orbi
1167 2572 1462 2626 annuntiat.

881 2668 1047 2720 Inter.
1075 2665 1193 2720 129.
1241 2662 1298 2718 Si
1344 2664 1481 2718 Deus
1504 2663 1680 2718 omnia
1718 2663 1916 2718 fecerat
1940 2664 2098 2728 bona,
2126 2673 2181 2718 et
2206 2665 2369 2718 etiam

806 2759 959 2814 valde
982 2759 1115 2812 bona
1139 2755 1289 2826 (Cen.
1316 2756 1382 2822 ι).
1403 2756 1528 2824 quid
1552 2754 1794 2824 estquod
1815 2756 2007 2809 munda
2030 2762 2083 2809 et
2101 2756 2370 2809 immunda

804 2846 1097 2902 nominavit
1126 2845 1410 2898 animalia-:
1443 2844 1682 2914 nunquid
1707 2844 2034 2898 immundum
2060 2844 2259 2898 bonum
2288 2858 2372 2898 es-

803 2955 864 2994 se
891 2948 1064 3010 potest
1084 2937 1108 2990 ?
1128 2967 1199 2979 --
1227 2935 1380 3005 Resp.
1413 2935 1586 2989 Etiam
1624 2935 1764 3004 quod
1792 2936 2121 2989 immundum
2155 2937 2367 2999 dicitur,

806 3035 861 3088 in
891 3049 985 3087 sua
1022 3041 1209 3086 natura
1247 3031 1442 3085 bonum
1487 3037 1604 3082 est:
1655 3029 1720 3083 ad
1763 3028 2216 3099 comparationem
2245 3043 2371 3082 vero

2469 2479 2525 2535 in
2575 2491 2848 2550 posterum
2897 2484 3181 2542 feriuntur.
3232 2487 3605 2557 Prophetatum
3649 2489 3840 2558 quippe
3877 2487 4026 2561 [ιιι.

2469 2574 2701 2647 quoque]
2734 2585 2831 2637 est,
2871 2579 3007 2644 quod
3034 2585 3230 2632 terram
3261 2578 3534 2645 Chanaan,
3569 2579 3752 2647 ejectis
3782 2580 3946 2652 [inde]
3976 2589 4027 2633 et

2470 2664 2745 2719 debellatis
2769 2664 3081 2722 Chaunus-is
3101 2670 3369 2739 accepturi
3401 2669 3573 2724 forent
3613 2671 3702 2724 filii
3732 2671 3906 2732 Israel,
3937 2673 4025 2739 qui

2469 2755 2712 2809 venirent
2735 2756 2800 2810 de
2831 2757 3033 2811 semine
3070 2757 3193 2813 Sem
3219 2758 3370 2829 (Cen.
3401 2760 3472 2823 v).

2543 2844 2706 2900 Inter.
2736 2846 2857 2900 140.
2908 2847 3075 2913 Quem
3099 2850 3366 2904 hominem
3393 2851 3502 2903 vult
3543 2851 3759 2904 fratrem
3790 2851 4024 2919 intelligi,

2472 2940 2596 2993 dum
2621 2940 2814 2995 dicitur
2838 2958 2850 2993 :
2896 2939 3211 3010 Sanguinem
3257 2944 3476 3007 hominis
3507 2946 3758 3014 requiram
3787 2946 3848 2998 de
3873 2963 4025 2998 manu

2474 3027 2655 3096 fratris
2681 3029 2762 3082 sui
2782 3027 2936 3099 '(Gen.
2967 3029 3169 3100 vi)?—-
3202 3030 3349 3101 Resp.
3394 3029 3614 3085 Omnem
3646 3033 3909 3086 hominem
3938 3049 4024 3086 vo-

806 3122 1030 3176 alterius
1057 3131 1260 3175 natunc
1288 3119 1522 3174 melioris
1550 3120 1702 3189 quasi
1729 3119 2056 3173 immundum
2101 3129 2335 3190 putatur.
2403 3159 2448 3220 ο
2477 3117 2573 3172 luit
2600 3117 2751 3190 [Ms.,
2778 3118 2910 3190 vult]
2957 3118 3176 3174 fratrem
3222 3121 3465 3192 intelligi,
3508 3124 3794 3178 secundum
3839 3137 4030 3194 cogna-

881 3209 1047 3264 Inter.
1092 3209 1208 3262 150.
1249 3208 1357 3262 Cur
1399 3209 1498 3262 bos
1544 3207 1732 3261 melior
1777 3216 1859 3261 est
1907 3207 2190 3262 leone?——
2217 3205 2371 3278 Resp.

808 3299 942 3367 Quia
972 3298 1087 3367 ejus
1107 3307 1296 3352 natura
1327 3297 1514 3351 melius
1537 3296 1783 3352 convenit
1821 3296 2051 3353 hominis
2069 3282 2380 3353 necessitati

809 3389 1115 3452 subvenire,
1168 3396 1382 3458 propter
1425 3401 1586 3456 quem
1635 3395 1812 3440 creata
1861 3396 1986 3440 sunt
2035 3387 2215 3442 omnia
2263 3389 2379 3441 ani-

814 3479 994 3534 malia.

879 3572 1044 3627 Inter.
1079 3571 1199 3628 151.
1226 3571 1332 3627 Cur
1375 3569 1560 3643 [enim]
1590 3571 1750 3625 homo
1777 3571 1830 3625 in
1871 3578 2134 3626 terrorem
2169 3570 2380 3626 caeteris

812 3663 1175 3718 animantibus
1218 3661 1422 3729 positus
1467 3669 1550 3714 est
1583 3658 1734 3732 (Gen.
1775 3677 1852 3725 lx,
1885 3660 1984 3731 2)?
2009 3691 2080 3701 —-
2111 3659 2265 3729 Resp.
2319 3660 2377 3714 In

811 3754 1063 3810 solatium
1102 3760 1387 3808 transacta}
1429 3753 1698 3817 vindicta).
1724 3762 1777 3809 et
1805 3769 1872 3809 ne
1899 3754 2053 3824 pauci
2080 3753 2322 3811 homines
2347 3770 2377 3809 a

807 3844 1049 3912 pluribus
1076 3844 1504 3913 opprimerentur
1540 3843 1761 3908 bestiis;
1807 3851 1861 3897 et
1889 3853 1947 3899 ut
1991 3845 2192 3899 scirent
2226 3859 2284 3900 se
2308 3846 2380 3900 ir-

810 3934 1213 3989 rationabilihus
1255 3933 1516 3988 dominari
1563 3934 1921 3999 debere,'non
1953 3932 2378 3990 rationabilibus.

813 4024 963 4080 Unde
995 4033 1050 4077 et
1074 4023 1232 4094 primi
1260 4034 1438 4094 patres
1465 4024 1636 4079 nostri
1665 4034 1908 4094 pastores
1950 4038 2227 4095 pecorum,
2271 4041 2378 4080 non

812 4131 966 4186 reges
991 4116 1268 4172 hominum
1298 4115 1462 4171 fuisse
1492 4117 1755 4187 leguntur.

886 4205 1053 4259 Inter.
1083 4205 1202 4261 159..
1254 4205 1362 4262 Cur
1392 4222 1516 4262 esus
1560 4208 1803 4261 carnium
1840 4219 1960 4278 post
2000 4207 2259 4262 diluvium
2285 4207 2380 4263 ho-

810 4297 943 4353 mini
971 4297 1281 4351 conceditur
1303 4305 1358 4351 et
1393 4311 1499 4351 non
1527 4305 1652 4350 ante
1673 4296 1825 4367 (vers.
1853 4298 2029 4368 3)?—
2054 4297 2209 4367 Resp.
2250 4299 2380 4353 Pro-

810 4398 931 4460 pter
956 4386 1391 4444 infecunditatem
1422 4395 1602 4451 teu-.2,
1643 4395 1702 4441 ut
1727 4388 2043 4454 :estimatur,
2069 4397 2123 4444 et
2148 4389 2380 4445 hominis

811 4479 1174 4549 fragilitatem.

889 4567 1053 4622 Inter.
1086 4569 1205 4623 155.
1233 4566 1342 4622 Cur
1366 4568 1598 4634 arcusiin
1633 4569 1842 4640 signum
1885 4571 2187 4646 securitatis
2225 4571 2383 4627 datur

818 4662 971 4728 (vers.
1011 4658 1236 4729 15η-
1265 4657 1419 4728 Resp.
1463 4657 1598 4724 Quia
1643 4660 1910 4728 pneseivit
1947 4670 2158 4716 creator
2201 4661 2387 4718 forati-

820 4750 1024 4806 dabiles
1063 4749 1359 4821 [hominum
1403 4749 1630 4823 animos]
1675 4766 1742 4804 ne
1794 4751 1986 4806 iterum
2015 4754 2212 4810 diluvio
2247 4755 2388 4810 dele-

820 4851 1029 4907 rentur,
1058 4842 1184 4898 dum
1225 4842 1418 4909 sapius
1463 4841 1833 4896 inundationes
1869 4842 2168 4912 pluviarum
2198 4861 2385 4901 cerne-

819 4941 958 4989 rent.

893 5024 1058 5078 Inter.
1091 5024 1210 5078 156.
1252 5023 1360 5079 Cur
1401 5022 1540 5079 idem
1587 5023 1794 5094 signum
1838 5026 2140 5082 securitatis
2173 5027 2224 5081 in
2253 5027 2391 5083 ctelo

824 5115 1057 5183 positum
1102 5113 1317 5170 est?-
1349 5113 1503 5183 Resp.
1557 5113 1625 5170 Ut
1668 5113 1737 5169 ab
1782 5117 2030 5173 omnibus
2062 5117 2252 5186 inspici
2295 5133 2391 5189 po-

827 5210 1053 5272 tuisset;
1084 5217 1138 5262 et
1168 5217 1226 5262 ut
1246 5220 1341 5278 pro
1364 5223 1681 5278 quacunque
1700 5209 2041 5265 tribulatione
2063 5213 2246 5268 oculos
2271 5228 2392 5267 cor-

826 5301 911 5354 dis
940 5302 1012 5355 ad
1039 5314 1159 5354 eum
1187 5301 1493 5354 attollamus
1515 5300 1607 5370 qui
1643 5303 1850 5356 habitat
1876 5303 1929 5357 in
1957 5304 2126 5358 caelis.

899 5389 1063 5443 Inter.
1092 5388 1211 5444 155.
1255 5388 1364 5443 Cur
1404 5389 1612 5460 signum
1653 5389 1779 5445 illud
1802 5391 1995 5446 diversi
2023 5391 2216 5446 coloris
2236 5393 2394 5446 datur

831 5478 1265 5532 bominibus?—
1298 5477 1450 5548 Resp.
1498 5479 1724 5548 Propter
1755 5481 2096 5535 securitatem
2137 5490 2192 5536 et
2234 5482 2391 5537 timo-

833 5585 976 5624 rem:
1001 5572 1139 5624 unde
1159 5583 1209 5626 et
1234 5570 1288 5625 in
1313 5585 1440 5625 arcu
1466 5571 1604 5626 idem
1624 5570 1773 5625 color
1791 5585 1943 5640 aquae
1960 5581 2016 5626 et
2034 5574 2172 5643 ignis
2187 5571 2390 5646 [simul]

833 5661 1154 5726 ostenditur,
1198 5662 1322 5731 quia
1349 5675 1416 5716 ex
1461 5670 1613 5730 parte
1651 5671 1734 5717 est
1770 5661 2032 5718 caeruleus
2065 5671 2121 5718 et
2149 5679 2214 5718 es
2242 5675 2396 5736 parte

838 5749 1178 5805 rubicundus.
1227 5750 1365 5822 Ergo
1402 5751 1678 5820 utriusque
1702 5749 1888 5820 judicii
1914 5752 2067 5808 testis
2104 5761 2188 5808 est
2238 5757 2396 5810 unius

2478 3209 2674 3266 tionem
2701 3225 2764 3264 ex
2793 3226 2899 3265 uno
2930 3212 3185 3266 ductam-

2547 3299 2712 3354 Inter.
2743 3300 2863 3354 Ml.
2915 3301 3190 3368 Quomodo
3235 3302 3436 3357 divisus
3474 3313 3555 3357 est
3595 3303 3740 3357 orbis
3776 3321 3805 3358 a
3833 3304 3954 3358 (iliis
3977 3315 4030 3359 et

2479 3389 2760 3459 nepotibus
2784 3388 2895 3444 Noe
2914 3391 2937 3443 ?
2955 3421 3026 3430 —
3057 3390 3210 3451 Resp.
3240 3390 3384 3451 Sem.
3415 3391 3804 3452 ut'mslimatur,
3827 3392 4029 3455 Asiam,

2478 3479 2646 3534 Cham
2671 3478 2925 3544 Africam,
2958 3477 3054 3552 [et]
3076 3478 3266 3548 Iaphct
3293 3481 3552 3550 Europam
3580 3481 3796 3534 sortitus
3822 3490 3922 3534 est.

2548 3569 2713 3625 Inter.
2738 3571 2856 3625 142.
2884 3571 3023 3637 Quot
3041 3581 3222 3641 gentes
3242 3572 3432 3642 singuli
3454 3587 3635 3626 eorum
3657 3567 4032 3642 procrearunt?

2477 3659 2722 3731 -—-Resp.
2772 3661 2848 3714 De
2890 3659 3081 3730 Japbet
3127 3662 3237 3716 nati
3286 3671 3410 3716 sunt
3456 3661 3546 3716 filii
3596 3663 3918 3730 quindecim,
3954 3663 4032 3716 .de

2477 3748 2642 3804 Cbam
2673 3750 2888 3822 triginta
2915 3747 3067 3822 [Ms.,
3095 3749 3298 3822 κεκτη,
3331 3749 3394 3805 de
3420 3748 3544 3804 Seni
3574 3750 3754 3820 viginti
3791 3759 4029 3819 septem:

2479 3840 2639 3894 simul
2681 3841 3010 3910 septuaginta
3036 3841 3159 3905 duo,
3188 3841 3254 3896 de
3297 3843 3491 3910 quibus
3535 3849 3664 3896 nth
3701 3851 3825 3895 sunt
3851 3851 4034 3911 gentes

2479 3928 2813 3997 septuaginta
2863 3928 3002 3994 duae,
3051 3928 3190 3982 inter
3217 3944 3350 3999 quas
3402 3929 3546 3984 misit
3585 3929 3839 3985 Dominus
3869 3930 4031 3986 disei~

2477 4018 2633 4089 pulos
2655 4020 2986 4090 septuaginta
3023 4020 3178 4074 duos.
3219 4074 3225 4079 .

2549 4111 2710 4167 Inter.
2743 4113 2860 4169 M5.
2897 4112 3003 4169 Cur
3032 4113 3232 4169 dictum
3260 4124 3377 4169 est:
3429 4114 3620 4168 Dilatet
3661 4112 3796 4168 Deus
3824 4113 4029 4183 Japliet,

2479 4215 2528 4262 et
2550 4206 2740 4261 habitet
2771 4206 2826 4260 in
2847 4206 3191 4260 tabernaculis
3215 4206 3336 4262 Sem
3362 4205 3512 4278 (Gen.
3539 4222 3616 4272 ιχ,
3641 4205 3767 4274 27)?
3787 4236 3858 4246 —
3881 4205 4030 4275 Resp.

2480 4297 2556 4351 De
2577 4295 2702 4350 Sem
2731 4294 2956 4359 Hebraei,
2979 4296 3044 4350 de
3063 4294 3252 4365 Japhet
3273 4297 3499 4364 populus
3516 4295 3749 4365 gentium
3772 4296 4029 4350 nascitur.

2479 4385 2614 4452 Quia
2641 4386 2803 4454 igitur
2839 4383 2945 4439 lata
2969 4393 3052 4438 est
3091 4384 3374 4440 multitudo
3418 4384 3766 4448 credentium,
3797 4399 3827 4437 a
3855 4384 4035 4438 latitu-

2407 4497 2461 4557 ι)
2483 4480 2604 4534 dine
2633 4477 2823 4551 [Edit.,
2853 4475 3175 4549 altitudine],
3205 4488 3324 4546 qua:
3363 4475 3550 4546 Japhet
3575 4476 3784 4539 dicitur.
3813 4475 4035 4532 latitudo

2483 4583 2677 4623 nomen
2710 4565 2933 4639 accepit.
2986 4563 3137 4631 Quod
3177 4565 3407 4630 additur,
3458 4564 3666 4619 Habitet
3704 4565 3758 4618 in
3802 4565 4037 4618 taberna-

2484 4654 2615 4710 culis
2647 4653 2789 4719 Sent,
2832 4654 2897 4709 de
2923 4652 3078 4708 nobis
3124 4652 3486 4724 prophetatur,
3530 4652 3620 4720 qui
3648 4652 3702 4706 in
3740 4651 4036 4706 eruditione

2486 4747 2721 4800 scientia:
2745 4745 3161 4814 Scripturarum,
3188 4742 3358 4811 ejecto
3383 4740 3596 4804 lsraele,
3620 4755 3904 4796 versamur:

2557 4855 2718 4911 Inter.
2747 4856 2865 4910 144.
2912 4853 3051 4922 Quid
3092 4863 3176 4910 est
3215 4853 3355 4923 quod
3392 4853 3584 4908 dicitur
3616 4853 3667 4907 in
3694 4851 3886 4908 Genesi
3915 4869 3927 4905 :
3961 4850 4037 4904 De

2486 4958 2625 5002 terra
2671 4945 2763 4999 illa
2783 4945 2936 4999 exivit
2965 4943 3118 5015 [ιιι.
3159 4959 3403 5015 egressus
3442 4943 3546 5016 est]
3589 4944 3766 5008 Assur,
3793 4952 3840 4996 et
3873 4942 4041 5008 mliﬁ-

2487 5038 2619 5092 cavit
2635 5036 2856 5094 Niniuen
2879 5044 2925 5090 et
2952 5035 3178 5090 Robooth
3200 5037 3453 5090 civitatem
3479 5034 3720 5107 [Vulgata
3745 5052 3756 5086 :
3782 5044 3827 5088 et
3844 5033 4042 5102 plateas

2488 5125 2729 5198 ciuitatis]
2778 5123 2929 5198 (Gen.
2962 5141 3019 5190 κ,
3056 5125 3180 5196 ii)?
3199 5155 3270 5165 -—-
3302 5124 3450 5195 Resp.
3485 5123 3600 5178 Non
3625 5124 3753 5177 duas
3779 5120 4042 5193 signiﬁcat

2489 5218 2751 5272 civitates.
2783 5215 3013 5269 Robootlt
3033 5230 3262 5285 namque
3282 5215 3453 5286 platea
3483 5213 3695 5268 dicitur.
3722 5213 3808 5267 Est
3864 5221 4041 5268 autem

2489 5319 2719 5360 sensus:
2768 5304 2856 5357 hic
2893 5302 3179 5359 aediﬁcavit
3205 5302 3430 5357 Niniven
3471 5310 3526 5358 et
3561 5301 3763 5373 plateas
3793 5303 4040 5358 civitatis.

2560 5392 2724 5446 Inter.
2755 5390 2875 5447 145.
2924 5390 3209 5462 Quomodo
3240 5391 3487 5447 Νεωτωὴ
3524 5393 3668 5463 gigas
3709 5401 3918 5445 venator
3959 5407 4030 5444 ro-

2493 5487 2669 5536 bustus
2713 5490 2895 5536 contra
2935 5480 3215 5537 Dominum
3263 5481 3458 5537 dicitur
3502 5478 3653 5554 (Gen.
3686 5497 3742 5544 ι,
3768 5481 3824 5546 8,
3850 5479 4030 5550 9)?—

2498 5572 2649 5642 Resp.
2693 5571 2752 5628 ld
2791 5579 2895 5640 est,
2945 5572 3218 5628 hominum
3269 5579 3600 5629 terrenorum
3649 5584 3958 5642 suppressos
3990 5576 4038 5622 et

2494 5663 2807 5719 ex‘stinetor.
2850 5663 3104 5735 Erigebat
3125 5676 3253 5734 ergo
3279 5677 3399 5718 eum
3446 5663 3558 5718 suis
3595 5661 3803 5732 populis
3844 5669 4038 5714 turrem

2495 5761 2680 5809 contra
2704 5752 3010 5818 Dominum,
3040 5753 3092 5807 in
3117 5767 3220 5822 qua
3249 5762 3332 5809 est
3358 5753 3518 5822 impia
3547 5751 3838 5823 signiﬁcata
3861 5765 4038 5818 super-
