4428 6404
116 448 232 504 533

728 403 1141 498 EXEGE'I‘ICA:
1169 473 1239 484 —
1270 443 1635 500 INTERROG.
1667 446 1761 501 ἘΤ
1799 448 2126 507 RESPONS.
2170 451 2237 505 IN
2272 452 2534 516 GENES.,
2576 454 2725 510 ETC.

3239 456 3341 513 555

115 559 231 613 hia.
267 554 550 629 [Quoniam
589 554 885 608 dominatio
928 554 1238 622 imperantis
1285 552 1338 606 in
1386 552 1560 623 lingua
1587 562 1689 617 cst,
1719 569 1766 626 Α
1794 560 1945 612 cendi
1972 561 2156 615 modos
2180 570 2234 615 et
2258 561 2456 617 formas
2494 563 2794 619 iudiversis
2835 566 3162 634 loquelarmn
3189 567 3339 642 [Hs.,

116 649 194 702 ibi
247 657 331 703 est
358 647 627 703 dominata
654 644 925 717 superbia]
959 656 1018 700 ut
1044 660 1148 700 non
1185 645 1570 715 intelligeretur
1604 644 1691 714 ju-

114 740 253 792 ben's
278 738 504 801 homini,
530 737 621 806 qui
666 736 837 792 noluit
880 736 1174 806 intelligere
1212 745 1271 791 ut
1310 737 1552 792 obediret
1582 737 1690 791 Deo

104 826 353 894 jubenti-
390 826 483 883 Sic
506 827 593 881 illa
635 825 931 894 conjuratio
958 827 1212 882 dissoluta
1257 836 1359 890 est,
1389 843 1509 882 cum
1540 830 1688 897 quis-

109 931 219 983 que
246 916 316 971 ab
343 931 407 971 eo
446 930 605 986 quem
644 931 749 971 non
795 915 1143 985 intelligebat,
1192 918 1544 981 abscederet;
1591 934 1690 972 nec

108 1022 192 1071 se,
220 1008 326 1061 nisi
368 1008 419 1062 ei
445 1023 566 1063 cum
592 1022 699 1076 quo
741 1007 883 1075 loqui
929 1016 1161 1076 poterat,
1207 1018 1537 1078 aggregaret.
1582 1009 1688 1063 Ita-

105 1111 215 1163 que
382 1096 587 1165 linguas
611 1097 795 1152 divisae
833 1105 956 1152 sunt
996 1106 1181 1167 gentes
1209 1098 1567 1168 dispersmque
1594 1116 1689 1169 per

105 1196 305 1241 IEI‘NS.
1254 1225 1258 1229 -

177 1273 347 1328 Inter.
386 1275 507 1330 146.
552 1276 653 1331 Cui
693 1277 821 1331 dicit
852 1276 1002 1347 [Ms.,
1038 1278 1198 1347 dixit]
1240 1278 1418 1331 Deus:
1466 1278 1688 1332 Descen-

102 1366 295 1419 damus
327 1374 375 1418 et
416 1365 799 1434 confundamus
843 1365 1048 1435 linguas
1086 1382 1263 1418 eorum
1309 1365 1460 1437 (Gen.
1492 1383 1565 1431 ιι,
1598 1367 1688 1436 7)?

100 1489 175 1499 ——
198 1459 360 1529 Resp.
398 1459 730 1514 Descendere
777 1459 881 1525 Dei,
912 1466 994 1513 est
1037 1458 1298 1512 humanos
1341 1466 1493 1512 actus
1521 1460 1686 1526 inspi-

99 1564 251 1614 cere,
282 1549 366 1601 vel
411 1563 596 1603 eorum
643 1548 887 1603 sensibus
931 1547 1308 1617 propinquare.
1360 1545 1510 1610 Quod
1557 1561 1684 1600 vero

100 1637 297 1704 plurali
328 1652 551 1691 numero
577 1637 748 1690 dixit:
796 1617 1279 1698 descendamus,-et
1321 1636 1513 1688 iterum
1550 1633 1683 1705 [sin-

100 1725 298 1796 gulari]
321 1724 567 1793 Confudit
594 1724 732 1777 Deus
773 1722 967 1777 labium
1006 1724 1254 1777 universa:
1280 1728 1451 1786 terrai,
1488 1722 1681 1776 distin-

100 1817 280 1869 ctione
326 1828 677 1883 personarum
730 1822 969 1867 sanctam
1012 1813 1349 1877 Trinitatem,
1398 1821 1452 1865 et
1494 1827 1680 1881 opera-

1788 645 2109 720 linguarum]
2139 650 2418 719 generibus
2456 653 2649 707 divisit.
2696 653 2841 709 Unde
2867 654 3081 709 easdem
3116 656 3345 727 syllabas

1787 744 1840 789 et
1860 735 2093 803 ejusdem
2116 742 2628 807 potestatislittcras,
2655 741 2818 817 [licet]
2836 746 2991 801 aliter
3010 747 3344 817 conjunctas,

1788 828 1840 878 in
1871 827 2093 882 diversis
2121 831 2356 900 gentium
2403 830 2598 901 linguis
2616 835 2987 901 inveniemus;
3019 853 3157 909 saepe
3182 842 3337 897 etiam

1790 912 1885 985 [et]
1915 918 2101 971 eadem
2134 920 2348 972 nomina
2379 920 2460 974 vel
2492 922 2650 976 verba
2676 924 2813 977 aliud
2847 927 2972 995 quid
2993 928 3345 998 significantia

1787 1004 1839 1057 in
1863 1006 1967 1058 alia
1996 1006 2195 1076 lingua,
2242 1019 2399 1077 atque
2444 1010 2584 1065 aliud
2623 1014 2677 1066 in
2726 1014 2847 1067 alia.
2906 1016 3000 1071 Ubi
3030 1018 3253 1075 dicimus
3292 1022 3343 1077 in

1788 1094 1997 1149 Psalmo
2021 1115 2032 1148 :
2060 1096 2127 1149 In
2150 1100 2291 1166 virga
2314 1102 2481 1169 ferrea
2504 1102 2673 1172 (Psal.
2699 1121 2759 1169 ιι,
2800 1105 2875 1176 9),
2899 1108 2951 1161 in
2972 1106 3159 1163 Cra-co
3184 1112 3346 1165 habes

1789 1194 1894 1247 tur,
1910 1188 1956 1239 ἐν
1977 1186 2147 1256 ῥάϐδῳ
2162 1187 2363 1260 σιδηρᾷ.
2388 1189 2551 1259 Igitur
2576 1193 2627 1245 in
2654 1193 2843 1248 Latino
2856 1196 3026 1249 sidera
3049 1212 3152 1251 non
3175 1199 3343 1266 ferrea

1787 1273 2049 1343 signiﬁcat
2071 1276 2207 1329 sicut
2235 1278 2287 1329 in
2310 1276 2515 1341 Graeco,
2542 1280 2632 1334 sed
2657 1292 2819 1335 astra.

1856 1363 2020 1416 Inter.
2068 1366 2185 1421 152.
2229 1367 2363 1434 Quid
2394 1378 2476 1424 est
2505 1374 2645 1438 quod
2680 1374 2867 1443 legitur
2898 1375 2960 1427 de
3003 1374 3147 1429 Aran
3180 1385 3345 1432 tratrc

1784 1452 2055 1507 Abraham
2078 1472 2089 1506 :
2126 1455 2361 1529 Mortuus
2388 1469 2459 1511 est
2489 1461 2633 1513 Aran
2657 1474 2771 1515 ante
2795 1461 2957 1516 Thare
2979 1474 3174 1535 patrem
3194 1483 3344 1519 suum

1784 1540 1837 1590 in
1860 1538 1937 1592 Ur
1965 1542 2328 1597 Cltalda'orum
2354 1546 2502 1615 (Gen.
2539 1564 2591 1602 χι
2609 1590 2622 1611 ,
2647 1550 2770 1621 28)?
2791 1582 2859 1592 -
2884 1552 3035 1625 Resp.
3066 1555 3137 1611 Ur
3167 1555 3336 1628 [vero]

1784 1628 1920 1697 ignis
1958 1632 2180 1695 dicitur,
2219 1644 2273 1687 et
2322 1635 2554 1691 Chaldaei
2609 1640 2781 1709 ignem
2835 1643 3016 1698 colunt
3060 1662 3157 1716 pro
3204 1647 3340 1713 Deo;

1785 1722 1959 1777 Thare
1981 1740 2138 1790 vero,
2186 1736 2243 1780 ut
2270 1728 2473 1783 Hebraei
2521 1732 2776 1797 tradunt,
2814 1749 2932 1788 cum
2966 1735 3088 1792 ﬁliis
3134 1742 3245 1794 suis
3291 1742 3344 1795 in

1784 1814 1957 1882 ignem
1989 1815 2183 1870 missus
2209 1827 2292 1871 est
2319 1833 2350 1871 a
2394 1817 2654 1876 Chaldaeis
2676 1862 2689 1885 ,
2728 1824 2853 1891 quia
2904 1826 3077 1895 ignem
3121 1827 3343 1884 adorare

101 1904 265 1959 tionis
289 1904 550 1977 unitatem
575 1903 629 1956 in
660 1903 937 1971 majestate
963 1904 1137 1958 divina
1186 1902 1349 1957 voluit
1377 1905 1677 1957 ostendere.
1716 1912 1756 1969 Β
1785 1901 2028 1967 nolebat,
2068 1904 2121 1956 in
2165 1921 2271 1973 quo
2298 1908 2418 1977 igne
2443 1907 2587 1962 Aran
2630 1921 2977 1982 consumptus
3003 1923 3103 1969 est.
3139 1916 3205 1970 Et
3242 1918 3347 1973 hoc

100 1993 255 2047 Sicut
278 1994 333 2047 in
365 1994 585 2048 exordio
609 1993 854 2047 humanm
882 1994 1171 2047 creationis
1195 1994 1394 2047 dictum
1425 2000 1508 2046 est
1535 2010 1547 2045 :
1580 1991 1684 2046 Fa-

98 2088 301 2139 ciamus
344 2086 602 2137 hominem
637 2084 704 2137 ad
747 2069 1024 2153 imaginem
1069 2094 1116 2137 et
1147 2082 1537 2137 similitudinem
1584 2100 1679 2136 no-

97 2187 284 2231 stram.
314 2176 381 2231 Et
407 2178 634 2231 iterum:
677 2174 820 2229 Fecit
860 2175 997 2229 Deus
1027 2175 1285 2228 hominem
1326 2173 1393 2226 ad
1432 2171 1678 2226 similitu-

96 2269 276 2321 dinem
300 2284 449 2322 suam
481 2267 635 2339 (Gen.
665 2286 707 2333 ι,
734 2267 825 2333 26,
847 2266 958 2336 27).
996 2266 1062 2322 Ut
1082 2266 1316 2320 Trinitas
1340 2266 1392 2318 in
1413 2265 1677 2335 personis,

95 2365 149 2410 et
180 2357 363 2409 unitas
392 2357 445 2409 in
478 2357 716 2425 potentia
743 2372 861 2410 esse
887 2355 1159 2409 credatur.

171 2443 340 2497 Inter.
382 2443 497 2497 lﬂ.
534 2444 612 2497 An
644 2445 899 2498 credibile
925 2452 1007 2497 est
1052 2451 1212 2497 tanta:
1238 2443 1477 2497 stultitia:
1517 2443 1682 2497 fuisse

96 2534 368 2596 homines,
402 2541 459 2586 ut
491 2532 544 2586 in
573 2532 766 2587 caelum
791 2532 1125 2586 altitudinem
1159 2531 1368 2585 aedilicii
1398 2530 1682 2599 cujuslibet
1710 2548 1723 2554 ε

95 2623 309 2690 erigere
356 2636 413 2676 se
459 2636 613 2692 posse
661 2628 910 2690 putarent
962 2618 1114 2691 (Gen.
1168 2636 1245 2683 χι,
1286 2618 1480 2689 ι)ν-
1520 2617 1676 2689 Resp.

95 2712 249 2767 Solet
280 2710 470 2784 [enim]
502 2713 804 2780 superbiam
824 2710 1047 2765 stultitia
1074 2711 1223 2780 sequi
1245 2720 1299 2764 et
1323 2710 1679 2764 humilitatem

92 2803 381 2872 sapientia.
428 2802 551 2856 Ideo
582 2802 743 2854 turris
785 2800 1177 2868 hic.superbi:e
1209 2800 1325 2853 loco
1360 2800 1532 2869 posita
1574 2806 1675 2853 est.

92 2893 247 2948 Fecit
270 2907 398 2962 ergo
440 2891 687 2962 superbia
737 2889 1075 2944 diversitates
1124 2888 1426 2965 linguarum
1475 2887 1676 2959 [humi-

92 2988 221 3043 litas
262 2983 465 3037 Christi
514 2981 858 3053 congregavit
901 2980 1239 3061 diversitates
1271 2976 1597 3048 linguarum]
1623 2989 1677 3033 et

92 3088 231 3143 quos
256 3074 421 3127 turris
447 3072 849 3135 dissociaverat,
885 3069 1123 3124 Ecclesia
1151 3068 1383 3138 collegit.

166 3164 334 3219 Inter.
378 3165 500 3221 148.
541 3164 671 3230 Quis
699 3164 874 3233 primo
896 3163 1135 3216 omnium
1166 3161 1470 3218 hominibus
1509 3161 1678 3215 domi-

1782 2002 1868 2045 est
1892 1994 2033 2060 quod
2054 2010 2193 2049 nunc
2217 1996 2412 2051 dicitur
2436 2016 2447 2050 :
2483 1998 2721 2055 Mortuus
2771 2013 2841 2056 est
2884 2014 3001 2057 ante
3024 2016 3344 2076 conspectum

1786 2082 1954 2137 Thare
1970 2088 2135 2155 patris
2162 2089 2263 2151 sui,
2290 2090 2427 2143 sicut
2450 2090 2866 2163 Hieronymusin
2881 2095 3043 2150 Libro
3060 2096 3346 2154 Hebraica-

1780 2189 1896 2226 rum
1926 2174 2287 2239 Qumstionum
2309 2178 2475 2233 refert
2498 2180 2665 2259 (Patr.
2691 2192 2817 2235 tom.
2850 2183 3029 2251 XXIII,
3062 2186 3164 2240 col.
3195 2187 3341 2259 957),

1780 2265 1856 2317 ita
1885 2266 2069 2320 dicens
2100 2284 2109 2319 :
2153 2286 2170 2318 ι
2205 2267 2341 2321 Vera
2363 2277 2445 2323 est
2465 2254 2669 2341 [igitur]
2701 2271 3043 2328 Hebraeorum
3071 2277 3158 2329 illa
3182 2254 3346 2333 tradi-

1781 2352 1856 2406 tio
1887 2392 1902 2416 ,
1941 2353 2080 2421 quod
2101 2369 2350 2434 egressus
2380 2364 2462 2410 est
2486 2358 2660 2412 Thare
2682 2374 2801 2413 cum
2847 2359 2968 2416 ﬁliis
2996 2363 3106 2416 suis
3131 2363 3195 2417 de
3225 2366 3345 2434 igne

1781 2426 2173 2509 Chaldmcruin,
2222 2451 2275 2498 et
2301 2446 2442 2515 quod
2482 2447 2751 2502 Abraham
2779 2449 3067 2521 Babylonio
3117 2426 3343 2508 vallatus

1780 2532 2045 2596 incendio,
2077 2535 2201 2602 quia
2243 2534 2370 2590 illud
2398 2536 2624 2594 adorare
2660 2540 2894 2605 nolebat,
2931 2542 3023 2598 Dei
3053 2545 3123 2598 sit
3149 2546 3346 2601 auxilio

1779 2619 2055 2674 liberatus.
2091 2622 2156 2675 Et
2183 2638 2247 2677 ex
2290 2623 2377 2678 illo
2413 2634 2652 2696 tempore
2689 2630 2737 2683 ei
2765 2630 2881 2685 dies
2908 2616 3029 2686 vita:
3057 2643 3111 2687 et
3140 2642 3347 2705 tempus

1782 2719 2061 2781 reputatur
2081 2714 2276 2779 aetatis,
2297 2729 2363 2769 ex
2381 2732 2487 2785 quo
2506 2717 2782 2773 confessus
2796 2730 2879 2775 est
2902 2722 3067 2776 Deum
3090 2738 3345 2794 spernens

1780 2802 1921 2855 idola
1960 2802 2351 2860 Chaldaeorum.
2385 2827 2403 2859 ι
2459 2808 2525 2863 Et
2574 2811 2648 2864 ita
2696 2811 2917 2867 solvitur
2963 2813 3341 2872 obscurissima

1779 2892 2001 2957 quaestio
2023 2894 2087 2947 de
2098 2894 2392 2949 Abraham.
2406 2895 2627 2968 Legitur
2646 2902 2788 2954 enim
2804 2902 2913 2955 Tha
2924 2919 2980 2957 re
2990 2919 3109 2958 cum
3132 2915 3341 2975 septua-

1778 2983 1923 3053 ginta
1948 2982 2073 3054 [Ms.
2108 2984 2265 3058 Lxxv]
2294 2996 2438 3042 esset
2463 3002 2746 3053 annorum,
2779 2991 3023 3059 genuisse
3046 2993 3340 3061 Abraham,

1778 3084 1833 3128 et
1858 3074 2075 3141 vixisse,
2121 3084 2401 3155 postquam
2430 3079 2612 3149 genuit
2636 3078 2906 3134 Abraham
2932 3120 2947 3146 ,
2984 3090 3196 3138 centum
3243 3088 3339 3139 tri-

1778 3165 1925 3235 ginta
1965 3167 2200 3236 quinque
2225 3183 2428 3234 annos,
2473 3178 2526 3224 et
2556 3169 2720 3225 fuisse
2745 3186 2932 3228 omnes
2977 3171 3136 3248 [dies]
3166 3175 3349 3234 Thare

92 3258 213 3311 nari
240 3264 295 3309 et
326 3269 548 3324 regnum
593 3253 817 3308 dilatare
855 3251 1097 3307 studuit?
1120 3280 1192 3293 -ρ
1213 3250 1371 3320 Resp.
1419 3249 1675 3305 Nemroth
1702 3252 1747 3314 Ο
1779 3252 1994 3308 ducenti
2018 3254 2253 3325 quinque
2275 3260 2422 3312 anni.
2455 3259 2583 3315 Item
2615 3260 2839 3332 legimus
2870 3263 2920 3318 in
2944 3263 3137 3321 Genesi
3168 3284 3180 3319 :
3209 3264 3340 3327 Εωι

93 3348 268 3417 gigas,
304 3352 362 3398 ut
392 3344 447 3398 in
494 3358 648 3398 sacra
694 3342 889 3413 legitur
921 3341 1168 3407 historia,
1212 3341 1305 3412 qui
1336 3340 1674 3395 exstruendze

92 3434 261 3491 turris
288 3442 343 3487 et
377 3430 666 3499 condendas
690 3430 997 3501 Babylonia:
1034 3439 1221 3485 auctor
1246 3430 1549 3487 exstiterat.

162 3523 323 3591 317
340 3521 503 3575 Inter.
533 3520 655 3576 H9.
680 3519 763 3573 An
786 3524 953 3573 unum
974 3532 1111 3588 opus
1126 3526 1211 3572 est
1234 3519 1396 3573 turris
1413 3518 1674 3574 etcivitas

94 3610 249 3686 [Μεη
276 3608 649 3681 civitatis],vel
671 3607 1055 3679 duo?——Resp.
1081 3607 1303 3681 [Veluti]
1318 3610 1616 3663 aestimatur
1642 3625 1673 3663 a

93 3701 335 3771 pluribus
362 3697 566 3771 [arcem
589 3695 695 3770 (Ita
719 3699 1007 3752 restituitur
1027 3696 1177 3751 lectio
1191 3714 1255 3751 ex
1281 3697 1436 3768 mss.)
1453 3712 1572 3751 esse
1599 3698 1673 3750 ci-

94 3794 277 3847 vitatis
320 3790 629 3863 Babylonia:
656 3796 859 3843 turrem
891 3787 1079 3860 illam].
1110 3788 1177 3843 Et
1196 3788 1334 3841 'ideo
1363 3787 1554 3840 civitas
1581 3784 1670 3838 illa

94 3880 335 3952 Babylon
364 3879 579 3951 dicitur,
611 3878 664 3932 id
689 3886 792 3942 est,
823 3876 1086 3939 confusio,
1111 3876 1237 3945 quia
1281 3872 1560 3929 confusum
1588 3884 1671 3927 est

96 3970 214 4044 [ibi]
237 3970 438 4025 lahinm
463 3970 725 4023 universa:
754 3976 933 4031 teme,
974 3975 1030 4021 et
1050 3967 1104 4019 in
1129 3966 1335 4035 linguas
1381 3965 1562 4017 varias
1594 3964 1670 4017 lo-

95 4060 253 4134 quola
312 4058 591 4112 hominum
648 4056 837 4109 divisa.
873 4054 1040 4122 Hujus
1088 4052 1279 4125 [enim]
1324 4054 1583 4116 civitatis,
1617 4053 1669 4107 id

94 4160 197 4215 est,
239 4147 527 4219 Babylonis
556 4134 923 4207 admirabilem
950 4144 1402 4198 constructionem
1431 4145 1667 4213 gentium

95 4238 436 4295 commendat
461 4235 722 4299 historia;
751 4232 903 4303 cujus
935 4232 1101 4290 nimia
1128 4231 1506 4302 disponebatur
1548 4232 1669 4286 alti-

96 4329 244 4396 tudo,
273 4330 387 4384 sive
427 4328 587 4383 unius
621 4328 788 4382 turris
817 4323 977 4398 [eius]
1009 4339 1171 4394 quam
1196 4326 1521 4399 praecipuam
1550 4338 1667 4378 mo~

95 4421 364 4477 licbantnr
381 4419 525 4474 inter
572 4417 705 4472 alias
726 4418 935 4487 erigere
961 4416 1015 4471 in
1043 4416 1260 4480 cmlum,
1288 4416 1400 4470 sive
1425 4416 1665 4469 omnium

98 4510 346 4571 turrium,
368 4488 487 4576 qua:
520 4521 616 4575 per
642 4520 923 4561 numerum
944 4505 1270 4574 singularem
1291 4510 1363 4558 ita
1391 4504 1661 4575 significa-

75 4608 160 4650 ’ωε
182 4603 330 4659 sunt,
364 4602 423 4647 ut
441 4592 636 4647 dicitur
658 4592 832 4656 miles,
860 4599 916 4645 et
939 4591 1310 4661 intelliguntur
1339 4592 1503 4645 millia
1526 4592 1666 4649 mili-
1694 4592 1740 4650 D

99 4699 204 4743 tum
231 4685 472 4759 [Querc.,
498 4684 841 4741 cummultos
880 4682 1073 4737 milites
1095 4680 1487 4757 intelligimus].

162 4778 329 4834 Inter.
351 4776 471 4833 l50.
488 4777 547 4833 ln
556 4792 668 4847 qua
682 4775 884 4834 familia
912 4774 1001 4829 illa
1020 4775 1318 4845 permansit
1330 4772 1683 4846 lingua,.qum

96 4868 343 4939 primitus
379 4866 550 4922 Adam
572 4865 768 4937 [Edit.,
795 4880 827 4935 a
862 4860 994 4937 Deo]
1026 4864 1152 4919 data
1180 4862 1387 4918 fuerat?
1411 4868 1481 4907 έ-
1506 4863 1663 4936 Resp.

98 4957 164 5012 Ut
200 4962 425 5027 putatur
454 4954 509 5007 in
558 4952 761 5011 familia

94 5055 216 5101 sunt
241 5047 295 5101 in
323 5060 389 5100 ea
414 5053 567 5116 parte
581 5044 878 5109 hominum,
896 5060 1014 5114 quae
1028 5045 1122 5103 Dei
1144 5047 1321 5123 portio
1342 5048 1663 5117 permansit,

93 5138 147 5193 in
172 5151 281 5207 qua
311 5145 367 5191 et
392 5136 697 5191 nasciturus
720 5144 839 5191 erat
860 5134 1149 5190 Christus.‘
1170 5135 1417 5208 Oportuit
1437 5139 1582 5192 enim
1607 5146 1666 5194 ut

94 5246 147 5285 tu
174 5244 243 5283 ea
270 5228 453 5299 lingua
495 5227 641 5283 salus
689 5227 889 5283 mundo
931 5226 1104 5298 primo
1131 5227 1537 5297 praedicaretur,
1562 5243 1664 5298 per

96 5332 255 5389 quam
283 5316 517 5385 primum
541 5330 687 5371 mors
704 5316 1003 5370 intraverat
1023 5315 1075 5370 in
1111 5314 1401 5369 mundum.
1418 5313 1663 5372 Ostendit

96 5420 305 5477 quoque
332 5403 518 5459 titulus
542 5405 598 5459 in
617 5420 775 5461 cruce
804 5405 1099 5461 Salvatoris
1112 5404 1522 5475 scriptus,th
1538 5420 1658 5461 esse

96 5496 329 5551 omnium
354 5492 654 5564 linguarum
671 5496 921 5564 primam.

162 5584 328 5642 Inter.
359 5581 480 5637 151.
508 5581 568 5637 Si
596 5582 738 5638 Deus
756 5586 1017 5655 requievit
1043 5585 1110 5641 ab
1134 5583 1381 5640 omnibus
1406 5586 1658 5655 operibus

98 5675 204 5730 suis
218 5674 273 5729 in
288 5671 374 5728 die
387 5671 635 5750 septimo,
651 5672 794 5728 unde
805 5675 981 5730 subito
994 5682 1143 5730 tanta
1164 5674 1410 5746 apparuit
1430 5674 1656 5732 diversi-

98 5775 175 5820 tas
186 5762 764 5836 linguarum?—Resp.
777 5764 895 5821 Non
904 5767 957 5821 in
973 5768 1075 5822 hac
1084 5767 1341 5822 divisione
1351 5766 1651 5839 linguarum
1690 5846 1693 5847 ν

100 5870 283 5908 ιιυνυςη
322 5853 449 5925 quid
479 5853 709 5911 madere
754 5853 1063 5910 Creatorem
1094 5858 1409 5925 aestimatur,
1452 5858 1543 5917 sed
1573 5861 1651 5915 di-

838 4954 1013 5020 eber,.
1046 4969 1109 5009 ex
1167 4970 1273 5024 quo
1302 4953 1679 5011 Hebraeidicti

1776 3356 1948 3398 autem
1988 3348 2251 3401 Abraham
2272 3350 2610 3421 septuaginta
2633 3356 2857 3425 quinque
2892 3373 3171 3423 annorum,
3220 3374 3339 3413 cum

1775 3454 2007 3508 egressus
2034 3448 2161 3493 esset
2186 3456 2249 3493 ea:
2272 3440 2475 3495 Charra
2506 3440 2662 3513 (Gen.
2691 3460 2790 3509 xu,
2808 3445 2898 3516 4);
2926 3435 3174 3505 videlicet
3194 3465 3341 3506 mor-

1776 3537 1866 3583 tuo
1887 3538 2040 3598 patre
2066 3527 2180 3597 ejus
2205 3530 2587 3601 Thare.~lgitur
2606 3532 2674 3586 ab
2695 3549 2834 3590 anno
2854 3538 3148 3593 nativitatis
3170 3539 3340 3595 Abra-

1775 3617 1921 3680 ham,
1952 3632 2121 3685 usque
2146 3619 2212 3673 ad
2249 3624 2453 3674 annum
2470 3659 2499 3699 ,ιε
2510 3636 2617 3690 quo
2641 3637 2891 3694 egressus
2914 3635 2999 3681 est
3015 3642 3081 3682 ex
3109 3626 3339 3696 Charra,

1766 3706 1898 3769 anni
1921 3715 2047 3759 sunt
2066 3716 2279 3762 centum
2302 3710 2519 3780 triginta
2531 3714 2783 3789 \qﬁinque
2812 3733 2825 3769 :
2858 3717 2953 3771 sed
2978 3720 3037 3774 ei
3066 3735 3172 3774 non
3198 3737 3339 3776 com-

1770 3804 2027 3864 putantur
2048 3798 2174 3851 anni
2201 3800 2291 3875 qui
2328 3802 2585 3855 transacti
2612 3813 2744 3875 sunt
2766 3814 3050 3876 antequam
3078 3812 3249 3865 exiret
3272 3814 3339 3867 de

1773 3890 1891 3958 igne
1912 3887 2283 3946 Chaldaeorum
2305 3890 2398 3946 Dei
2420 3892 2675 3948 liberatus
2693 3898 3040 3967 protectione.
3070 3898 3194 3955 Haec
3215 3901 3338 3957 Ilic-

1772 3996 2046 4053 ronymus.

1839 4090 2003 4146 Inter.
2036 4094 2155 4149 l53‘.
2192 4094 2468 4162 Quomodo
2496 4099 2894 4171 intelligendum
2924 4112 3008 4157 est
3039 4105 3179 4174 quod
3208 4107 3337 4162 dici-

1770 4192 1890 4267 tur:
1918 4185 2075 4240 Pater
2094 4187 2311 4243 Melchte
2331 4192 2438 4269 ipse
2452 4201 2526 4245 est
2548 4191 2710 4247 Pater
2733 4194 2933 4250 Iescltte
2952 4194 3101 4268 (Gen.
3130 4214 3206 4263 at,
3222 4199 3333 4269 29).

1770 4273 1861 4327 Vel
1889 4276 1979 4343 qui
2004 4273 2156 4346 [Ms.,
2184 4276 2323 4351 quae]
2347 4278 2447 4333 fuit
2472 4279 2708 4337 Jescha?
2748 4313 2819 4323 —
2844 4283 3000 4356 Resp.
3044 4286 3219 4344 Thare
3246 4304 3338 4361 ge-

1768 4367 1884 4420 nuit
1906 4366 2175 4422 Ahraham
2198 4408 2212 4434 ,
2264 4369 2479 4425 Nachor
2505 4380 2560 4427 et
2600 4372 2746 4428 Aran
2778 4393 2791 4428 :
2824 4374 2970 4431 Aran
3000 4393 3126 4434 vero
3156 4382 3337 4450 genuit

1766 4452 1885 4519 Lot,
1914 4464 1969 4509 et
2004 4455 2263 4511 Melcham
2290 4468 2345 4512 et
2372 4458 2543 4524 Sarri,
2586 4472 2938 4531 cognomento
2961 4463 3236 4532 Jescham,
3280 4481 3336 4523 et

1768 4554 2085 4614 accepertmt
2138 4563 2330 4602 uxores
2360 4588 2374 4613 ,
2407 4548 2679 4606 Abraham
2734 4551 2916 4617 Sarri,
2950 4553 3162 4610 Nachor
3204 4572 3334 4615 vero

1769 4632 2047 4689 Melcham.
2078 4633 2312 4691 Necdum
2350 4646 2528 4694 autem
2554 4640 2695 4695 inter
2738 4650 2959 4711 patruos
3002 4652 3054 4700 et
3103 4645 3329 4703 fratrum

1767 4724 1902 4780 fiios
1928 4726 2127 4795 nuptias
2154 4726 2271 4797 lege
2300 4729 2582 4797 prohibita:
2610 4729 2842 4785 fuerant.

1834 4833 1999 4889 Inter.
2024 4834 2145 4889 154.
2170 4836 2307 4905 Quid
2330 4840 2381 4892 in
2408 4840 2577 4894 tribus
2614 4840 2718 4896 illis
2746 4844 3145 4913 egressionibus
3174 4848 3331 4904 intel—

1763 4924 2028 4996 ligendum
2048 4937 2149 4994 est,
2177 4930 2230 4985 in
2255 4932 2445 5001 quibus
2464 4934 2771 5004 pracipitur
2790 4950 2823 4990 a
2843 4936 3068 4994 Domino
3093 4939 3327 4995 Abraha:

1763 5024 1821 5070 ut
1847 5020 2156 5089 egrediatur
2178 5021 2245 5076 de
2265 5032 2404 5076 terra
2428 5040 2525 5077 sua
2555 5034 2603 5079 et
2628 5026 2691 5080 de
2716 5031 3021 5099 cognatione
3046 5046 3161 5094 sua,
3186 5038 3234 5083 et
3258 5031 3322 5085 de

1761 5108 1913 5163 domo
1937 5113 2100 5178 patris
2126 5114 2207 5167 sui
2243 5111 2393 5186 (Gen.
2435 5130 2531 5182 xu,
2566 5115 2617 5188 1)
2640 5118 2663 5171 ?
2686 5150 2757 5160 —
2786 5118 2938 5191 Resp.
2980 5119 3121 5173 Nihil
3153 5119 3318 5186 aliud,

1760 5198 1861 5253 nisi
1885 5201 2039 5257 nobis
2074 5202 2265 5273 [Edit.,
2292 5203 2421 5279 non]
2446 5207 2825 5278 egrediendum
2846 5222 2965 5263 esse
2991 5209 3058 5263 de
3106 5217 3321 5266 terreno

1760 5292 2003 5357 homine,
2018 5302 2073 5348 et
2099 5295 2165 5350 de
2190 5297 2507 5367 cognatione
2538 5297 2788 5352 vitiorum
2816 5305 3142 5363 nostrorum,
3174 5308 3229 5354 et
3255 5301 3322 5357 de

1758 5382 1917 5439 domo
1939 5385 2131 5455 patris,
2158 5386 2212 5442 id
2231 5387 2580 5452 est,,mundo,
2618 5387 2709 5457 qui
2730 5385 2925 5442 diaboli
2964 5389 3149 5443 domus
3190 5390 3321 5446 dici-

1758 5482 1865 5540 tur,
1896 5477 2032 5531 utin
2059 5476 2272 5532 Psalmo
2302 5496 2315 5531 :
2348 5475 2657 5532 Obliviscere
2687 5479 2933 5551 populum
2973 5490 3118 5534 tuum
3156 5490 3202 5535 et
3223 5482 3320 5540 do-

1756 5582 1904 5619 mum
1917 5570 2079 5636 patris
2099 5569 2176 5620 tui
2198 5566 2368 5638 (Psal.
2401 5583 2543 5633 xm,
2571 5568 2680 5642 11).

1825 5679 1988 5750 318
2039 5678 2207 5733 Inter.
2259 5680 2380 5743 155.
2422 5679 2646 5747 Quanta:
2672 5687 3061 5756 promissioncs
3105 5688 3315 5749 Domini

1757 5768 1968 5824 fuerunt
1993 5767 2061 5823 ad
2086 5768 2393 5828 Abraham?
2438 5804 2510 5816 —-
2546 5773 2700 5846 Resp.
2750 5776 2894 5832 Duze.
2953 5777 3068 5834 Una
3115 5782 3317 5839 scilicet

1754 5859 1892 5929 quod
1907 5866 2105 5914 terram
2122 5860 2375 5919 Chanaan
2396 5879 2740 5933 possessums
2769 5866 2837 5920 sit
2866 5866 2918 5920 in
2946 5872 3148 5926 sentina
3175 5887 3269 5934 suo
3293 5891 3305 5922 ;
