4428 6428
846 477 949 532 535

844 591 986 660 quod
1013 591 1345 664 significatur
1366 608 1487 648 cum
1511 593 1708 645 dictum
1754 599 1836 643 est
1884 607 1894 641 :

842 699 994 750 quam
1022 684 1435 737 demonstrarero
1461 680 1601 752 (Ms,
1632 677 2001 748 monstrarem]
2023 677 2130 739 tibi,
2158 687 2204 730 et
2220 677 2408 745 facium

843 784 891 827 te
917 774 970 826 in
998 783 1194 844 gentem
1233 789 1478 843 magnam
1509 771 1660 842 (Gen.
1691 786 1788 834 xu,
1813 771 1890 839 9.).
1933 769 2050 822 Alia
2079 782 2209 822 vero
2257 766 2411 837 longe

843 864 1202 931 przestantior,
1228 864 1367 932 quod
1396 872 1548 932 pater
1575 871 1657 916 est
1682 877 1786 916 non
1815 862 1971 914 unius
1999 859 2172 930 gentis
2197 857 2408 910 Israeli-

841 956 958 1009 llC'P.
990 955 1181 1016 solum,
1212 955 1305 1007 sed
1328 965 1377 1008 et
1411 955 1649 1008 omnium
1680 953 1940 1023 gentium,
1969 966 2088 1020 qua:
2126 949 2247 1003 fidei
2294 946 2410 1016 ejus

842 1045 1057 1112 vestigia
1086 1054 1399 1113 so'qmmtur,
1430 1045 1570 1113 quod
1600 1043 1683 1097 bis
1725 1042 1901 1096 verbis
1941 1041 2268 1111 promittitur
2296 1056 2307 1090 :
2343 1041 2408 1094 Et

824 1121 1200 1188 benedicentur
1221 1137 1273 1187 in
1297 1145 1344 1186 te
1374 1151 1547 1186 omnes
1572 1143 1740 1204 gentes
1768 1132 1978 1203 [ternm
2022 1132 2094 1186 illi
2119 1131 2324 1186 scilicet
2353 1131 2406 1183 in

837 1224 1357 1277 semiue‘Abra‘ha-n
1397 1223 1799 1294 benedicentur]
1839 1224 1930 1293 qui
1979 1223 2208 1276 Abrah:e
2250 1222 2407 1276 fidem

841 1314 1138 1368 innituntur.
1933 1366 1945 1374 .

909 1402 1070 1457 Inter.
1104 1402 1220 1456 156.
1245 1402 1523 1469 Quomodo
1536 1403 1723 1467 Sarra,
1746 1419 1866 1458 cum
1894 1419 1924 1457 a
1943 1403 2224 1457 Pharaone
2253 1413 2404 1472 rapta

838 1495 1044 1558 finisset,
1074 1509 1410 1564 consequens
1435 1504 1537 1559 est,
1566 1504 1626 1550 ut
1653 1496 1844 1550 violata
1888 1512 1993 1550 non
2043 1495 2207 1550 fuerit
2251 1496 2402 1567 (rers.

837 1587 958 1658 15)?
978 1618 1047 1626 —
1079 1586 1232 1657 Resp.
1251 1585 1404 1654 Quia,
1431 1586 1583 1656 juxta
1611 1588 1805 1642 librum
1828 1588 2043 1651 Esther,
2071 1603 2405 1657 quaecunque

834 1677 1118 1732 mulierum
1143 1675 1434 1746 placuisset
1457 1680 1567 1749 regi
1586 1679 1722 1748 apud
1749 1687 1981 1741 veteres,
2009 1694 2101 1733 sex
2131 1678 2406 1733 mensibus

833 1769 1129 1838 ungebatur
1147 1769 1265 1824 oleo
1292 1781 1520 1841 myrteo,
1544 1780 1598 1824 et
1621 1787 1709 1825 sex
1741 1772 2013 1826 mensibus
2045 1775 2096 1826 in
2119 1772 2404 1841 pigmentis

831 1862 989 1915 variis
1019 1870 1137 1914 erat
1159 1869 1212 1914 et
1238 1863 1602 1916 curationibus
1652 1861 1997 1923 feminarum,
2030 1871 2083 1916 et
2133 1871 2259 1914 tunc
2309 1863 2402 1915 tle-

1690 475 1746 528 Β.
1789 476 1848 530 r.
1893 474 2115 528 suum
2156 475 2284 528 seu
2321 471 2593 527 ALCL‘iNt
2633 469 2915 528 ornatu
2953 437 3135 528 rans
3171 473 3232 526 ιι.

1943 587 2083 640 Vade
2127 588 2182 640 in
2203 597 2413 644 terram,
2445 589 2489 642 A
2520 587 2795 654 potuisset.
2831 585 3244 656 Signiﬁcabatur
3263 597 3440 643 autem
3469 603 3532 642 ea
3562 598 3737 654 terra,
3769 605 3928 659 quam
3959 606 4077 646 car-

3976 478 4075 534 53‘

2515 675 2634 729 nale
2656 691 2833 730 semen
2856 676 2974 746 ejus
3004 686 3348 748 accepturum
3377 686 3495 732 erat
3519 693 3532 742 ;
3565 676 3710 750 [nam
3763 679 3888 735 illud
3916 681 4074 750 spiri—

2511 766 2618 822 tale
2645 769 2809 821 totius
2835 767 3017 822 mundi
3046 767 3381 823 latitudinem
3408 783 3778 839 possessorum
3806 767 3954 842 erit.]

2580 857 2744 913 Inter.
2775 857 2895 912 161.
2921 857 3058 924 Quid
3089 857 3238 929 [dum
3269 859 3403 913 dixit
3447 859 3611 929 Deus]
3646 879 3659 913 :
3707 861 3785 914 Ad
3813 859 4073 916 Orientem

2508 959 2557 1003 et
2578 949 2648 1003 ad
2673 949 2822 1002 Mare
2844 947 2951 1019 [AL
2976 947 3299 1020 meridiem],
3330 949 3526 1004 dictum
3551 960 3635 1004 est
3650 947 3900 1020 ?—Resp.
3931 948 4076 1005 Solet

2510 1039 2699 1112 [enim]
2730 1038 3009 1109 Scriptura
3038 1048 3222 1094 sancta
3241 1080 3257 1102 ,
3304 1041 3428 1095 dum
3455 1039 3521 1094 de
3559 1040 3733 1111 plagis
3758 1047 3916 1094 teme
3954 1055 4075 1111 pro-

2509 1129 2780 1185 missionis
2806 1129 3059 1198 loquitur,
3079 1129 3224 1183 Mare
3237 1145 3335 1198 pro
3360 1129 3645 1184 Occidente
3669 1145 3888 1201 ponere,
3905 1131 3971 1184 ab
3987 1144 4072 1196 eo,

2507 1221 2648 1290 quod
2669 1219 2950 1274 Palestina:
2978 1220 3124 1288 regio
3143 1219 3285 1272 Mare
3301 1221 3352 1273 in
3370 1217 3672 1274 Occidentis
3685 1220 3837 1290 plaga
3859 1220 4070 1275 habeat.

2496 1327 2498 1329 ν
2578 1307 2742 1360 Inter.
2784 1306 2903 1360 162.
2935 1305 3034 1373 Qui
3065 1316 3191 1361 sunt
3233 1307 3465 1377 expediti
3491 1347 3506 1373 ,
3539 1307 3605 1362 de
3641 1307 3832 1376 quibus
3877 1309 4072 1363 dictum

2506 1407 2590 1453 est
2615 1416 2626 1450 :
2655 1397 2960 1452 Numemvit
2996 1399 3259 1466 expeditos
3289 1399 3590 1453 vernaculos
3629 1416 3750 1454 suos
3778 1397 3927 1471 (Gen.
3959 1417 4071 1458 xlv.

2509 1489 2632 1560 M)?
2683 1519 2754 1529 —
2801 1488 2954 1559 Iiesp.
2984 1490 3276 1558 Expeditos
3300 1490 3434 1544 dixit
3461 1487 3722 1562 [juvenes]
3769 1490 3837 1545 ad
3879 1489 4071 1545 bellum

2503 1587 2797 1647 promptos,
2835 1589 2887 1632 et.
2913 1579 3005 1646 qui
3033 1594 3136 1632 non
3177 1578 3397 1652 fuerunt
3432 1580 3663 1643 uxorati,
3693 1579 3761 1633 de
3789 1578 3979 1646 quibus
4021 1580 4070 1632 in

2505 1669 2852 1737 sequentibus
2874 1669 3004 1722 dicit
3031 1686 3041 1721 :
3069 1667 3310 1736 Exceptis
3336 1668 3416 1721 his
3437 1684 3552 1738 qua:
3579 1673 3905 1724 comederunt
3911 1667 4074 1741 λινε·
4109 1687 4112 1689 λ

2505 1783 2594 1820 nes
2617 1767 2768 1832 (vers.
2795 1763 2907 1833 ει).

2576 1853 2737 1906 Inter.
2779 1855 2892 1908 l65.
2927 1853 2993 1906 Et
3027 1864 3326 1923 persecutus
3360 1864 3434 1907 est
3468 1870 3625 1923 usque
3651 1853 3729 1906 ad
3752 1852 3886 1905 Dan.
3915 1851 4066 1920 (rens.

828 1966 971 2003 mum
1009 1950 1401 2020 ingresliebatur
1436 1951 1501 2004 a'l
1532 1967 1707 2021 regem
1734 1951 1962 2019 (lz'sthcr.
1993 1969 2052 2016 ιι,
2092 1952 2195 2020 l2).
2227 1954 2399 2021 Atque
2434 1927 2476 1987 Β
2510 1945 2615 2007 Η).
2641 1945 2740 2010 Qui
2770 1944 2916 1998 locus
2943 1954 3028 1997 est
3045 1943 3200 1998 Dan?
3229 1973 3298 2021 1-
3320 1942 3476 2014 Βεερ.
3512 1943 3626 1997 Dan
3659 1942 3937 1996 Phtl‘nices
3977 1956 4070 2010 0p-

828 2041 900 2093 lta
923 2049 1094 2108 potest
1127 2038 1258 2111 [.tl.,
1291 2039 1520 2112 poterat]
1563 2041 1697 2103 fieri,
1750 2051 1809 2096 ut
1853 2045 2016 2096 Sarra
2044 2084 2057 2105 ,
2115 2053 2397 2112 postquam

826 2130 1099 2199 placuerat
1124 2133 1234 2202 regi
1261 2174 1274 2196 ,
1314 2134 1436 2186 dum
1465 2150 1559 2201 per
1581 2150 1778 2186 annum
1808 2135 1873 2187 ad
1908 2151 2084 2204 regem
2112 2135 2159 2188 ei
2191 2150 2398 2205 pra'pa-

827 2230 973 2274 ratur
1001 2223 1271 2286 introitus,
1302 2222 1532 2277 Abrahae
1560 2223 1770 2278 Pharao
1822 2225 1986 2278 multa
2015 2225 2314 2287 donaverit,
2343 2233 2399 2277 et

827 2313 1032 2368 Pharao
1061 2322 1243 2383 postea
1268 2331 1555 2386 percussus
1577 2319 1644 2372 sit
1671 2334 1700 2371 a
1730 2317 1972 2382 Domino,
1998 2318 2086 2372 illa
2112 2319 2286 2372 adhuc
2316 2319 2395 2371 in-

824 2414 964 2460 tacta
995 2407 1061 2459 ab
1086 2406 1200 2471 ejus
1221 2409 1502 2461 concubitu
1535 2421 1905 2478 permanente.

855 2490 858 2494 ⁸
891 2494 1053 2549 Inter.
1090 2495 1208 2548 137.
1252 2496 1439 2551 Utrum
1470 2493 1777 2552 convenerit
1819 2501 2048 2554 Abrahae
2073 2510 2181 2554 tam
2209 2510 2394 2555 saneto

822 2586 961 2645 viro,
986 2593 1040 2636 ut
1064 2585 1260 2638 celaret
1275 2586 1494 2639 Sarram
1521 2603 1644 2641 esse
1663 2603 1879 2642 uxorem
1896 2605 2068 2652 suam,
2087 2599 2135 2642 et
2161 2607 2262 2642 non
2283 2605 2394 2642 ma-

820 2675 904 2744 gis
922 2683 1144 2745 poneret
1164 2677 1217 2728 in
1249 2674 1358 2730 Deo
1382 2692 1532 2745 spem
1560 2693 1733 2741 suam,
1765 2695 1830 2732 ue
1853 2679 2186 2732 occideretur
2212 2695 2239 2730 a
2271 2695 2393 2747 rege

821 2764 974 2835 (Cen.
1006 2781 1104 2827 xu,
1141 2765 1267 2836 15)?
1311 2797 1381 2806 -—
1436 2767 1590 2836 Resp.
1624 2766 1934 2823 Ostenditur
1963 2767 2152 2840 [enim]
2206 2772 2257 2822 in
2292 2770 2394 2822 isto

817 2855 937 2925 ejus
988 2857 1129 2909 facto
1172 2856 1312 2924 quod
1341 2858 1500 2910 homo
1532 2874 1635 2910 non
1667 2857 1824 2910 debet
1872 2866 2080 2911 tentare
2110 2858 2389 2912 Domiama

823 2951 984 3004 Deum
1007 2964 1180 3010 suum,
1219 2949 1426 3018 quando
1462 2949 1617 3004 habet
1647 2951 1772 3018 quid
1803 2949 1965 3004 faciat
1991 2965 2054 3004 ex
2089 2949 2390 3002 rationabili

817 3039 1057 3093 ιθηείιὶο.
1083 3037 1230 3094 l-‘eeit
1258 3041 1400 3094 enim
1429 3040 1569 3108 quod
1599 3042 1772 3108 potuit
1808 3053 1904 3108 pro
1931 3041 2037 3092 vita
2081 3055 2206 3101 sua;
2252 3038 2390 3106 quod

820 3139 1000 3183 autem
1029 3144 1131 3182 non
1150 3130 1339 3198 potuit,
1370 3129 1441 3183 illi
1469 3131 1734 3183 commisit
1757 3131 1808 3184 in
1836 3146 1994 3199 quem
2024 3132 2280 3200 speravit,
2305 3131 2391 3184 cui

820 3221 981 3274 etiam
1008 3220 1315 3290 pudicitiam
1343 3220 1583 3309 conjugis
1623 3221 2035 3274 commendavit.
2094 3220 2202 3274 Nec
2247 3221 2389 3275 enim

821 3314 953 3366 tides
983 3311 1068 3382 [ac
1097 3306 1241 3382 spes]
1265 3306 1465 3365 fefellit.
1484 3311 1723 3379 Namque
1749 3311 1959 3363 Pharao
1988 3325 2019 3364 a
2044 3310 2152 3364 Deo
2173 3311 2392 3364 territus

823 3403 1108 3470 multisque
1131 3410 1348 3470 propter
1369 3415 1489 3454 eum
1514 3399 1666 3472 [.lIs.,
1689 3399 1831 3471 eam]
1857 3400 2011 3462 malis
2035 3399 2280 3464 alllictus,
2307 3399 2407 3454 ubi

819 3493 936 3562 ejus
961 3507 1179 3546 uxorem
1209 3491 1509 3564 [divinitus]
1531 3508 1648 3546 osse
1674 3493 1875 3562 didicit,
1908 3492 2128 3546 ilhesam
2157 3507 2277 3545 cum
2299 3492 2397 3546 ho-

824 3599 957 3638 nore
987 3583 1213 3637 reddidit
1235 3586 1356 3647 viro,
1375 3595 1492 3637 suo.
2049 3598 2058 3604 ·

899 3677 1066 3730 Inter.
1113 3676 1231 3729 158.
1289 3675 1353 3728 Et
1381 3678 1475 3729 erit
1521 3693 1693 3729 semen
1723 3687 1867 3730 mum
1907 3678 2042 3730 sicut
2088 3675 2251 3730 stellte
2282 3675 2392 3729 mli

821 3779 868 3820 et
891 3769 1022 3822 sicut
1047 3785 1205 3821 arena
1234 3783 1350 3836 (μαῖ’
1372 3777 1446 3819 est
1475 3767 1525 3818 in
1551 3766 1721 3820 littore
1769 3768 1931 3820 maris
1962 3764 2114 3827 (Cen.
2147 3782 2246 3829 xu,
2284 3763 2389 3834 Π).

823 3858 922 3924 Qui
950 3856 1233 3927 significati
1265 3864 1388 3910 sunt
1417 3856 1469 3908 in
1501 3856 1695 3918 stellis,
1737 3866 1791 3908 et
1842 3856 1931 3924 qui
1987 3857 2040 3908 in
2095 3857 2300 3910 arena?
2323 3887 2395 3898 —

829 3947 979 4015 Resp.
1027 3946 1085 3999 in
1138 3944 1304 3999 stellis
1333 3943 1497 4016 [curii]
1541 3945 1821 4014 pauciores
1879 3945 2250 4016 lirmioresque
2293 3945 2390 4018 [et]

821 4035 1078 4091 clariores
1098 4035 1487 4106 intelliguntur;
1515 4036 1567 4088 in
1589 4051 1751 4090 arena
1777 4045 1956 4089 autem
1982 4023 2235 4090 maritimi
2253 4037 2393 4091 litto-

823 4128 930 4190 ris,
962 4141 1158 4196 magna
1187 4125 1469 4180 multitudo
1514 4125 1851 4181 infirmorum
1880 4134 2041 4194 atque
2070 4127 2388 4182 carnalium.

896 4218 1062 4276 Inter.
1096 4218 1214 4274 159.
1234 4217 1380 4291 Quid
1405 4227 1489 4274 est
1502 4217 1683 4272 Razim
1699 4226 1754 4272 et
1773 4217 1953 4274 Zozim
1975 4217 2102 4291 [.lIs.
2132 4219 2393 4290 Raphim:

826 4312 927 4377 al.,
953 4309 1126 4366 Ralim
1152 4307 1359 4381 Zuzim]
1392 4308 1545 4380 (Cen.
1581 4325 1694 4373 xiv,
1741 4309 1861 4381 5)?.
1888 4339 1959 4349 —
2003 4309 2155 4380 Resp.
2209 4311 2392 4366 Razim

822 4403 1090 4474 gigantes,
1117 4398 1296 4453 Zosim
1339 4398 1604 4456 terribiles
1649 4399 2112 4468 interpretantur,
2167 4399 2394 4472 [signiﬁ-

824 4490 972 4564 cant]
1003 4489 1249 4544 robustos
1274 4503 1512 4557 quosque
1534 4487 1587 4542 in
1620 4488 1838 4542 Arabia.

2501 2037 2682 2105 pidum
2711 2044 2817 2098 est,
2843 2034 2984 2104 quod
3018 2051 3160 2090 nunc
3188 2015 3395 2089 Paucas
3434 2035 3631 2088 dicitur
3655 2073 3671 2098 ,
3711 2033 3798 2086 ubi
3827 2047 3964 2085 unus
4005 2033 4071 2085 do

2501 2127 2738 2182 fontibus
2759 2127 3008 2182 Iordanis
3037 2129 3228 2189 oritur,
3260 2128 3350 2196 qui
3383 2123 3579 2180 dicitur
3605 2125 3756 2185 Dan;
3787 2124 3923 2178 alter
3946 2137 4070 2176 vero

2501 2221 2600 2273 Jor
2637 2238 2654 2273 :
2685 2229 2737 2274 et
2764 2221 2848 2274 his
2875 2219 3080 2273 duobus
3119 2217 3376 2279 fontibus,
3421 2218 3509 2284 qui
3561 2215 3700 2269 haud
3742 2213 3923 2283 procul
3951 2229 3981 2266 ε
4013 2226 4070 2266 se

2497 2309 2730 2372 distant,
2774 2311 2825 2362 in
2870 2323 3034 2362 unum
3075 2306 3301 2361 rivulum
3355 2305 3649 2369 fmderatis,
3699 2303 3947 2357 Iordanis
3976 2317 4071 2370 ap-

2495 2399 2724 2468 pellatur
2747 2417 2758 2450 :
2785 2398 2947 2468 319
2970 2407 3022 2452 et
3051 2399 3191 2453 sicut
3210 2414 3276 2450 ex
3318 2397 3524 2452 duobus
3553 2395 3786 2450 fontibus
3811 2410 3948 2450 unus
3973 2393 4069 2448 llu-

2497 2489 2634 2552 vius,
2663 2488 2736 2541 ita
2758 2502 2824 2542 ex
2853 2487 3157 2542 nominibus
3185 2485 3598 2555 una-appellatio
3623 2495 3952 2554 procreatur.

2567 2597 2730 2652 Inter.
2767 2597 2884 2651 164.
2913 2596 3042 2663 Quis
3081 2605 3165 2650 est
3193 2597 3293 2650 iste
3326 2595 3696 2649 Melchisedech
3744 2610 3834 2648 rex
3868 2595 4069 2657 Sal-3m,

2495 2707 2653 2758 quem
2695 2689 2982 2760 Apostolus
3011 2689 3143 2743 dicit
3170 2689 3284 2743 sine
3315 2697 3466 2757 patre
3492 2696 3548 2742 et
3585 2688 3702 2741 sine
3746 2694 3916 2740 matre
3950 2699 4069 2740 esse

2495 2777 2644 2849 (Cen.
2671 2795 2780 2844 xxv,
2811 2779 2906 2842 18;
2936 2777 3095 2831 IIebr.
3120 2791 3217 2840 νη,
3243 2777 3410 2848 5)?-—-
3443 2774 3595 2845 Resp.
3622 2775 3743 2829 ideo
3782 2773 4072 2843 dixitApo—

2493 2869 2660 2922 stolus
2680 2882 2802 2921 eum
2827 2867 3029 2935 absque
3048 2873 3202 2935 patre
3222 2874 3277 2919 et
3296 2865 3498 2934 absque
3512 2872 3705 2927 matre,
3722 2863 3850 2929 quia
3873 2874 4068 2932 genea-

2493 2957 2687 3028 logiam
2718 2957 2836 3026 ejus
2855 2964 3044 3012 sancta
3074 2940 3351 3025 Scriptura
3383 2969 3490 3008 non
3515 2959 3717 3006 narrat.
3735 2952 3898 3006 Aiunt
3923 2950 4068 3004 enim

2493 3047 2725 3110 ltebrati,
2747 3049 2891 3102 hunc
2918 3044 3307 3100 Melchisedech
3334 3051 3539 3098 mutato
3565 3043 3777 3096 nomine
3800 3038 3924 3094 Sem
3951 3053 4070 3095 esse

2495 3139 2662 3193 ﬁlium
2690 3137 2821 3201 Noe,
2851 3147 2907 3192 et
2952 3144 3303 3208 supputantes
3331 3149 3501 3188 annos
3529 3134 3648 3188 vitm
3678 3133 3846 3203 ipsius
3889 3139 4068 3187 osten-

2494 3230 2648 3295 dunt,
2669 3245 2792 3283 cum
2814 3243 2984 3297 usque
3008 3227 3074 3281 ad
3099 3226 3250 3280 Isaac
3272 3236 3509 3295 tempora
3530 3224 3753 3293 vixisse;
3778 3237 4068 3293 omnesque

2499 3320 2880 3391 primogenitos
2901 3316 3182 3388 pontiﬁces
3202 3315 3388 3380 fuisse,
3412 3312 3508 3386 [et]
3533 3314 3733 3368 hostias
3748 3311 3857 3366 Deo
3883 3312 4072 3366 immo-

2495 3413 2637 3468 lasse
2664 3427 2832 3482 usque
2860 3413 2926 3465 ad
2961 3420 3199 3480 tempora
3245 3408 3424 3461 Aaron
3452 3415 3506 3460 et
3532 3405 3664 3474 legis
3691 3403 4064 3462 cmremonias;

2493 3513 2549 3558 et
2592 3503 2708 3558 hzec
2749 3517 2868 3557 esse
2898 3499 3276 3572 primogenita,
3306 3513 3424 3568 qua:
3469 3496 3710 3550 vendidit
3735 3494 3874 3548 Esau
3916 3492 4068 3546 fratri

2494 3611 2591 3650 suo
2613 3593 2794 3650 .lacob.
2825 3594 2926 3660 Qui
2947 3593 3110 3648 etiam
3135 3589 3523 3646 Melchisedech
3547 3587 3670 3656 jure
3695 3586 3760 3640 de
3784 3583 4069 3654 triumphis

2494 3685 2773 3756 abnepotis
2795 3684 2946 3757 [.lfs.,
2963 3681 3190 3753 nepotis]
3213 3682 3293 3736 sui
3315 3681 3550 3736 decimas
3565 3678 3856 3748 accepisset
3875 3675 4068 3748 [Edit.,

2493 3769 2740 3846 accepit].
2770 3774 2940 3829 Porro
2970 3771 3151 3828 Salem
3197 3786 3318 3825 eam
3362 3769 3529 3840 ipsam
3559 3783 3680 3823 esse
3714 3767 3920 3829 volunt,
3950 3779 4069 3833 quae

2489 3875 2676 3942 postea
2703 3864 3000 3920 Jerusalem
3029 3863 3170 3917 dicta
3199 3869 3301 3916 est.
3331 3859 3454 3914 Ηιεε
3483 3859 3644 3913 etiam
3680 3857 3854 3926 primo
3884 3851 4065 3912 lebus.

2491 3964 2553 4010 ut
2593 3955 2852 4019 referunt,
2882 3961 3068 4024 postea
3115 3951 3319 4014 Salem,
3347 3948 3541 4003 deinde
3588 3944 3885 4001 Jerusalem
3927 3943 4067 3998 dicta

2492 4056 2591 4102 est.
2616 4046 2719 4100 lste
2750 4054 2930 4100 autem
2961 4041 3348 4097 Melchisedech
3379 4037 3672 4110 figuraliter
3695 4036 3966 4110 Christum
3991 4033 4065 4086 si-

2491 4138 2711 4210 gniﬁcat
2756 4135 3048 4191 secundum
3105 4129 3434 4202 apostolum,
3476 4130 3599 4199 quia
3652 4127 3899 4182 Christus
3949 4123 4067 4178 sine

2491 4237 2664 4285 matre
2695 4229 2747 4282 in
2778 4227 2947 4290 cretis,
2975 4233 3032 4280 et
3057 4225 3175 4280 sine
3203 4230 3360 4294 patre
3394 4222 3448 4276 in
3481 4219 3663 4282 terris,
3693 4215 3924 4272 olferens
3955 4213 4064 4267 Deo

2490 4334 2590 4391 pro
2619 4318 2774 4373 nobis
2802 4318 2857 4370 in
2887 4316 3047 4370 terris
3071 4314 3154 4368 sui
3184 4312 3426 4382 corporis
3452 4323 3643 4386 panem
3667 4316 3722 4362 et
3744 4305 3826 4360 sui
3849 4302 4068 4372 sangui-

2492 4409 2579 4465 nis
2600 4409 2813 4472 vinum;
2839 4406 2907 4460 ad
2934 4420 3094 4475 quem
3126 4396 3355 4459 dicitur:
3386 4401 3462 4454 Tu
3489 4417 3542 4453 es
3569 4395 3807 4453 sacerdos
3833 4395 3888 4449 in
3919 4403 4068 4448 teter-

2492 4516 2616 4554 mmt
2663 4497 2948 4553 secundum
2993 4494 3228 4548 ordinem
3267 4489 3638 4546 Melchisedech
3695 4483 3889 4554 (Hebr.
3919 4498 3973 4548 v,
4000 4482 4065 4546 6;

901 4602 1064 4657 Inter.
1099 4601 1219 4656 lliO.
1249 4600 1393 4654 Dixit
1421 4599 1591 4671 [ergo]
1621 4600 1762 4654 Deus
1799 4601 1864 4653 ad
1905 4569 2225 4658 Abraham:
2259 4604 2391 4661 Leea
2425 4610 2474 4668 ο
2502 4590 2644 4644 Ρδαίο
2669 4604 2780 4652 οἰκ,
2805 4587 2881 4657 4)·

826 4691 1003 4744 neulos
1026 4698 1143 4742 tuos
1169 4698 1216 4742 et
1238 4687 1350 4741 vide
1375 4704 1404 4739 a
1422 4687 1535 4740 loco
1553 4690 1607 4740 in
1627 4704 1728 4756 quo
1749 4700 1803 4741 tu
1824 4705 1959 4744 nunc
1975 4707 2048 4754 es,
2077 4702 2125 4745 et
2146 4694 2214 4746 ad
2239 4695 2398 4764 Aqui-

827 4788 997 4834 ionem
1021 4788 1068 4834 et
1093 4778 1162 4832 ad
1191 4778 1458 4839 Austrum,
1491 4775 1559 4828 ad
1586 4774 1847 4830 Orientem
1875 4788 1923 4832 et
1953 4781 2021 4833 ad
2061 4779 2210 4834 Mare
2247 4781 2398 4854 [Vul-

833 4884 972 4938 gata,
994 4868 1370 4941 Occidentem],
1391 4869 1515 4939 quia
1537 4884 1736 4923 omnem
1756 4878 1967 4940 terram,
1985 4887 2139 4939 quam
2158 4882 2214 4925 tu
2236 4874 2396 4937 rides,

828 4964 921 5016 tibi
943 4960 1096 5022 dabo,
1119 4969 1166 5014 et
1188 4960 1370 5013 semini
1396 4969 1484 5012 tuo
1513 4956 1666 5026 (Cen.
1699 4974 1792 5012 xm
1813 4997 1826 5021 ,
1862 4957 1968 5029 Η).
1995 4958 2051 5014 Si
2082 4962 2225 5016 enim
2255 4971 2398 5016 terra

835 5061 1037 5106 tantum
1062 5046 1473 5119 promittebatur
1518 5044 1637 5118 [ei],
1681 5063 1843 5118 quam
1873 5056 2000 5102 tunc
2047 5046 2102 5103 in
2151 5066 2257 5105 uno
2283 5052 2402 5107 loco

830 5156 983 5198 stans
1011 5143 1190 5196 videre.
1216 5140 1385 5209 potuit
1409 5153 1506 5208 per
1533 5147 1765 5206 quatuor
1792 5139 2008 5194 climata
2037 5142 2219 5195 mundi
2243 5159 2257 5206 ;
2306 5160 2400 5197 an-

833 5244 986 5303 gusta
1017 5231 1224 5286 videtur
1247 5245 1367 5283 esse
1397 5237 1539 5283 terra
1570 5231 1970 5312 promissionis?
1989 5261 2059 5270 —
2090 5232 2241 5305 Resp.
2288 5233 2400 5288 Non

837 5327 936 5378 hoc
958 5321 1119 5394 [beo]
1149 5321 1316 5374 solum
1350 5330 1505 5373 terra:
1536 5318 1631 5392 [ei]
1672 5322 1993 5389 promissum
2023 5332 2123 5387 est,
2154 5326 2294 5394 quod
2325 5329 2405 5380 vi-
2426 5365 2440 5387 ,

837 5417 963 5468 dere
991 5411 1179 5483 potuit.
1209 5409 1320 5464 Non
1348 5411 1489 5463 enim
1512 5410 1710 5464 dictum
1737 5418 1820 5464 est
1842 5450 1854 5473 ,
1890 5420 2097 5467 tantum
2126 5421 2281 5468 terra;
2309 5415 2402 5468 ubi

838 5506 978 5560 dabo
1006 5512 1266 5572 quantum
1295 5503 1471 5566 vides;
1512 5502 1604 5556 sed
1631 5519 1642 5554 ε
1686 5501 1798 5554 Tibi
1827 5501 1962 5556 dabo
1991 5513 2204 5568 terram,
2248 5521 2406 5575 quant

839 5595 1001 5660 rides,
1029 5609 1152 5648 cutn
1181 5603 1238 5648 et
1264 5591 1487 5645 ulterior
1528 5591 1760 5662 undique
1801 5593 2048 5649 dabatur.
2098 5593 2164 5649 Et
2208 5575 2408 5651 idcirco

841 5685 1120 5757 subiunxit
1143 5701 1155 5736 :
1175 5683 1342 5752 Surge
1371 5690 1415 5734 et
1447 5681 1750 5750 perambula
1776 5691 1966 5736 terram
1995 5684 2047 5736 in
2073 5683 2405 5737 latitudineet

841 5777 1158 5846 longitudine
1187 5772 1343 5846 [ejus]
1367 5771 1517 5843 (rers.
1560 5771 1668 5839 l7),
1700 5780 1758 5825 ut
1781 5773 2198 5844 perambulando
2219 5779 2407 5844 per-ve-

845 5873 977 5923 nirvt
1007 5869 1177 5922 adea.
1204 5884 1321 5938 qua:
1357 5865 1525 5920 oculis
1553 5881 1659 5918 uno
1709 5864 1825 5920 loco
1873 5873 2023 5920 stans
2068 5868 2250 5924 videre
2300 5885 2426 5942 ηυιιΞ

2569 4677 2732 4733 Inter.
2761 4676 2880 4730 165.
2927 4674 3060 4742 Quis
3113 4673 3213 4728 fuit
3262 4667 3818 4729 DamascusEliezer,
3848 4663 3916 4718 de
3964 4676 4072 4732 quo

2498 4771 2634 4826 dixit
2670 4769 2944 4824 Abraham
2968 4782 2982 4817 :
3017 4764 3199 4820 Hect-es
3224 4778 3367 4816 meus
3391 4761 3486 4814 erit
3519 4756 3670 4828 (Gen.
3697 4770 3787 4820 xv,
3815 4753 3872 4818 Ξ,
3893 4752 4070 4823 3)?—

2500 4860 2656 4931 Resp.
2690 4859 2856 4914 Filius
2909 4853 3280 4927 procuratoris
3329 4849 3576 4911 Abrahae,
3624 4845 3715 4916 qui
3762 4851 3967 4915 postea,
4011 4849 4074 4896 ut

2500 4952 2671 5013 alunt,
2700 4949 3019 5003 Damascum
3063 4941 3328 5004 condidit,
3355 4946 3412 4995 et
3437 4951 3631 4993 nomen
3662 4934 3865 4991 civitati
3901 4931 4068 4994 dedit,

2501 5051 2829 5110 regnumque
2852 5036 2905 5089 'm
2928 5049 2991 5088 ea
3017 5032 3268 5087 obtinuit.

2569 5149 2738 5207 Inter.
2760 5148 2876 5204 166.
2911 5143 3158 5217 Nunquid
3187 5144 3442 5201 convenit
3490 5141 3612 5196 fidei
3643 5139 3869 5197 Abrahae
3896 5143 3957 5190 ut
3997 5137 4070 5190 si-

2501 5257 2665 5312 gnum
2685 5239 2841 5310 quasi
2877 5236 3070 5294 dubius
3097 5241 3364 5305 quaereret
3390 5248 3422 5288 a
3458 5231 3682 5287 Domino
3708 5229 3890 5284 dicens
3916 5246 3929 5281 :
3951 5227 4068 5281 ’οος

2503 5332 2640 5384 mine
2672 5330 2830 5392 Deus,
2861 5328 2998 5382 unde
3035 5327 3168 5380 scire
3207 5339 3417 5398 possunt
3435 5321 3574 5392 quod
3601 5337 3927 5391 possessums
3953 5337 4068 5374 sum

2503 5435 2616 5474 eam
2647 5417 2797 5488 (Gen.
2823 5431 2911 5480 sv,
2933 5413 3024 5487 8)?
3041 5445 3112 5457 —-
3135 5414 3287 5484 Resp.
3310 5411 3425 5468 Non
3446 5411 3598 5481 quasi
3625 5409 3834 5473 dubius,
3859 5409 3924 5463 de
3946 5422 4069 5484 pro—

2503 5508 2758 5564 missione
2786 5505 2901 5568 Dei,
2932 5519 3074 5559 anne
3101 5501 3277 5567 ﬁeret,
3301 5501 3397 5555 sed
3420 5501 3687 5570 quomodo
3712 5497 3945 5558 futurum
3977 5508 4067 5548 cs-

2505 5605 2587 5652 sct
2610 5595 2948 5665 exquirebat.

2580 5686 2742 5742 Inter.
2779 5687 2892 5743 l67.
2941 5685 3080 5754 Quid
3132 5684 3293 5756 igitur
3335 5683 3388 5738 in
3437 5682 3525 5738 illo
3563 5679 3782 5749 mystico
3822 5679 3972 5753 signo
4004 5676 4069 5728 de

2505 5779 2816 5848 posteritate
2847 5775 3060 5849 generis
3102 5775 3185 5828 sui
3223 5772 3452 5828 Abraba:
3491 5769 3888 5840 intelligendum
3923 5769 4070 5819 erat?

2508 5867 2587 5921 vel
2617 5883 2712 5923 cur
2740 5868 2901 5920 trium
2927 5879 3186 5919 annorum
3221 5863 3468 5920 animalia
3498 5861 3568 5916 illi
3599 5869 3751 5915 erant
3782 5857 4067 5914 sumeu'a?
