4428 6424
183 453 291 508 551

783 455 1189 513 EXEGETICA.
1224 487 1295 496 .-
1326 455 1693 511 ικτεκιιοα.
1730 441 1817 511 ετ
1854 455 2179 513 ιωεΡοΝε.
2219 458 2286 513 IN
2320 458 2581 525 ceues.,
2626 459 2771 515 ere.

3291 464 3401 519 538

180 568 270 622 vel
294 582 396 623 cur
417 568 668 621 animalia
688 561 875 622 dividit
892 576 947 623 et
966 568 1207 623 volucres
1237 584 1345 622 non
1380 567 1565 623 dividit
1589 565 1739 637 (vers.
1770 574 1813 627 Α
1841 575 1903 621 ut
1934 568 1989 621 in
2019 566 2247 640 Egyptu
2287 569 2512 641 populus
2538 571 2633 627 Dei
2677 573 2865 627 duram
2901 582 3182 643 peragere:
3224 574 3396 631 εει-νε-

183 656 363 729 9)?-—-
392 656 546 725 Resp.
580 656 762 725 Trium
806 651 996 729 [enim]
1047 674 1305 712 annorum
1344 656 1590 711 animalia
1638 664 1747 710 tres

171 750 487 816 temporum
533 746 785 801 articulos
835 748 1136 818 designant,
1177 745 1368 815 quibus
1410 745 1633 815 populus
1680 744 1747 797 ad

182 853 455 893 summum
483 839 701 893 honoris
720 839 801 892 cui
815 853 928 892 nen
954 838 1195 892 adolevit.
1211 836 1255 889 A
1277 835 1600 905 temporibus
1620 849 1747 888 vero

178 929 505 997 patriarchae
554 929 779 982 Abrabre
826 943 923 997 per
976 927 1415 997 repromissioues
1460 938 1628 992 usque
1678 924 1743 977 ad

182 1028 425 1090 tempora
459 1021 653 1091 Moysis
694 1018 1007 1087 conjunctus
1050 1026 1134 1072 est
1181 1018 1309 1071 Deo.
1339 1016 1382 1069 Α
1424 1015 1746 1085 temporibus

180 1119 363 1163 autem
395 1109 589 1178 Moysis
612 1109 951 1178 legislatoris,
980 1124 1009 1160 a
1040 1106 1149 1160 Deo
1176 1106 1307 1175 legis
1336 1106 1665 1172 acceptione,
1692 1112 1747 1156 et

179 1200 563 1254 miraculorum
603 1200 927 1260 ostensione,
968 1197 1355 1263 triumphisque
1392 1203 1445 1247 et
1472 1201 1627 1246 terra:
1655 1209 1744 1247 re-

177 1290 555 1358 promissionis
596 1289 924 1359 ingressione
958 1286 1311 1357 gloriﬁcatus;
1356 1300 1383 1335 τι
1423 1280 1746 1351 temporibus

172 1364 310 1431 vero
342 1378 504 1431 Davil
549 1378 694 1447 regio
724 1378 945 1438 honore,
987 1383 1041 1428 et
1084 1373 1265 1442 templi
1295 1373 1633 1441 civitatisque
1659 1368 1748 1423 Je-

177 1466 416 1521 rusalem
446 1466 795 1519 instructione
816 1464 1052 1517 elevatus
1074 1472 1172 1516 est.
1196 1460 1361 1515 Porro
1382 1462 1523 1514 aries
1546 1460 1744 1529 regiam

175 1564 245 1615 et’
266 1558 654 1614 sacerdotalem
692 1547 1036 1628 dignitatem;
1069 1572 1231 1610 vacca
1261 1556 1360 1611 sub
1408 1556 1540 1626 legis
1568 1555 1743 1609 littera

175 1649 533 1707 servientem;
564 1662 725 1716 capra
761 1647 923 1700 etiam
950 1646 1192 1700 eamdem
1230 1654 1441 1715 gentem
1488 1644 1745 1713 peccatri-

176 1754 298 1792 cem
324 1752 443 1791 esse
471 1737 729 1805 designat.
758 1734 898 1789 Aves
923 1750 1052 1789 vero
1091 1734 1393 1803 spirituales
1417 1742 1471 1786 et
1499 1733 1592 1787 Dei
1631 1732 1742 1787 ele-

174 1838 296 1882 ctos
322 1825 756 1896 pneligurabant.
785 1824 1085 1880 Divisiones
1113 1825 1290 1891 itaque
1316 1821 1465 1886 illa,
1488 1821 1739 1892 namque]

1850 650 2032 712 tatem.

1915 740 2078 797 Inter.
2104 744 2223 800 469.
2266 744 2442 811 Quare
2469 747 2666 801 dictum
2710 755 2794 803 est
2838 748 2892 802 in
2938 747 3128 805 Genesi
3156 748 3223 804 de
3271 749 3397 806 aliis

1846 828 2112 884 Abraham
2136 848 2149 883 :
2180 830 2379 896 Quarta
2403 835 2643 903 progenie
2668 845 2978 889 revertentur
2997 836 3096 889 huc
3125 835 3279 906 (Gen.
3300 854 3396 906 xv,

1848 917 1934 989 16)
1958 918 1982 972 ?
2009 919 2074 973 Et
2101 920 2152 973 in
2183 920 2364 975 Exodo
2384 922 2575 993 legitur
2600 942 2618 1001 ε.
2648 922 2839 989 Quinta
2865 927 3188 994 generatione
3213 944 3394 983 ascen-

1842 1008 2027 1063 derunt
2066 1010 2165 1077 ﬁlii
2209 1010 2378 1064 Israel
2403 1012 2467 1065 de
2517 1022 2652 1065 terra
2698 1013 2915 1083 ὥρῃρεὶ
2945 1015 3144 1084 (Exod.
3163 1033 3279 1082 xm,
3306 1020 3393 1081 18.

1825 1096 1992 1166 juxta
2020 1096 2309 1169 LXX)?—
2329 1100 2483 1169 Resp.
2508 1102 2717 1171 Egressi
2744 1112 2870 1156 sunt
2899 1102 2988 1157 lilii
3017 1104 3176 1160 Israel
3204 1118 3392 1177 quarta

1845 1188 2185 1257 generatione
2212 1188 2277 1241 de
2302 1196 2444 1241 terra
2483 1187 2718 1258 Egypti.
2748 1190 2957 1259 Replica
3002 1196 3397 1261 generationem

1843 1275 1989 1332 Levi.
2019 1274 2146 1330 Levi
2186 1277 2364 1347 genuit
2404 1275 2570 1341 Gath;
2598 1277 2735 1331 Gsth
2764 1280 2945 1347 genuit
2984 1280 3199 1336 Amram
3236 1283 3396 1354 ΗΜ..

1798 1400 1807 1409 ι
1844 1364 2091 1438 Abram];
2120 1367 2336 1421 Amram
2366 1368 2547 1438 genuit
2570 1369 2747 1422 Aaron
2776 1367 2966 1439 [Edit.,
2992 1372 3189 1443 Aran];
3214 1374 3391 1433 Aaron

1845 1454 2087 1528 [genuit]
2118 1456 2371 1521 Eleazar;
2423 1456 2645 1511 Eleazar
2690 1456 2913 1530 [genuit]
2965 1458 3211 1515 Phinees.
3254 1464 3391 1520 Galh

1843 1559 1963 1598 cum
1986 1541 2139 1614 patfe
2182 1559 2280 1597 suo
2324 1544 2450 1598 Levi
2484 1546 2758 1615 ingressus
2786 1555 2872 1601 est
2907 1546 3222 1618 A‘Igyptum;
3259 1552 3398 1623 [nun

1842 1649 1960 1689 sum
2004 1633 2223 1688 Eleazar
2252 1648 2371 1688 cum
2398 1642 2549 1703 patre
2572 1650 2668 1689 suo
2695 1636 2874 1691 Aaron
2917 1653 3191 1709 regressus
3219 1652 3303 1697 est
3333 1647 3399 1697 ab

1844 1722 2116 1795 Egypto].
2160 1722 2206 1776 A
2246 1722 2383 1778 Gatb
2430 1738 2600 1792 usque
2647 1724 2711 1777 ad
2755 1724 2994 1796 Eleazar.
3025 1741 3399 1799 computantur

1843 1820 2072 1881 quatuor
2098 1812 2488 1884 generationes.
2532 1811 2681 1878 Quod
2709 1820 2885 1866 autem
2933 1818 3219 1871 secundum
3259 1821 3398 1875 Exo-

175 1913 517 1972 ammalium,
567 1914 858 1967 schismata
903 1915 1044 1968 ξηιει-
1087 1912 1331 1968 carnales
1378 1926 1591 1981 x,;mpel-
1620 1926 1743 1966 esse
1774 1900 1968 1972 Bdum
1990 1901 2175 1969 quinta
2201 1900 2543 1971 generatione
2589 1902 2790 1970 egressi
2839 1911 2965 1956 sunt
3004 1903 3096 1958 lilii
3140 1906 3301 1963 Israel
3331 1911 3396 1966 de

172 2005 493 2068 ostendunt;
542 2005 595 2058 in
642 2002 907 2073 eo_[vero]
938 2002 1078 2070 quod
1109 2017 1235 2056 aves
1275 2018 1380 2056 non
1412 2002 1606 2063 divisit,
1637 2018 1740 2071 pax

172 2103 233 2148 et
260 2094 447 2153 unitas
459 2078 818 2162 spiritualium
854 2090 1181 2159 intelligitur.
1210 2090 1361 2156 Quod
1388 2091 1533 2144 circa
1558 2104 1743 2159 vespe-

175 2199 297 2238 ram
324 2197 491 2253 pavor
516 2181 669 2235 irruit
694 2195 852 2250 super
878 2179 1167 2242 Abraham,
1194 2188 1453 2233 terrorem
1480 2178 1743 2248 signiﬁcat

173 2275 232 2328 in
258 2273 345 2328 die
385 2272 593 2342 judicii,
620 2271 710 2339 qui
740 2269 1008 2338 separabit
1035 2268 1300 2338 spiritales
1345 2282 1377 2320 a
1415 2265 1740 2330 carnalibus,

172 2360 313 2415 alios
339 2368 582 2415 statuens
602 2359 667 2412 ad
697 2359 960 2418 dextram,
987 2357 1118 2411 alios
1144 2357 1208 2410 ad
1231 2356 1500 2411 sinistram
1528 2354 1739 2425 (Matth.

172 2447 327 2518 xxv).
356 2448 496 2502 Aves
540 2462 669 2501 vero
694 2462 811 2514 qua:
855 2460 1018 2515 super
1057 2446 1318 2499 cadavera
1364 2445 1608 2508 volitant,
1636 2444 1742 2498 da:-

170 2538 360 2592 monia
404 2534 553 2607 [Ms.,
584 2534 919 2589 daemoniacze
962 2531 1272 2603 potestates]
1297 2541 1441 2596 Sunt,
1475 2548 1591 2601 qua:
1620 2546 1741 2586 car-

173 2627 390 2683 nalibus
433 2626 665 2681 insidere
701 2633 983 2692 quaerunt:
1016 2638 1151 2692 quas
1191 2624 1411 2679 devotus
1447 2623 1632 2677 doctor
1658 2638 1744 2679 se-

170 2716 305 2772 dula
333 2714 700 2769 admonitione
729 2713 942 2782 abigere
971 2712 1146 2767 debet.

248 2826 413 2880 Inter.
443 2824 561 2879 168.
586 2824 723 2889 Quid
743 2822 987 2891 estquod
1017 2822 1215 2875 dictum
1240 2830 1326 2876 est
1345 2822 1410 2875 ad
1430 2822 1701 2875 Abraham
1726 2840 1738 2874 ε

175 2913 325 2973 Scito
370 2929 717 2985 pra-noscens,
745 2910 883 2980 quod
912 2911 1238 2979 peregil..stm
1286 2910 1521 2978 futurum
1549 2910 1616 2962 sit
1662 2925 1742 2962 se-

172 3020 297 3059 men
333 3013 481 3056 tuum
510 3003 561 3055 in
590 3012 729 3055 terra
760 3016 860 3053 non
886 3016 1003 3064 sua,
1032 3010 1078 3053 et
1105 2999 1377 3068 subjicient
1404 3016 1489 3052 eos
1514 2999 1741 3052 servituti

174 3088 273 3162 [et]
294 3091 513 3160 aﬂiigent
535 3088 923 3158 quadringentis
954 3089 1102 3141 annis
1134 3089 1284 3157 (vers.
1312 3084 1427 3155 ιδῃ
1476 3088 1624 3143 Unde
1654 3087 1739 3140 isti

170 3178 551 3248 quadringenti
572 3176 697 3230 anni
723 3178 1013 3245 computati
1036 3185 1161 3230 sunt
1186 3178 1558 3232 servitutis‘t—
1583 3176 1735 3245 Resp.

1840 1999 1985 2045 terra
2008 1989 2243 2061 Egypti,
2267 1990 2437 2044 tribus
2456 1987 2602 2045 Iuda:
2622 1991 2754 2044 ordo
2778 1990 2895 2063 [ibi]
2918 2004 3226 2049 numeratur
3246 1996 3369 2068 [Ed.
3383 2041 3396 2062 ,

1822 2080 2192 2152 numeretur].
2233 2078 2397 2135 ludas
2443 2080 2625 2150 genuit
2661 2081 2893 2148 Phares;
2926 2082 3128 2140 Phares
3173 2085 3398 2161 [genuit]

1841 2168 2036 2233 Esron;
2067 2169 2235 2222 Esron
2280 2171 2461 2238 genuit
2497 2171 2685 2233 Aram;
2726 2170 2889 2225 Aram
2928 2171 3152 2248 [genuit]
3185 2177 3401 2233 Amina-

1838 2257 1974 2322 dab:
1996 2257 2291 2311 Aminadab
2333 2255 2557 2330 [genuit]
2589 2256 2856 2322 Naasson;
2890 2260 3128 2318 Naasson
3169 2264 3398 2341 [genuit]

1842 2350 2075 2406 Salmon.
2100 2350 2301 2406 Phares
2340 2366 2460 2414 cum
2494 2363 2648 2421 patre
2674 2366 2772 2408 suo
2800 2352 2979 2425 [Iuda]
3010 2356 3282 2427 ingressus
3310 2370 3398 2414 est

1841 2440 2165 2511 Egyptum’;
2198 2440 2434 2495 Naasson
2483 2442 2731 2513 princeps
2776 2440 2911 2497 Juda
2959 2444 3016 2497 in
3063 2445 3279 2500 deserto
3306 2446 3403 2502 de-

1839 2530 2110 2593 scribitur,
2156 2526 2307 2596 cujus
2348 2529 2485 2583 ﬁlius
2534 2529 2750 2585 Salmon
2794 2540 2992 2587 terram
3031 2535 3398 2603 promissionis

1840 2618 2058 2671 introiit.
2091 2616 2347 2688 Computa
2373 2634 2403 2671 a
2431 2618 2632 2675 Phares
2660 2636 2828 2690 usque
2851 2622 2918 2675 ad
2942 2622 3204 2688 Naasson,
3234 2633 3289 2680 et
3316 2626 3399 2679 in-
3472 2617 3477 2623 ’

1840 2708 2021 2761 venies
2050 2710 2420 2778 generationes
2441 2710 2694 2781 quinque.

1912 2817 2073 2872 Inter.
2105 2820 2217 2872 170.
2249 2819 2447 2874 Semini
2474 2830 2562 2874 tua
2592 2821 2725 2875 dabo
2772 2832 2963 2876 terram
2995 2824 3151 2889 Itane,
3182 2842 3212 2877 a
3241 2826 3400 2893 ﬂuvio

1842 2906 2056 2976 Egypti
2094 2924 2254 2976 usque
2287 2907 2357 2961 ad
2398 2910 2591 2976 [lumen
2619 2927 2863 2979 magnum
2904 2911 3204 2981 Euphraten
3244 2914 3394 2983 (Gen.

1840 3011 1929 3061 xv,
1962 2994 2063 3065 18).
2111 2995 2185 3050 De
2216 3010 2321 3065 quo
2350 2996 2483 3050 dixit
2523 2996 2737 3067 Egypti
2781 2997 3060 3052 lluvio?—-
3086 2999 3239 3069 Resp.
3283 3001 3399 3055 Non

1841 3083 2010 3157 [ergo]
2052 3100 2082 3139 a
2112 3084 2269 3140 ﬂuvio
2300 3100 2491 3155 magno
2530 3085 2768 3156 Egypti,
2798 3088 2899 3141 hoc
2925 3096 3029 3153 est,
3057 3088 3206 3155 Nilo;
3237 3091 3330 3144 sed
3368 3108 3399 3144 a

1840 3190 2026 3245 parvo,
2041 3175 2130 3244 qui
2154 3175 2337 3251 dividit
2350 3173 2531 3247 [inter]
2551 3173 2835 3245 Egyptum
2852 3184 2907 3230 et
2917 3174 3272 3243 Palaestinam,
3289 3177 3401 3250 [ubi

173 3268 295 3325 Non
322 3270 403 3323 sic
430 3267 796 3337 accipiendum
830 3274 931 3331 est,
959 3275 1212 3335 tanquam
1241 3269 1293 3320 in
1340 3267 1426 3320 illa
1454 3268 1738 3321 durissima
1766 3244 1811 3306 (ἶ
1840 3273 1925 3319 est
1948 3266 2138 3319 civitas
2168 3264 2540 3337 Rinocurura].

173 3360 437 3415 servitute
465 3358 887 3429 quadringentos
930 3374 1097 3411 annos
1139 3357 1231 3411 Dei
1282 3357 1506 3428 populus
1561 3356 1738 3421 fuerit,

173 3450 274 3505 sed
302 3450 430 3519 quia
455 3449 711 3518 scriptum
738 3456 821 3503 est
849 3466 861 3501 :
896 3447 957 3501 In
983 3447 1136 3501 Isaac
1166 3448 1426 3501 vocabitur
1454 3449 1544 3501 tibi
1569 3464 1739 3501 semen

175 3538 329 3611 (Gen.
360 3538 611 3611 xxi,12).
655 3538 730 3591 Ex
760 3554 902 3592 anno
948 3539 1241 3593 nativitatis
1268 3538 1415 3593 lsaac
1459 3553 1628 3607 usque
1674 3537 1742 3591 ad

176 3645 380 3683 annum
428 3628 754 3699 egressionis
794 3643 859 3680 ex
910 3628 1141 3698 Egypto
1187 3637 1562 3697 computantur
1617 3628 1741 3681 anni

175 3719 551 3789 quadringenti
596 3718 850 3786 quinque.
882 3717 1016 3772 Cum
1064 3734 1192 3787 ergo
1232 3719 1297 3773 de
1337 3717 1742 3787 quadringentis

178 3809 394 3879 triginta
443 3807 742 3861 detraxeris
785 3807 971 3877 viginti
1006 3808 1259 3881 quinque,
1292 3808 1380 3875 qui
1408 3815 1533 3859 sunt
1566 3822 1595 3859 a
1621 3822 1743 3875 pro-

176 3900 437 3956 missione
483 3914 653 3967 usque
698 3900 764 3952 ad
795 3906 979 3953 natum
1022 3898 1187 3959 Isaac,
1219 3912 1324 3951 non
1354 3898 1546 3951 mirum
1575 3906 1657 3951 est
1697 3897 1743 3950 si

176 3988 601 4060 quadringentos
627 3996 681 4042 et
708 3989 943 4056 quinque
986 4004 1152 4042 annos
1180 4002 1385 4041 summa
1413 3987 1579 4041 solida
1608 4003 1743 4057 qua-

177 4078 493 4147 dringenta".
544 4076 712 4130 voluit
762 4078 1027 4147 appellare
1086 4076 1392 4147 Scriptura,
1441 4094 1559 4148 qua:
1609 4078 1746 4131 solet

177 4176 422 4235 tempora
466 4166 541 4219 ita
589 4180 916 4234 nuncupare,
944 4174 1004 4219 ut
1044 4166 1185 4234 quod
1216 4167 1279 4221 de
1322 4182 1528 4221 summa
1570 4166 1746 4237 perfe-

156 4256 371 4315 .ctionis
412 4255 621 4312 numeri
672 4255 943 4325 paululum
990 4257 1287 4322 excrescit,
1316 4266 1408 4311 aut
1443 4258 1581 4313 infra
1630 4266 1741 4322 est,

175 4358 285 4398 non
312 4351 671 4413 computetur.
701 4342 819 4397 Non
846 4344 1048 4413 itaque,
1072 4344 1210 4412 quod
1239 4344 1333 4409 ait,
1364 4347 1417 4398 in
1455 4346 1744 4399 servitutem

175 4434 408 4503 redigent
429 4449 516 4487 eos
539 4445 587 4485 et
611 4434 862 4488 nocebunt
890 4433 1016 4499 illis,
1040 4434 1107 4489 ad
1135 4435 1553 4505 quadringentos
1573 4449 1744 4489 annos

172 4516 515 4577 referendum
544 4529 648 4585 est,
680 4531 935 4589 tanquam
982 4538 1081 4592 per
1130 4532 1207 4577 tot
1248 4537 1418 4577 annos
1450 4523 1623 4592 320.
1647 4536 1741 4579 eos

172 4608 460 4664 habuerint
486 4608 540 4662 in
572 4610 863 4663 servitute:
896 4610 1003 4664 sed’
1019 4608 1289 4665 referendi
1328 4618 1455 4664 sunt
1481 4612 1737 4680 quadrin-

173 4701 319 4775 genti
347 4701 473 4755 anni
503 4701 571 4755 ad
618 4702 672 4756 id
712 4702 852 4772 quod
880 4702 1078 4757 dictum
1122 4709 1243 4756 est:
1274 4701 1610 4771 Peregrinum
1643 4706 1740 4757 erit

172 4809 350 4853 semen
375 4802 523 4847 tuum
566 4794 621 4848 in
648 4803 788 4848 terra
818 4810 920 4847 non
947 4795 1185 4864 propria;
1212 4796 1336 4863 quia
1372 4796 1484 4849 sive
1514 4796 1566 4849 in
1597 4804 1740 4850 terra

172 4883 459 4944 Chanaan,
483 4882 596 4935 sive
622 4883 677 4936 in
708 4882 939 4965 Egypto
964 4884 1304 4955 peregrinum
1328 4894 1447 4939 erat
1489 4885 1613 4939 illud
1657 4900 1743 4940 se-

172 4986 321 5034 men,
346 4978 638 5039 antequam
664 4972 975 5045 haereditate
1004 4982 1277 5030 sumerent
1307 4985 1503 5030 terram
1530 4991 1597 5029 ex
1620 4990 1763 5045 pm»

173 5064 431 5119 missione
467 5036 582 5128 Dei,
610 5062 752 5132 quod
780 5036 980 5118 factum
1003 5072 1088 5119 est
1112 5076 1393 5135 postquam
1418 5082 1483 5121 ex
1510 5036 1741 5147 Egvpto

171 5154 383 5210 liberati
412 5162 558 5221 sunt,
586 5162 646 5208 ut
673 5152 1007 5229 hyperbaton
1028 5150 1123 5208 "hic
1149 5155 1493 5226 intelligatur,
1519 5165 1575 5210 et
1610 5157 1741 5211 ordo

173 5244 242 5309 sit
266 5244 555 5300 verborum
580 5264 592 5298 :
625 5244 849 5309 Sciendo
870 5245 1021 5308 scies,
1045 5246 1168 5315 quia
1191 5248 1513 5317 peregrinum
1539 5249 1637 5301 erit
1661 5265 1739 5302 se-

172 5349 292 5395 men
321 5341 467 5386 tuum
508 5336 563 5387 in
590 5345 729 5401 terra
756 5352 860 5389 non
902 5337 1111 5405 propria
1142 5336 1534 5407 quadringentis
1564 5339 1735 5392 annis.

172 5424 307 5493 lllud
332 5433 511 5479 autem
539 5425 910 5497 interpositum
947 5427 1271 5498 intelligatur
1302 5448 1314 5482 :
1349 5429 1414 5483 Et
1448 5431 1504 5484 in
1526 5430 1739 5483 servitu-

171 5525 273 5567 tem
310 5510 538 5583 redigent
565 5527 671 5577 eos,
702 5524 748 5566 et
776 5514 1024 5568 nocebunt
1054 5513 1180 5579 illis,
1208 5516 1281 5568 ita
1308 5522 1369 5570 ut
1395 5518 1462 5570 ad
1485 5517 1740 5586 quadrin-

175 5610 362 5683 gentos
396 5618 568 5657 annos
610 5603 711 5659 ista
742 5605 1077 5688 interpositio
1102 5621 1207 5661 non
1251 5608 1533 5677 pertineat.
1563 5608 1621 5664 lu
1647 5625 1742 5665 ex-

178 5709 346 5755 trema
370 5696 515 5750 enim
539 5704 691 5765 parte.
722 5694 1030 5769 [annorum]
1054 5713 1275 5753 summa:
1299 5698 1476 5768 hujus,
1520 5702 1621 5757 hoc
1658 5714 1742 5758 est

179 5788 325 5873 μιθη
354 5788 456 5841 hoc
493 5768 761 5871 interest],
788 5798 910 5870 post
937 5800 1161 5846 mortem
1189 5790 1405 5863 Ioseph,
1431 5792 1629 5854 factum
1656 5810 1740 5853 est

1911 3354 2071 3407 Inter.
2096 3355 2158 3407 i7
2168 3355 2244 3442 1Ἀ
2239 3354 2510 3420 Quomodo
2535 3353 2835 3411 defenditur
2858 3356 3126 3411 Abraham
3153 3357 3399 3414 adulterii

1841 3462 1965 3501 reus
1994 3462 2099 3500 non
2130 3460 2270 3509 esse,
2301 3446 2426 3499 dum
2457 3446 2666 3500 vivente
2693 3446 2929 3517 legitima
2958 3463 3123 3504 uxore
3151 3464 3243 3503 sua
3272 3464 3404 3505 con-

1834 3536 2054 3605 junctus
2076 3545 2159 3591 est
2182 3535 2387 3591 ancillae
2412 3551 2519 3590 sua:
2548 3535 2697 3607 (Gen.
2724 3538 2811 3608 xv)
2828 3539 2851 3591 ’ἶ
2868 3568 2939 3578 —
2970 3538 3121 3608 Resp.
3150 3539 3399 3596 Nondum

1840 3626 2313 3697 promulgataerat
2338 3626 2495 3679 unius
2536 3627 2717 3681 uxoris
2758 3627 2843 3681 lex
2869 3629 3191 3699 evangelica.
3224 3627 3397 3685 Habe-

1841 3715 1934 3768 bat
1973 3729 2181 3781 quoque
2222 3714 2630 3785 promissionem
2671 3732 2701 3769 a
2731 3717 2839 3770 Deo
2880 3717 3265 3788 multiplicandi
3310 3734 3398 3774 se-

1842 3803 1999 3856 minis
2044 3803 2147 3866 sui,
2176 3801 2269 3855 sed
2297 3803 2522 3854 necdum
2564 3798 2787 3866 Sciebat,
2830 3818 2895 3856 ex
2922 3819 3027 3872 qua
3056 3820 3239 3869 uxore,
3271 3809 3395 3875 quia

1841 3902 2024 3964 postea
2059 3893 2257 3947 dictum
2292 3901 2378 3946 est
2402 3892 2472 3956 ei,
2504 3892 2571 3945 de
2616 3890 2779 3946 Sarra
2828 3894 3025 3949 habere
3055 3890 3399 3951 ﬁliumTNam

1832 3992 2122 4054 Apmpterea
2145 3982 2222 4036 sic
2244 3982 2572 4053 propagandi
2600 3982 2846 4038 voluntas
2869 3985 2955 4054 pia
2984 3984 3103 4049 fuit,
3126 3988 3249 4054 quia
3275 4002 3402 4041 eou-

1843 4076 2126 4131 cumbendi
2179 4076 2425 4129 voluntas
2476 4073 2606 4146 [Αι.,
2658 4075 2921 4149 voluptas]
2973 4077 3248 4133 libidinosa
3295 4095 3400 4134 non

1843 4163 1960 4217 fuit.
1994 4164 2165 4217 Etiam
2195 4171 2249 4217 et
2276 4163 2461 4227 Sarra,
2493 4179 2612 4218 cum
2659 4164 2861 4233 prolem
2887 4167 2952 4221 de
2980 4181 3037 4222 se
3065 4166 3264 4223 habere
3292 4182 3394 4223 non

1840 4256 2031 4324 potuit,
2059 4254 2125 4308 de
2154 4253 2346 4307 ancilla
2375 4254 2573 4337 habere
2595 4254 2779 4309 voluit.
2808 4254 3188 4313 Consentiebat
3233 4256 3400 4329 [uter-

1841 4342 1965 4417 que]
1995 4345 2047 4399 in
2073 4342 2233 4407 facto,
2256 4346 2379 4415 quia
2408 4344 2655 4417 [uterque
2681 4344 2919 4419 Sarram]
2947 4349 3179 4405 sterilem
3206 4347 3397 4421 [Edit.,

1840 4434 1965 4503 quia
1992 4450 2049 4491 se
2072 4435 2329 4507 sterilem]
2356 4450 2474 4490 esse
2499 4436 2720 4489 sciebat.

1911 4547 2073 4602 Inter.
2104 4549 2222 4602 172.
2251 4547 2523 4613 Quomodo
2567 4560 2757 4602 manus
2803 4548 3039 4601 omnium
3084 4556 3289 4615 contra,
3315 4548 3390 4607 ls-

1840 4638 2084 4700 maelem,
2112 4645 2167 4690 et
2202 4651 2393 4690 manus
2420 4634 2535 4702 ejus
2580 4644 2765 4701 cmitra
2806 4650 2995 4692 omnes
3023 4634 3175 4707 (Gen.
3204 4653 3315 4704 xvi,
3342 4640 3398 4704 7,

1840 4726 2053 4798 l2)?—
2080 4724 2235 4794 Resp.
2288 4722 2488 4777 Invenit
2520 4721 2699 4795 [enim]
2747 4723 2957 4793 angelus
3006 4724 3216 4780 Dom.'ni
3258 4726 3393 4800 Agat

1838 4836 1989 4880 super
2024 4817 2220 4889 [antem
2244 4834 2391 4887 aqua
2416 4818 2469 4871 in
2495 4818 2693 4871 deserto
2715 4817 2779 4870 ad
2809 4816 3009 4873 fontem
3032 4820 3089 4874 in
3115 4822 3195 4875 via
3216 4824 3398 4888 Assur,

1838 4924 1954 4979 qua
1972 4925 2068 4980 per
2087 4924 2324 4965 eremum
2345 4908 2489 4962 ducit
2509 4907 2573 4961 ad
2596 4906 2908 4977 ASgyptum,
2933 4908 3035 4981 [ire
3056 4910 3395 4985 festinabat]:

1836 4998 1906 5051 Et
1934 5000 2128 5057 uocauit
2160 5014 2343 5052 nomen
2366 4996 2477 5066 ejus
2506 4995 2720 5061 Ismael,
2751 4998 2875 5067 quia
2911 4994 3182 5054 exaudivit
3221 5000 3403 5056 Domi-

1838 5102 1938 5141 nus
1968 5087 2319 5142 bumilitatem
2378 5083 2535 5157 [ejus]
2581 5084 2788 5157 (lsmael
2824 5087 3198 5156 interpretatur
3237 5102 3401 5144 exau-

1838 5175 1967 5231 ditio
1994 5176 2203 5231 Domini
2230 5174 2381 5248 [Ms.,
2408 5174 2580 5247 Dei]):
2614 5174 2717 5229 Hic
2740 5176 2833 5230 erit
2848 5176 2988 5245 ferus
3014 5175 3189 5239 homo,
3212 5191 3399 5233 manus

1838 5267 1951 5336 ejus
1993 5253 2148 5339 super
2182 5284 2376 5333 omnes,
2403 5277 2450 5323 et
2480 5284 2663 5322 manus
2691 5268 2917 5322 omnium
2960 5284 3114 5338 super
3152 5256 3300 5335 eum,
3349 5286 3398 5328 et

1839 5368 2017 5412 contra
2046 5358 2231 5426 [aciem
2262 5360 2489 5412 omnium
2516 5358 2738 5427 fratrum
2765 5374 2978 5411 suorum
3012 5359 3279 5414 habitabit.
3315 5364 3401 5420 Si-

1839 5448 2056 5518 gniﬁcat
2097 5456 2275 5503 autem
2319 5462 2501 5520 semen
2541 5445 2657 5515 ejus
2700 5448 3061 5504 habitaturum
3099 5450 3154 5505 in
3192 5466 3396 5520 eremo,

1840 5536 1892 5591 id
1936 5546 2040 5601 est,
2088 5536 2415 5592 Sarracenos
2446 5550 2639 5615 vagos,
2685 5537 3007 5609 incertisque
3035 5540 3273 5607 sedibus,
3305 5548 3397 5615 qui

1842 5626 2117 5679 universas
2137 5631 2344 5695 gentes,
2364 5623 2558 5699 quibus
2579 5624 2847 5682 desertum
2866 5643 2931 5682 ex
2954 5626 3115 5683 latere
3133 5627 3395 5702 jungitur,

1840 5713 2113 5767 incursant
2152 5721 2206 5767 ct
2252 5713 2591 5784 impugnant,
2634 5712 2713 5788 [et
2754 5716 3132 5786 impugnantur
3169 5720 3235 5775 ab
3278 5739 3365 5779 om

1840 5798 2038 5871 nibus].
