4428 6398
780 409 884 460 3'29

1621 409 1680 462 Β.
1721 410 1781 463 F.
1821 408 2045 473 ALBINI
2083 409 2210 464 SEU
2248 409 2518 466 ALCUINI
2557 413 2837 470 OPERUM
2875 416 3052 473 PARS
3088 417 3152 474 ll.

3895 429 4004 484 διο

844 514 1004 566 Inter.
1034 514 1148 566 173.
1188 517 1325 580 Qum.
1364 516 1538 570 littera
1569 514 1777 582 adjecta
1801 524 1886 570 est
1933 516 2136 570 nomini
2163 515 2332 605 Abra-
2361 520 2406 578 Α
2435 518 2572 588 gelio
2597 539 2608 572 :
2642 521 2790 576 Beati
2816 525 2912 594 qui
2954 524 3127 595 lugent
3157 544 3310 593 nunc,
3340 534 3585 599 quoniam
3629 535 3724 605 ipsi
3763 537 4003 594 ridebunt

771 606 893 656 ham
936 613 989 656 et
1018 603 1230 667 Sarrai;
1263 604 1347 658 vel
1392 619 1508 671 quae
1554 605 1864 658 mutationis
1911 605 2184 657 nominum
2233 603 2334 657 illis

767 706 930 746 causa
981 690 1113 746 fuit?
1137 722 1206 730 —
1230 690 1383 762 Resp.
1421 691 1568 746 Dixit
1610 691 1864 746 Dominus
1912 692 1978 744 ad
2023 691 2330 746 Abraham:

769 780 904 835 Ecce
931 791 1293 834 testamentum
1318 797 1488 834 meum
1515 791 1700 844 tecum,
1732 792 1779 835 et
1807 783 1908 836 eris
1936 781 2337 852 pater-multitu-

765 871 904 925 dinis
949 871 1195 940 gentium,
1225 881 1272 923 et
1301 887 1403 923 non
1430 871 1693 923 vocabitur
1719 886 1906 926 nomen
1938 875 2091 922 tuum
2111 869 2336 933 Abram;

765 959 855 1014 sed
885 961 978 1013 erit
1011 975 1192 1013 nomen
1222 969 1367 1012 tuum
1396 959 1680 1022 Abraham,
1721 959 1844 1028 quia
1883 969 2081 1028 patrem
2126 957 2336 1030 [multa-

766 1047 906 1122 rum]
953 1053 1180 1120 gentium
1207 1053 1354 1119 posui
1403 1061 1451 1103 te
1497 1049 1658 1122 (Cen.
1686 1067 1826 1116 xvn,
1854 1051 1886 1104 ι
1913 1063 1959 1104 et
1990 1051 2098 1122 15).
2146 1052 2340 1107 Dicunt

765 1150 942 1194 autem
967 1141 1168 1196 Hebraei
1183 1143 1322 1210 quod
1338 1141 1476 1194 Deus
1499 1155 1564 1194 ex
1588 1143 1802 1196 nomine
1819 1157 1936 1204 suo,
1953 1143 2091 1210 quod
2111 1141 2248 1212 apud
2276 1141 2337 1196 il-

764 1229 842 1283 los
867 1229 1408 1300 tetragramum[.l1s.,
1428 1230 1924 1309 tetragrammaton]
1939 1240 2040 1294 est,
2058 1244 2095 1290 Π
2117 1230 2267 1302 [.lIs.,
2283 1231 2334 1303 θ]

766 1320 992 1373 litteram
1023 1320 1248 1375 Abrahae
1275 1329 1330 1376 et
1355 1321 1530 1375 Sarrae
1570 1323 1848 1376 addiderit.
1881 1323 2165 1378 Dicebatur
2191 1325 2336 1377 enim

764 1409 993 1477 primum
1036 1409 1254 1475 Abram,
1283 1412 1425 1479 quod
1475 1407 1859 1480 interpretatur
1897 1423 2043 1481 pater
2070 1412 2334 1475 excelsus;

762 1510 816 1553 et
843 1510 1028 1570 postea
1057 1502 1212 1571 321
1264 1512 1482 1556 vocatus
1509 1511 1594 1557 est
1633 1503 1936 1567 Abraham,
1966 1514 2113 1573 pater
2140 1503 2334 1558 multa-

764 1609 897 1645 rum.
930 1591 1063 1645 Nam
1093 1595 1321 1662 gentium
1351 1608 1454 1647 non
1483 1592 1710 1647 habetur
1736 1595 1790 1647 in
1821 1595 2056 1656 nomine,
2085 1594 2181 1647 sed
2210 1593 2337 1646 sub-

761 1681 992 1734 auditur.
1025 1679 1133 1735 Nec
1161 1682 1459 1736 mirandum
1484 1698 1675 1751 quare,
1702 1698 1823 1736 cum
1865 1682 2005 1752 apud
2034 1682 2252 1736 Graecos
2281 1691 2337 1737 et

762 1768 1020 1838 quosdam
1041 1769 1174 1824 alios
1197 1787 1229 1823 a
1255 1769 1431 1823 littera
1452 1770 1694 1824 videatur
1711 1770 1915 1834 addita,
1935 1785 2033 1824 nos
2050 1781 2090 1829 Π
2111 1767 2262 1842 [Ms.,
2279 1768 2332 1841 e]

2439 606 2652 677 (Matth.
2680 611 2751 682 γ).

2511 697 2667 752 Inter.
2702 701 2820 754 t76.
2847 703 3023 769 Quare
3071 705 3294 780 [autem]
3342 709 3562 765 Sarram
3605 713 3866 769 ridentem
3915 732 4004 771 ne-

2439 789 2649 858 darguit
2695 791 2975 859 Dominus,
3027 795 3169 867 (cum
3217 798 3486 854 Abraham
3536 803 3712 856 riserit
3753 812 3809 858 et
3853 803 4001 859 illum

2438 892 2543 930 non
2575 880 2865 951 redarguit)
2895 882 3045 953 (Gen.
3071 900 3221 950 xvm,
3247 888 3450 957 £3)?—
3471 889 3625 962 Resp.
3651 892 3828 965 [Quia]
3860 899 4005 952 risus

2436 966 2663 1023 Abrahae
2704 971 3072 1027 admirationis
3101 984 3155 1028 et
3195 975 3388 1033 laetitia:
3429 978 3563 1034 iuit:
3598 980 3773 1038 Sarra:
3813 994 4007 1040 autem.

2438 1056 2778 1114 dubitationis
2822 1071 2878 1114 et
2921 1063 3252 1132 difﬁdentiae,
3289 1071 3430 1140 quod
3473 1073 3542 1127 ab
3587 1074 3674 1129 illo
3715 1076 3997 1146 dijudicari

2437 1148 2626 1215 potuit,
2654 1151 2744 1217 qui
2772 1153 2933 1206 corda
2977 1155 3249 1211 hominum
3279 1161 3441 1216 novit.
3476 1162 3624 1217 Unde
3668 1166 3782 1220 haec
3806 1169 3994 1224 eadem

2438 1233 2603 1289 Sarra
2655 1237 2835 1292 ridens
2879 1243 3186 1312 corripitur,
3229 1257 3477 1318 correpta
3521 1254 3764 1321 protinus
3813 1253 3998 1311 fecun-

2437 1323 2615 1389 datur,
2648 1335 2702 1380 et
2728 1337 2916 1383 contra
2957 1346 3106 1408 spem
3134 1349 3198 1388 ex
3236 1335 3415 1392 divina
3455 1343 3808 1409 promissione
3845 1361 3998 1402 acce-

2435 1414 2545 1482 pit,
2591 1417 2732 1485 quod
2777 1413 3078 1476 habituram
3117 1439 3176 1480 se
3216 1439 3283 1480 ex
3329 1429 3560 1485 humana
3602 1433 3808 1489 ratione
3845 1435 4000 1490 dubl-

2436 1504 2587 1558 tavit.

2505 1611 2666 1667 Inter.
2697 1615 2814 1670 177..
2843 1617 2984 1685 Quot
3007 1622 3061 1676 in
3081 1623 3256 1680 Veteri
3275 1627 3871 1702 Testamento‘propriis
3901 1652 3997 1690 no-

2435 1703 2667 1758 minibus
2708 1709 2966 1764 nominati
3013 1721 3158 1778 sunt,
3204 1725 3490 1786 antequam
3526 1727 3996 1778 nascerentur?—

2437 1791 2590 1863 Resp.
2635 1795 2905 1862 Quatuor:
2935 1801 3144 1868 lsmael,
3189 1806 3359 1874 lsaac,
3403 1809 3649 1868 Salomon
3698 1825 3753 1869 et
3798 1815 3995 1884 Josias,

761 1859 990 1912 litteram
1022 1859 1298 1926 Hebraeum
1342 1860 1576 1914 additam
1607 1861 1931 1924 dixerimus;
1963 1860 2333 1956 idiomaenim
2365 1873 2411 1934 Β
2437 1859 2598 1940 ceer
2619 1859 2934 1956 qgibuwam
2963 1907 3026 1946 ex
3058 1859 3255 1951 magis;

760 1951 952 2020 lingua:
997 1947 1181 2022 [illius]
1213 1957 1296 2004 est
1339 1965 1435 2018 per
1461 1963 1498 2006 Π
1527 1947 1678 2019 μὴ..
1709 1948 1760 2020 e]
1813 1949 2028 2018 quidem
2076 1950 2338 2013 scribere,

756 2040 853 2094 sed
882 2055 978 2109 per
1005 2057 1035 2093 a
1065 2039 1268 2110 legere;
1300 2042 1436 2094 sicut
1465 2056 1495 2093 e
1534 2050 1720 2093 contra
1752 2058 1783 2093 a
1811 2040 2042 2094 litteram
2071 2056 2210 2110 saepe
2239 2055 2335 2110 per

756 2144 784 2178 e
803 2127 1168 2196 pronuntiant.
1196 2127 1258 2181 Et
1282 2128 1414 2181 dixit
1440 2127 1578 2182 Deus
1600 2129 1666 2181 ad
1688 2128 1988 2182 Abraham:
2009 2128 2161 2184 Sarri
2185 2128 2330 2200 [ms.,

759 2214 965 2287 Sarrai]
997 2233 1130 2272 uxor
1164 2225 1254 2268 tua
1274 2257 1288 2280 ,
1318 2233 1421 2269 non
1451 2216 1652 2270 vocabis
1678 2234 1795 2272 eam
1835 2217 2016 2281 Sarri,
2047 2219 2140 2272 sed
2165 2217 2331 2300 Sarra

759 2309 855 2361 erit
884 2325 1065 2362 nomen
1088 2309 1200 2378 ejus
1225 2306 1374 2378 (Gen.
1401 2324 1532 2372 xvu,
1550 2308 1656 2379 15).
1682 2308 1878 2362 Errant
1901 2307 2053 2379 [Ms.,
2075 2309 2140 2361 Et
2161 2306 2326 2379 sunt],

756 2403 849 2470 qui
902 2411 1093 2470 putant
1141 2401 1372 2470 primum
1420 2400 1584 2454 Sarra
1638 2415 1734 2470 per
1781 2417 1948 2454 unum
2000 2417 2027 2452 r
2072 2401 2328 2470 scriptum

757 2490 943 2553 fuisse,
973 2497 1028 2543 et
1070 2499 1254 2558 postea
1281 2490 1330 2543 ei
1376 2488 1601 2542 alterum
1634 2506 1660 2540 r
1688 2489 1944 2554 additum,
1987 2491 2111 2558 quia
2135 2507 2162 2541 r
2188 2490 2328 2559 apud

751 2581 969 2635 Grzecos
994 2583 1331 2635 centenarias
1358 2597 1613 2636 numerus
1634 2590 1738 2636 est.
1767 2581 1917 2637 Sarri
1945 2582 2097 2654 ιβιδ..
2119 2581 2325 2654 Sarrai]

682 2672 687 2678 '
753 2683 884 2739 ergo
927 2669 1159 2738 prinmm
1200 2679 1389 2724 vocata
1415 2677 1498 2724 est
1521 2684 1618 2738 per
1645 2678 1706 2728 ’τ’
1750 2667 1907 2741 μὴ,
1945 2685 2042 2740 per
2079 2671 2185 2734 sin,
2218 2685 2329 2734 res,

746 2755 890 2828 joth]
917 2757 1126 2811 sublato
1147 2756 1260 2825 jod,
1289 2758 1342 2812 id
1379 2752 1484 2823 est,
1513 2759 1621 2811 iota
1662 2757 1943 2837 elemento,
1977 2759 2215 2814 additum
2244 2766 2329 2812 est

751 2863 800 2909 e,
829 2853 970 2915 quod
995 2861 1091 2916 per
1117 2865 1147 2899 a
1170 2846 1380 2918 legitur,
1407 2855 1464 2900 et
1490 2857 1678 2902 vocata
1707 2857 1792 2903 est
1817 2848 2001 2903 Sarra.
2031 2848 2205 2904 Causa
2232 2866 2327 2903 au-

753 2946 861 2992 tem
907 2937 1140 2991 nominis
1187 2939 1375 2991 mutati
1423 2939 1538 2992 haac
1564 2947 1650 2992 est
1677 2939 1818 3007 quod
1853 2946 2010 2992 antea
2051 2938 2344 3004 dicebatur~

750 3028 989 3096 princeps
1019 3023 1200 3097 [mea],
1231 3027 1389 3081 unius
1430 3026 1799 3082 tantummodo
1827 3027 2019 3083 domus
2063 3025 2322 3083 materia-

755 3113 962 3179 milias;
992 3122 1178 3184 postea
1204 3129 1331 3170 vero
1357 3114 1554 3169 dicitur
1575 3114 1814 3171 absolute
1838 3117 2094 3187 princeps.

810 3265 990 3327 Inter.
1021 3267 1139 3319 ιη.
1170 3265 1348 3332 Quare
1375 3267 1646 3322 Abraham
1676 3269 2144 3327 circumcisionem
2167 3288 2322 3330 acce~

751 3354 832 3423 pit
860 3351 1010 3423 (vers.
1034 3352 1247 3424 24)?—
1278 3353 1432 3424 Resp.
1461 3354 1664 3411 Idcirco
1691 3356 1920 3413 Abrahze
1947 3362 2319 3419 commendata

752 3441 903 3515 [Hs.,
927 3441 1072 3515 data]
1117 3453 1202 3498 est
1241 3444 1596 3512 circumcisio,
1625 3455 1686 3500 ut
1728 3449 1828 3502 sub
1851 3447 1966 3519 lege
1984 3460 2153 3528 esset,
2183 3453 2322 3508 sicut

752 3533 871 3606 [et]
915 3533 1106 3601 Adam,
1145 3550 1213 3590 ne
1257 3537 1324 3590 de
1369 3535 1510 3606 ligno
1556 3537 1938 3603 manducaret,
1978 3549 2037 3594 ut
2073 3557 2320 3612 compro-

748 3627 987 3688 baretur,
1015 3626 1059 3680 si
1089 3626 1382 3696 compleret
1424 3627 1547 3689 hoc,
1588 3643 1654 3681 an
1704 3629 1848 3683 non?
1890 3629 2128 3686 Credens
2173 3635 2317 3688 enim

752 3713 916 3769 tilium
947 3731 1005 3770 se
1047 3701 1374 3783 habiturum,
1402 3734 1499 3788 per
1526 3718 1678 3787 cujus
1707 3725 2104 3791 generationem
2145 3727 2319 3781 omni-

748 3805 846 3858 bus
875 3806 1118 3876 gentibus
1146 3807 1447 3862 benedictio
1475 3809 1654 3863 l'utura
1681 3820 1845 3876 esset,
1876 3822 1931 3866 et
1959 3815 2013 3868 in
2041 3816 2194 3886 cujus
2222 3833 2318 3872 ne-

746 3895 958 3965 potibus
1003 3899 1264 3953 castitatis
1315 3909 1369 3954 et
1417 3900 1722 3957 sobrietatis
1773 3905 1987 3959 unicum
2027 3909 2319 3964 mansisset

747 3986 1058 4057 exemplar:
1093 3990 1234 4044 unde
1260 3991 1313 4044 in
1343 4007 1407 4044 ea
1446 4001 1598 4061 parte
1643 3995 1884 4062 corporis
1933 3997 2143 4066 signum
2195 3999 2316 4054 ﬁdei

746 4078 970 4146 accepit,
1004 4078 1144 4133 unde
1171 4077 1268 4154 [et]
1304 4080 1442 4135 filius
1471 4081 1593 4136 fidei
1619 4081 1808 4154 [Edit.,
1833 4083 1973 4156 Dei],
1999 4102 2105 4142 non
2136 4092 2316 4148 carnis

750 4166 1057 4221 nasciturus
1084 4177 1232 4234 erat;
1264 4185 1362 4224 nec
1391 4181 1634 4226 truncata
1665 4177 1906 4244 corporis
1952 4187 2104 4247 parte
2141 4180 2316 4237 defor-

748 4255 905 4318 mior,
937 4255 1030 4309 sed
1077 4256 1195 4312 fidei
1224 4260 1275 4311 in
1307 4258 1474 4313 Deum
1519 4263 1671 4331 signo
1698 4264 1994 4333 gloriosior.
2026 4269 2190 4339 Igitur
2216 4289 2315 4342 pro

747 4345 856 4398 Deo
886 4345 1082 4416 aliquid
1112 4350 1335 4418 perdere
1380 4350 1586 4406 lucrum
1628 4363 1728 4419 est,
1771 4372 1877 4411 non
1919 4359 2191 4416 damnum.
2237 4365 2312 4421 lta

745 4435 1012 4491 Abraham
1044 4438 1162 4494 ﬁdei
1191 4455 1302 4495 sum
1321 4442 1531 4513 signum
1559 4447 1828 4517 accipiens
1853 4464 1956 4506 non
1980 4450 2314 4510 deformatus

2503 1975 2667 2031 Inter.
2694 1979 2812 2034 ΠΒ.
2859 1980 3146 2051 Quaeritur,
3177 2001 3298 2042 cum
3339 1998 3450 2046 tres
3497 1994 3595 2048 viri
3640 2006 3853 2062 essent,
3901 2002 3991 2068 qui

2431 2065 2658 2122 Abrahae
2704 2083 3088 2139 apparuerunt,
3117 2081 3384 2145 quomodo
3419 2082 3758 2152 singulariter
3803 2065 3978 2142 Domi-

2434 2172 2560 2211 num
2589 2161 2818 2228 appellat
2846 2164 3028 2218 dicens
3051 2184 3062 2218 :
3089 2166 3326 2235 Domine,
3353 2173 3398 2225 si
3426 2173 3596 2227 inveni
3620 2179 3839 2244 gratiam
3871 2189 3993 2232 ante

2431 2261 2479 2305 te
2527 2254 2699 2323 (vers.
2727 2256 2916 2326 5)?—
2947 2256 3100 2328 Resp.
3146 2259 3312 2331 Igitur
3356 2263 3409 2317 in
3460 2264 3662 2334 angelis
3710 2265 3993 2324 Dominum

2429 2343 2688 2407 sentiens,
2721 2344 2945 2401 Domino
2971 2349 3166 2418 potius,
3198 2365 3357 2420 quam
3385 2355 3589 2422 angelis
3631 2356 3774 2427 loqui
3805 2359 3982 2430 elegit.

2419 2430 2495 2483 Et
2536 2434 2748 2500 quidem
2779 2436 3062 2507 aliquando
3105 2441 3530 2513 imaginibus,.et
3555 2457 3676 2503 ante
3704 2465 3990 2523 corporcos

2427 2523 2629 2588 oculos,
2655 2526 2719 2580 ad
2746 2535 2955 2598 tempus
2975 2546 3040 2585 ex
3071 2547 3194 2587 aere
3225 2537 3512 2606 assumptis
3538 2553 3635 2608 per
3661 2541 3878 2610 angelos
3906 2542 3986 2597 lo-

2426 2615 2606 2681 quitur
2634 2615 2800 2682 Deus,
2847 2620 2984 2672 sicut
3029 2636 3172 2676 nunc
3219 2622 3490 2679 Abraham
3519 2643 3622 2681 non
3669 2629 3840 2683 solum
3881 2640 3993 2688 tres

2425 2704 2572 2758 viros
2614 2705 2795 2761 videre
2847 2705 3040 2778 potuit,
3073 2712 3166 2766 sed
3211 2714 3372 2767 etiam
3423 2723 3636 2772 terreno
3686 2719 3989 2776 habitacula

2426 2796 2662 2865 recipere
2688 2806 2742 2851 et
2766 2813 2952 2854 eorum
2983 2801 3168 2857 usibus
3203 2805 3366 2858 etiam
3395 2805 3540 2861 cibos
3570 2807 3840 2864 adhibere.
3871 2807 3984 2864 Nisi

2424 2887 2570 2940 enim
2598 2888 2804 2958 angeli,
2827 2904 2948 2945 cum
2973 2893 3216 2960 quaedam
3245 2895 3397 2948 nobis
3434 2896 3490 2951 in
3539 2905 3679 2951 terra
3714 2901 3985 2966 nuntiant,

2424 2977 2490 3030 ad
2519 2985 2728 3047 tempus
2754 2995 2819 3033 ex
2861 2996 2986 3035 aere
3025 2996 3220 3053 corpus
3250 2995 3609 3052 assumerent,
3637 2990 3988 3045 exterioribus

2423 3064 2661 3134 profecto
2687 3070 2884 3123 nostris
2909 3070 3178 3127 obtutibus
3210 3088 3315 3129 non
3341 3085 3678 3146 apparerent.
3702 3076 3810 3133 Nec
3836 3079 3985 3135 cibos

2350 3197 2393 3258 Ο
2426 3171 2547 3210 cum
2588 3156 2857 3213 Abraham
2905 3173 3196 3230 sumerent,
3227 3167 3331 3222 nisi
3372 3177 3591 3237 propter
3613 3184 3710 3224 nos
3760 3161 3984 3226 solidum

2425 3245 2621 3316 aliquid
2661 3265 2726 3302 ex
2775 3251 2980 3306 caelesti
3025 3253 3289 3310 elemento
3331 3266 3624 3325 gestarent.
3653 3259 3762 3316 Nec
3791 3263 3981 3318 mirum

2420 3338 2573 3417 quod
2592 3338 2663 3393 illi
2693 3338 2790 3408 ipsi
2821 3343 2910 3410 qui
2942 3345 3176 3414 suscepti
3215 3353 3362 3411 sunt,
3414 3349 3574 3421 modo
3599 3351 3795 3420 angeli,
3824 3355 3984 3409 modo

2420 3411 2675 3482 Dominus
2704 3428 2895 3502 [Edit.,
2927 3411 3161 3506 Domini]
3187 3416 3477 3503 vocantur;
3508 3440 3632 3508 quia
3668 3411 3977 3512 angelorum

2419 3515 2682 3571 vocabulo
2723 3511 3126 3588 exprimuntur,
3163 3526 3253 3592 qui
3301 3528 3539 3581 exterius
3585 3511 3980 3599 ministrabant,

2417 3612 2473 3657 et
2497 3605 2849 3673 appellatione
2899 3609 3108 3665 Domini
3153 3615 3471 3681 ostenditur,
3503 3619 3593 3686 qui
3636 3619 3715 3675 eis
3759 3620 3980 3679 interius

2419 3707 2677 3764 praeerat:
2711 3709 2768 3760 ut
2806 3716 2902 3770 per
2947 3703 3049 3757 hoc
3093 3706 3426 3775 praesidentis
3467 3709 3779 3780 imperium,
3803 3722 3860 3768 et
3883 3729 3978 3783 per

2417 3784 2545 3841 illud
2571 3786 2894 3844 claresceret
2914 3790 3146 3847 oﬂicium
3172 3795 3610 3852 ministrantium.
3818 3859 3826 3869 ,

2484 3875 2644 3945 322
2667 3876 2829 3932 Inter.
2853 3880 2970 3934 179.
2995 3881 3134 3947 Quid
3157 3894 3242 3938 est
3260 3883 3469 3940 clamor
3489 3886 3870 3957 Sodomorum;
3897 3895 3976 3949 rei

2415 3965 2543 4033 quid
2567 3974 2667 4028 est,
2695 3969 2835 4035 quod
2863 3968 3117 4026 Dominus
3153 3973 3320 4028 dixit:
3353 3975 3669 4032 Descendam
3697 3992 3746 4034 et
3777 3983 3974 4050 ridebo,

2415 4064 2588 4108 utrum
2617 4056 2895 4112 clamorem
2919 4062 3007 4131 qui
3036 4066 3168 4118 venit
3196 4066 3264 4120 ad
3308 4085 3406 4132 me,
3435 4086 3585 4140 opere
3613 4073 3970 4144 compleverint

2417 4143 2580 4217 (Gen.
2611 4161 2773 4214 xvm,
2796 4149 2885 4216 20,
2922 4151 3134 4224 21)?—
3163 4155 3330 4228 Resp.
3350 4158 3633 4216 Peccatum
3675 4143 3798 4220 cum
3847 4184 3974 4227 voce

2412 4243 2496 4288 est
2540 4235 2692 4305 culpa
2737 4239 2789 4292 in
2818 4243 3056 4308 actione;
3086 4257 3366 4314 peccatum
3416 4257 3546 4307 vero
3572 4268 3694 4310 cum
3733 4258 3973 4318 clamore

2413 4334 2496 4380 est
2531 4327 2683 4398 culpa
2730 4345 2852 4385 cum
2907 4333 3153 4390 libertate
3196 4348 3251 4393 et
3282 4339 3560 4415 iactantia.
3589 4345 3740 4412 Quod
3777 4345 3970 4407 autem

2411 4417 2582 4471 dixit:
2614 4417 2932 4476 Descendunt
2950 4435 3004 4478 et
3045 4427 3241 4495 videbo,
3273 4440 3329 4487 et
3367 4432 3608 4511 [extera]
3647 4440 3968 4512 huiusmodi,

744 4534 846 4590 est,
877 4529 968 4582 sed
997 4530 1322 4586 melioratns.
1367 4509 1422 4588 Si
1467 4537 1606 4590 enim
1636 4509 1803 4593 A-dam
1847 4551 2061 4611 pactum
2092 4546 2185 4602 Dei
2342 4528 2390 4587 θ
2408 4509 2752 4611 ’Ῡφδήβθιθηδ
2779 4512 3035 4611 “mimi”?
3049 4525 3109 4611 .a
3133 4523 3313 4579 omnia
3341 4528 3548 4597 “iens;
3576 4545 3675 4586 cur
3703 4543 3828 4590 an”
3849 4550 3959 4606 pro

745 4615 1014 4680 stodisset,
1043 4618 1314 4674 Abraham
1343 4624 1446 4676 hoc
1472 4637 1686 4693 pactum
1730 4645 1835 4684 non
1863 4637 2173 4705 accepisset.
2206 4639 2313 4697 Sed

743 4706 868 4773 quia
899 4706 984 4762 ille
1010 4708 1063 4761 in
1094 4710 1196 4763 hoc
1237 4713 1477 4766 membro
1503 4716 1713 4785 culpam
1743 4720 2113 4782 inobedientiae
2139 4731 2312 4799 primo

744 4799 980 4865 agnovit,
1013 4799 1191 4853 decuit
1215 4810 1273 4855 ut
1317 4804 1416 4858 iste
1441 4804 1492 4857 in
1525 4805 1626 4860 hoc
1652 4810 1892 4865 membro
1935 4816 2143 4885 signum
2185 4821 2312 4878 obe—

743 4885 958 4939 dientia:
984 4891 1217 4944 secundo
1247 4891 1377 4962 [Αι.,
1407 4895 1696 4970 secundus]
1726 4901 2018 4970 acciperet;
2049 4916 2107 4961 ut
2133 4921 2311 4966 osten-

743 4974 961 5049 deregtur
1008 4976 1315 5034 obedientes
1363 4985 1681 5055 quandoque
1729 5004 2016 5060 generasse
2065 4995 2200 5054 ﬁlios
2241 5003 2309 5058 ad

745 5063 930 5130 vitam,
957 5066 1083 5123 dum
1107 5067 1235 5123 olim
1261 5075 1700 5140 praavarieatores
1729 5095 2053 5150 generarunt
2071 5090 2138 5144 ad
2167 5095 2310 5148 mor-

749 5159 879 5206 tem.

813 5276 976 5334 Inter.
1002 5282 1119 5370 175.
1151 5285 1398 5360 Nunquid
1427 5291 1711 5365 [dubitanti
1741 5302 1945 5377 animo]
1989 5308 2162 5366 dixit:
2195 5313 2306 5368 Pu-

743 5378 900 5433 tasne.
915 5379 1208 5431 centenario
1233 5395 1475 5440 nascetur
1497 5388 1661 5457 ﬁlius,
1683 5403 1734 5446 et
1761 5392 1928 5448 Sarra
1953 5408 2306 5470 nonagenaria

742 5464 907 5552 pariet
952 5466 1102 5537 (vers.
1131 5471 1248 5544 l7)?
1266 5504 1337 5515 —
1359 5475 1513 5549 Resp.
1539 5479 1655 5537 Non
1681 5485 1844 5542 verba
1870 5488 1985 5544 hac
2012 5464 2305 5552 dubitantis

747 5549 1082 5648 difﬁdentiam
1103 5562 1410 5630 ostendunt,
1433 5568 1527 5622 sed
1551 5569 1864 5629 admirantis
1888 5577 2158 5648 gaudium.
2182 5549 2304 5640 Ideo

742 5656 850 5730 pre
876 5644 1070 5715 gaudio
1116 5651 1337 5708 ridentis
1378 5653 1607 5724 Abrahae
1646 5660 1786 5718 illius
1818 5644 2095 5726 dicebatur
2127 5671 2296 5730 Isaac.

743 5729 923 5806 [Nam]
953 5737 1093 5794 risus
1122 5740 1222 5798 iste
1267 5744 1319 5798 in
1362 5744 1501 5802 bono
1530 5752 1696 5822 accipi
1727 5754 1904 5824 debet,
1935 5768 1994 5815 ut
2038 5762 2093 5819 in
2124 5729 2300 5822 Evan;

2413 4596 2682 4654 bationem
2729 4604 2883 4670 quasi
2936 4605 3170 4675 dubitat,
3223 4614 3328 4670 nisi
3376 4625 3436 4672 ut
3483 4596 3763 4690 gravitatis
3815 4596 3968 4682 nobis

2411 4688 2709 4757 exemplum
2735 4703 3016 4784 proponat,
3049 4713 3116 4754 ne
3143 4702 3284 4757 mala
3313 4688 3587 4762 hominum
3616 4719 3738 4767 ante
3766 4726 3967 4784 praesu-

2411 4789 2621 4831 mamus
2650 4781 2871 4837 credere
2914 4800 3074 4854 quam
3107 4791 3368 4860 probare?
3390 4795 3459 4850 Et
3481 4811 3606 4854 ecce
3632 4810 3692 4856 ut
3732 4781 3830 4875 per
3865 4822 3963 4862 an-

2409 4867 2553 4937 gelos
2578 4871 2644 4924 ad
2669 4879 3036 4943 cognoscenda
3078 4881 3216 4936 mala
3245 4885 3540 4956 descendit,
3583 4908 3706 4949 mox
3732 4867 3960 4954 -l'acino-

2411 4972 2560 5058 rosos
2585 4963 2834 5058 percutit.
2860 4964 3036 5037 Atque
3067 4969 3154 5026 ille
3202 4977 3432 5045 patiens,
3477 4982 3566 5038 ille
3605 4985 3772 5051 mitis,
3801 4982 3960 5058 [illeJ

2408 5048 2473 5103 de
2483 5064 2604 5144 quo
2631 5053 2886 5144 scriptum
2914 5065 2998 5112 est
3023 5077 3037 5113 :
3079 5059 3157 5116 Tu
3184 5075 3355 5122 autem
3391 5069 3653 5144 [Domine]
3682 5048 3963 5134 suntrati;

2404 5139 2659 5233 quitlitate
2692 5142 2906 5213 judicas
2944 5139 3473 5228 (Sap.x1t,18).llle
3499 5161 3564 5217 de
3607 5139 3715 5233 quo
3750 5181 3963 5224 rursum

2404 5229 2662 5299 scriptum
2704 5241 2824 5288 est:
2852 5235 3106 5294 Dominus
3151 5245 3352 5312 patiens
3397 5229 3641 5315 est,
3668 5251 3768 5329 [in]
3812 5266 3960 5315 tanto

2403 5320 2626 5375 erimina
2669 5323 2932 5382 involutos
2977 5329 3272 5402 inveniens,
3297 5341 3451 5410 quasi
3493 5320 3801 5414 patientiam
3827 5365 3959 5420 pra)-

2405 5413 2653 5476 termisit,
2680 5424 2734 5469 et
2760 5417 2900 5474 diem
2929 5427 3152 5482 extremi
3183 5425 3368 5498 iudicii
3409 5413 3722 5506 exspectare
3747 5440 3814 5495 ad
3827 5413 3956 5498 ’τίη-

2404 5500 2812 5598 dictam-nolint,
2842 5511 2936 5565 sed
2964 5527 3058 5570 eos
3083 5515 3208 5587 igne
3237 5517 3425 5586 judicii
3466 5500 3591 5580 ante
3617 5525 3754 5582 diem
3773 5529 3962 5598 judicii

2403 5592 2684 5658 przevenit.‘
2703 5595 2843 5654 Ecce
2868 5602 3089 5668 malum,
3111 5613 3166 5660 et
3189 5610 3344 5676 quasi
3366 5628 3489 5668 cum
3513 5592 3819 5676 ditiicultate
3842 5636 3954 5678 cre-

2321 5734 2342 5743 ,
2402 5681 2537 5738 didit
2557 5699 2680 5742 cum
2710 5691 2942 5758 audivit;
2971 5702 3028 5749 et
3051 5703 3228 5755 tamen
3255 5703 3372 5759 sine
3406 5705 3652 5766 tarditate
3673 5711 3951 5782 peltatas“.

2401 5784 2521 5827 cum
2550 5789 2735 5834 verum
2765 5787 3133 5850 cognoscendo
3166 5793 3403 5863 reperit:
3436 5805 3495 5852 ut
3519 5798 3674 5856 nobis
3714 5799 3952 5859 videlicet
