4428 6420
155 420 259 474 is“
455 440 458 443 κ
759 411 1161 474 EXEGL‘TICA.
1203 450 1271 460 —
1305 419 1674 476 INTERROG.
1715 421 1804 475 ΕΤ
1844 418 2170 475 RESPONS.
2214 420 2294 475 IN»
2319 420 2584 476 GENES..
2633 423 2778 478 ETC.

3278 431 3384 486 542

158 539 318 584 dare].
343 529 667 599 exemplum,
694 529 820 597 quia
849 530 1054 599 majora
1077 531 1303 584 crimina
1331 539 1386 584 et
1421 530 1570 585 tarde
1606 546 1722 584 cre-
1749 535 1796 589 Α
1825 541 1932 581 non
1959 529 2156 596 poterit
2189 527 2437 582 liberari?
2466 529 2530 582 Et
2557 531 2696 586 hanc
2722 533 3054 587 occasionem
3101 535 3387 592 infidelita-

161 619 340 694 denda
367 627 651 673 suntcum
681 619 988 672 audiuntur.
1019 627 1074 672 et
1099 619 1256 673 citius
1282 619 1571 689 punienda,
1601 634 1721 676 cum

165 719 432 762 veraCtter
473 715 850 776 agnoscuntur.

236 795 401 849 Inter.
430 795 550 851 180.
582 795 762 862 Quare
801 795 1073 849 Abraham
1115 796 1288 851 dixit:
1327 794 1504 849 Pulvis
1538 812 1652 848 sum
1677 806 1724 848 et

165 887 298 940 riuis
321 882 473 955 (Gen.
500 899 652 947 xvm,
672 884 785 956 27),
809 900 930 940 cum
959 892 1135 938 tantas
1155 885 1537 954 promissioncs
1561 901 1592 938 a
1618 885 1726 937 Deo

163 975 496 1044 accepisset?
513 1005 582 1014 —
604 973 756 1044 Resp.
780 974 1166 1030 Sublimitatcm
1195 977 1604 1046 promissionum
1633 976 1726 1029 hu-

163 1063 410 1118 militatis
441 1065 755 1133 temperavit
779 1064 1124 1133 subjectione.
1162 1066 1297 1136 Apte
1339 1065 1490 1137 [Ms.,
1522 1064 1724 1136 aperte]

163 1155 314 1208 enim
342 1155 648 1225 intelligitur
676 1156 730 1210 in
775 1171 880 1224 quo
909 1156 1024 1211 loco
1053 1172 1109 1211 se
1133 1166 1402 1226 posuerat,
1430 1157 1519 1225 qui
1547 1157 1726 1226 pulve-
1781 1189 1783 1191 ι

163 1261 281 1300 rem
309 1262 370 1300 se
409 1262 474 1302 ac
503 1249 738 1302 cinerem
767 1249 929 1303 etiam
973 1258 1086 1303 tum
1115 1265 1236 1323 cum
1264 1249 1375 1304 Deo
1399 1249 1723 1316 loqueretur,

160 1335 483 1390 testimabat.
516 1335 571 1391 Si
597 1338 755 1408 igitur
776 1353 835 1392 se
861 1339 934 1392 ita
959 1340 1200 1408 despicit,
1226 1340 1316 1408 qui
1342 1355 1510 1408 usque
1538 1340 1602 1393 ad
1632 1339 1726 1392 ho-

162 1421 354 1479 norem
400 1427 588 1481 divinaa
639 1427 1000 1501 collocutionis
1049 1427 1197 1500 μίση
1241 1427 1722 1498 contemplationis]

161 1517 440 1582 ascendit,
490 1517 712 1573 sollicita
757 1520 1048 1592 intentione
1090 1521 1416 1589 pensandum
1462 1528 1575 1584 est,
1623 1535 1725 1588 qua

159 1623 326 1676 pretia
355 1607 428 1662 illi
454 1606 679 1664 feriendi
703 1617 846 1675 sunt,
869 1611 958 1679 qui
981 1611 1049 1666 ad
1071 1627 1276 1690 summa
1297 1627 1402 1666 non
1422 1611 1722 1682 proﬁciunt,

161 1711 220 1752 et
246 1710 424 1753 tamen
454 1701 519 1755 de
544 1702 777 1756 minimis
803 1703 1144 1756 extolluntur.

236 1789 403 1844 Inter.
433 1791 552 1844 181.
585 1791 758 1858 Quaeri
789 1793 921 1848 solet
965 1803 1143 1848 utrum
1185 1795 1325 1862 quod
1368 1794 1433 1847 de
1481 1792 1725 1848 Sodomis

1826 617 1918 680 tis,
1945 617 2106 670 etiam
2137 619 2192 670 in
2221 616 2359 670 ﬁlias
2383 619 2555 672 coitus
2600 619 2920 690 principium
2949 623 3158 678 dedisse
3184 637 3388 680 certum

1824 713 1925 759 est.
1949 705 2049 771 Qui
2077 707 2221 759 enim
2251 714 2471 760 ceteras
2490 707 2647 776 323
2678 709 2882 762 viderat
2909 710 3091 764 subrui
3117 711 3389 778 civitates,

1824 802 1880 848 et
1901 795 2038 848 hanc
2067 793 2254 866 [stare,
2283 810 2444 864 seque
2474 797 2670 850 auxilio
2713 797 2806 852 Dei
2853 808 3060 855 erutum
3107 800 3195 871 (In
3235 802 3390 868 edit.,

1825 883 2086 947 mendose,
2113 893 2168 938 et
2196 885 2335 938 hanc
2360 885 2542 948 fuisse,
2567 901 2684 954 quae
2708 886 2798 941 Dei
2829 889 3024 944 auxilio
3048 898 3200 944 eruta
3227 887 3388 963 est)];

1826 972 2005 1040 utique
2035 971 2101 1025 de
2145 988 2208 1026 eo
2237 973 2379 1043 quod
2410 975 2510 1028 sibi
2559 991 2868 1031 concessum
2913 979 3175 1044 audierat,
3218 981 3390 1036 ambi-

1826 1075 1950 1128 gere
1980 1078 2082 1116 non
2116 1062 2315 1117 debuit.

1895 1149 2056 1204 Inter.
2087 1151 2206 1206 185.
2231 1152 2338 1206 Cur
2361 1147 2522 1223 igitur
2542 1157 2906 1226 angeli,quasi
2931 1161 3166 1229 hospites
3193 1164 3389 1227 coacti,

1827 1241 2045 1296 domum
2095 1243 2195 1297 Lot
2235 1245 2494 1300 introisse
2533 1244 2826 1302 dicuntur?
2861 1280 2930 1290 —
2963 1250 3116 1322 Resp.
3161 1252 3229 1308 Ut
3270 1262 3390 1308 ten-

1829 1342 1936 1387 tata
1979 1344 2122 1389 esset
2175 1337 2410 1392 cbaritas
2455 1338 2573 1401 Lot,
2627 1341 2850 1408 probata
2893 1350 2946 1395 et
3011 1352 3390 1398 remunerata:

1824 1431 1878 1476 et
1914 1431 1971 1477 ut
1998 1425 2371 1482 ostenderetur
2405 1439 2660 1498 quantum
2706 1442 2850 1486 esset
2886 1419 3264 1503 hospitalitatis
3296 1437 3392 1492 bo-

1825 1527 1989 1571 num..
2023 1513 2348 1582 Hospitalem
2393 1534 2520 1572 vero
2548 1523 2762 1574 domum
2794 1523 2967 1592 angeli
3003 1525 3395 1595 ingressi.sunt

1824 1603 1890 1656 ad
1927 1603 2256 1660 liberandum
2297 1608 2558 1676 hospitem
2599 1626 2754 1664 suum
2787 1628 2801 1665 :
2833 1614 3042 1670 clausas
3069 1627 3249 1672 autem
3299 1619 3394 1673 hoc

1825 1696 2050 1764 spitibus
2071 1698 2255 1753 domos
2268 1699 2404 1769 ignis
2429 1701 2698 1770 ingressus
2721 1701 2846 1775 [est]
2866 1706 2932 1759 ad
2954 1707 3254 1774 perdendos
3273 1722 3396 1776 pec-

1826 1797 2035 1840 catores
2059 1787 2110 1840 in
2128 1788 2225 1842 eis.
2250 1789 2449 1844 Idcirco
2479 1792 2713 1861 hospites
2740 1808 2844 1846 non
2873 1804 2996 1848 sunt
3015 1796 3270 1861 evitandi,
3298 1797 3392 1852 sed

161 1879 302 1932 dixit
323 1880 484 1943 Deus,
505 1896 606 1934 non
629 1895 687 1934 se
712 1883 931 1952 perdere
952 1883 1146 1945 locum,
1170 1885 1214 1938 si
1238 1885 1604 1939 invenirentur
1624 1884 1728 1938 illic
1762 1865 1803 1922 Β
1832 1878 1970 1932 ultro
1998 1879 2277 1933 invitandi.

160 1982 382 2028 centum
409 1975 489 2028 vel
534 1976 713 2029 decem
755 1975 884 2044 justi
909 1976 1058 2046 (vers.
1088 1979 1177 2041 26,
1207 1978 1295 2045 Y712)
1315 2019 1329 2042 ,
1352 1977 1569 2046 speciali
1598 1993 1728 2046 qua-

159 2067 290 2120 dam
320 2067 586 2120 sententia
615 2067 679 2121 de
707 2067 794 2121 illa
825 2068 1058 2132 civitate,
1091 2084 1156 2121 an
1195 2069 1259 2123 de
1287 2068 1532 2122 omnibus
1572 2070 1726 2122 intel-

160 2153 432 2225 ligendum
457 2158 526 2210 sit
543 2159 884 2227 generaliter,
910 2175 1130 2228 parcere
1162 2160 1328 2213 Deum
1353 2160 1489 2223 loco,
1516 2161 1567 2214 in
1596 2177 1728 2230 quo-

158 2262 377 2317 cunque
418 2250 500 2303 vel
537 2250 720 2305 decem
761 2251 893 2320 justi
938 2251 1260 2306 fuerint?—
1287 2251 1438 2322 Resp.
1488 2251 1604 2306 Non
1647 2262 1729 2306 est

160 2335 427 2407 [quidem]
478 2353 719 2404 necesse,
751 2348 825 2393 'ut
875 2341 975 2395 hoc
1023 2343 1086 2395 de
1132 2343 1276 2395 omni
1324 2341 1441 2396 loco
1486 2343 1727 2410 accipere

157 2426 562 2496 compellamur.
595 2429 970 2483 Verumtamen
1019 2431 1085 2484 de
1142 2430 1386 2485 Sodomis
1434 2433 1607 2500 potuit
1651 2434 1727 2485 sic

158 2515 294 2580 dici,
323 2518 448 2584 quia
492 2517 693 2571 sciebat
737 2517 896 2581 Deus,
927 2519 994 2572 ibi
1031 2535 1133 2572 non
1179 2536 1296 2574 esse
1324 2521 1406 2574 vel
1439 2522 1642 2584 decem,
1673 2528 1727 2572 et

160 2609 287 2662 ideo
316 2609 395 2662 sic
423 2610 842 2678 respondebatur
863 2611 1114 2675 Abrahae,
1133 2620 1189 2664 ut
1211 2613 1603 2684 signiﬁcaretur
1626 2628 1725 2667 nec

64 2696 66 2699 ’
159 2709 244 2753 tot
271 2699 344 2754 ibi
372 2715 528 2770 posse
569 2702 810 2766 inveniri,
842 2702 909 2756 ad
935 2707 1398 2774 exaggerationem
1429 2707 1724 2775 iniquitatis

159 2791 395 2843 illorum.

236 2877 400 2931 Inter.
436 2878 552 2933 l8'2.
577 2880 752 2946 Quare
778 2880 1043 2935 Abraham
1072 2884 1124 2935 in
1171 2883 1338 2935 tribus
1365 2884 1493 2936 viris
1525 2883 1645 2944 illis,
1680 2885 1723 2938 si

156 2966 332 3020 Deum
360 2967 616 3024 intellexit
640 2972 716 3024 vel
746 2972 976 3042 angelos,
1003 2981 1054 3026 et
1080 2973 1270 3026 iterum
1297 2972 1397 3026 Lot
1423 2973 1722 3046 iu,duobus,

156 3071 253 3109 eos
290 3057 524 3132 humano
565 3059 683 3113 cibo
736 3061 876 3113 vesci
927 3060 1262 3128 putabat?-
1289 3061 1442 3130 Resp.
1475 3061 1724 3116 Fortasse

1903 1967 2073 2022 Inter.
2110 1970 2230 2025 186.
2262 1971 2534 2037 Quzeritur
2555 1990 2719 2043 quare
2755 1976 2818 2029 de
2847 1975 2982 2030 caelo
3004 1977 3237 2032 vindicta
3269 1977 3397 2032 data

1829 2066 1910 2110 est
1931 2073 2089 2127 super
2110 2061 2438 2117 habitatores
2463 2065 2653 2132 impios
2701 2066 2976 2120 civitatum
3004 2067 3212 2121 illarum
3240 2066 3392 2137 (Gen.

1829 2163 1939 2210 xxx,
1972 2147 2105 2219 25)?
2144 2182 2212 2190 —-
2243 2151 2396 2222 Resp.
2429 2156 2560 2220 Quia
2594 2157 2794 2211 clamor
2821 2161 3157 2228 peccantium
3187 2160 3240 2213 in
3281 2175 3393 2215 ca:-

1827 2237 1934 2290 lum
1979 2243 2283 2298 ascendisse
2332 2246 2564 2311 dicitur;
2594 2249 2793 2303 idcirco
2838 2251 2904 2304 de
2953 2252 3091 2306 caalo
3140 2250 3395 2322 puniendi

1827 2336 2000 2382 erant.
2145 2393 2158 2410 I

1905 2423 2069 2476 Inter.
2131 2424 2250 2479 187.
2307 2423 2415 2480 Cur
2463 2426 2750 2496 sulphureo
2815 2443 2935 2498 Igne
2997 2431 3397 2498 puniebantur?

1825 2545 1895 2553 —
1924 2513 2076 2582 Resp.
2110 2514 2178 2568 Ut
2205 2515 2572 2582 putidissimus
2602 2517 2838 2573 libidinis
2877 2521 3036 2575 ardor
3058 2523 3395 2589 putidissimo

1825 2603 2158 2657 ﬂammarum
2193 2604 2383 2659 ardore
2408 2607 2704 2674 puniretur.

1895 2694 2056 2749 Inter.
2093 2694 2211 2751 188.
2241 2695 2349 2750 Cur
2388 2696 2610 2770 [autem]
2643 2716 2774 2752 uxor
2815 2700 2913 2754 Lot
2943 2703 2993 2754 in
3022 2710 3251 2754 statuam
3296 2717 3385 2755 sa-

1826 2788 1889 2841 lis
1952 2803 2207 2841 conversa
2261 2797 2345 2841 est
2401 2788 2570 2859 (vers.
2599 2789 2728 2860 26).
2760 2821 2828 2829 —
2881 2789 3034 2860 Resp.
3075 2791 3148 2845 Ad
3199 2791 3384 2843 condi-

1777 2895 1784 2903 ·
1824 2885 2062 2930 mentum
2110 2877 2383 2943 ﬁdelium;
2437 2879 2560 2945 quia
2606 2882 2810 2944 punitio
2846 2882 2993 2950 impii
3016 2881 3248 2936 eruditio
3300 2890 3384 2936 est

1823 2969 1969 3024 iusti.

1844 2985 1969 3024 usu.

1818 2985 1837 3039 J
1893 3041 2058 3114 Inler.
2102 3059 2220 3115 l89.
2276 3058 2390 3125 Quo
2439 3061 2661 3115 consilio
2710 3061 2830 3116 filiae
2884 3062 2980 3116 Lot
3036 3067 3382 3120 concubitum

159 3146 309 3213 prius
352 3160 444 3198 eos
489 3146 729 3200 homines
776 3161 896 3200 esse
943 3148 1182 3200 arbitrati
1230 3158 1384 3211 sunt,
1433 3151 1484 3201 in
1529 3150 1720 3218 quibus
1747 3193 1794 3258 Ο
1821 3148 1988 3216 patris
2027 3148 2294 3218 petierunt
2359 3148 2534 3218 (vers.
2573 3149 2660 3209 51,
2693 3151 2760 3204 53
2793 3150 2849 3220 );
2927 3150 3004 3204 vel
3060 3152 3127 3205 ab
3184 3152 3386 3208 incestu

162 3233 327 3258 ῐὶηη...
363 3234 501 3258 ΙΑ-.-Ξ
547 3235 947 3258 :-.:-Il--.....--._n-
996 3236 1301 3258 ,---ει.---.ι-...
1342 3237 1523 3258 ,1:__:_._.
1557 3239 1690 3258 _A-2_
1826 3254 1888 3258 __.
1916 3240 2038 3258 ,____:
2097 3248 2312 3258 _-__,__..
2405 3240 2504 3258 ιμμ-
2559 3239 2571 3258 I
2602 3255 2654 3258 _-
2704 3241 2770 3258 __'
2796 3251 2893 3258 η-.-
2916 3256 2922 3258 _
2977 3238 3125 3258 A‘,--,,,
3159 3251 3209 3258 η-
3309 3241 3385 3258 us,

162 3233 329 3286 Deum
361 3234 504 3303 loqui
547 3235 949 3299 intellexerunt;
989 3236 1306 3304 quibusdam
1337 3237 1526 3290 divinae
1557 3239 1721 3308 maje-

157 3324 315 3379 statis
366 3325 717 3380 existentibus
766 3333 820 3380 et
883 3326 1262 3396 apparentibus
1304 3327 1502 3396 signis,
1543 3336 1726 3395 postea

159 3415 327 3470 fuisse
374 3415 589 3486 angelos
629 3426 1014 3487 cognoverunt,
1055 3433 1175 3471 cum
1220 3418 1299 3471 eis
1327 3417 1627 3471 videntibus
1672 3418 1726 3472 in

158 3508 356 3562 cmlum
385 3507 708 3562 issent-Sed
757 3509 1064 3561 intuendum
1092 3517 1174 3562 est
1215 3508 1303 3562 hic
1342 3497 1599 3577 quantum
1628 3508 1722 3561 bo-

159 3615 288 3653 num
341 3600 411 3652 sit
463 3597 812 3668 hospitalitas.
869 3599 1192 3670 Hospitalem
1241 3601 1456 3654 domum
1504 3600 1725 3669 ingressi

157 3699 286 3744 sunt
307 3689 502 3760 angeli,
524 3689 732 3745 clausas
760 3691 992 3745 hostium
1019 3689 1512 3772 [.lIs.,‘hospitibus]
1541 3691 1726 3744 domos

157 3783 432 3853 ingressus
460 3791 543 3836 est
571 3783 724 3853 ignis.
1452 3843 1458 3850 ,
1528 3772 1532 3776 ’

229 3874 394 3928 Inter.
429 3873 547 3926 l83.
577 3871 633 3927 Si
656 3874 910 3942 judicium
943 3873 1034 3928 Dei
1058 3875 1263 3943 justum
1308 3882 1412 3936 est,
1442 3889 1608 3944 quare
1637 3874 1721 3928 in-

156 3963 335 4018 fantes
381 3964 436 4016 in
473 3963 719 4018 Sodomis
749 3963 949 4036 [simul]
994 3980 1113 4019 eum
1142 3965 1457 4035 parentibus
1501 3969 1722 4022 cremati

157 4056 402 4109 aunt?—-
432 4053 583 4124 Resp.
618 4054 683 4108 Ut
710 4055 869 4109 nimis
900 4056 1120 4126 impium
1166 4055 1372 4111 facinus
1419 4057 1722 4112 Sodomita-

158 4161 276 4198 rum
306 4144 477 4214 possit
502 4145 726 4210 adverti,
756 4153 1033 4214 peccatum
1062 4161 1245 4201 eorum
1283 4149 1527 4216 pervenit
1553 4164 1722 4219 usque

158 4237 226 4290 ad
257 4250 444 4290 necem
472 4234 719 4301 ﬁliorum,
752 4251 818 4290 ne
847 4235 912 4290 de
942 4237 1151 4308 origine
1175 4237 1381 4292 illorum
1407 4240 1616 4310 aliquod
1645 4241 1719 4294 si-

156 4343 319 4397 gnum
367 4334 686 4381 remaneret.
727 4326 913 4382 Nonne
955 4329 1224 4398 provisum
1267 4339 1352 4384 est
1379 4326 1505 4396 illis,
1535 4347 1602 4386 ne
1628 4333 1748 4404 diu

156 4416 398 4469 viventes
439 4415 678 4484 exempla
709 4426 1059 4485 sequerentur
1085 4428 1329 4488 patrum;
1358 4432 1413 4475 et
1455 4422 1622 4476 levius
1663 4422 1716 4476 in

1826 3240 2041 3307 purgari
2097 3248 2338 3307 possunt,
2387 3240 2509 3292 dum
2559 3239 2659 3294 hoc
2701 3241 2928 3294 scientes
2976 3238 3250 3307 fecerunt;
3307 3241 3395 3296 ille

1825 3343 1952 3381 vero
2002 3326 2200 3398 [quasi]
2242 3329 2521 3382 nesciens?
2550 3359 2618 3368 —-
2672 3327 2824 3399 Resp.
2871 3329 3093 3384 Videtur
3116 3328 3390 3403 [namque]

1827 3418 1962 3471 filias
1989 3417 2094 3493 .Lot
2121 3418 2362 3486 quzitdam
2401 3419 2648 3474 didicisse
2677 3421 2741 3474 de
2783 3421 2960 3474 s:eculi
3010 3420 3162 3493 μη,
3189 3421 3392 3493 mundi]

1827 3508 2306 3571 consummatione,
2365 3521 2482 3576 quae
2533 3508 2834 3563 immineret
2890 3525 2985 3578 per
3035 3511 3246 3579 ignem:
3300 3511 3393 3565 sed

1828 3609 2078 3666 tanquam
2102 3597 2289 3666 puella:
2319 3615 2421 3651 non
2447 3583 2814 3670 intelligebant
2837 3600 3090 3670 perfecte,
3114 3616 3231 3670 qum
3257 3601 3392 3655 didi-

1824 3695 2056 3739 cerant.-
2091 3683 2454 3756 [Nescieritnt]
2501 3669 2642 3753 quod
2670 3669 3012 3743 Sodomitieis
3050 3691 3169 3759 igne
3207 3699 3388 3743 vasta-

1825 3775 1894 3828 tis
1939 3773 2163 3827 multum
2203 3773 2377 3827 adhuc
2420 3774 2647 3842 spatium
2699 3775 2963 3844 integrum
3021 3777 3278 3830 resideret
3333 3779 3386 3830 in

1824 3863 2018 3918 mundo
2060 3864 2338 3932 suspicata:
2384 3873 2528 3928 sunt,
2571 3863 2674 3918 tale
2721 3851 2921 3932 aliquid
2963 3863 3179 3928 factum,
3233 3866 3391 3934 quale

1823 3955 1876 4007 in
1927 3953 2254 4022 temporibus
2299 3952 2410 4008 Noe
2462 3955 2765 4018 audierant,
2819 3963 2872 4009 et
2925 3957 2990 4009 ob
3040 3946 3386 4026 reparandum

1821 4043 2126 4116 mortalium
2171 4043 2543 4112 posteritatem
2581 4045 2722 4098 solas
2756 4060 2811 4098 se
2851 4061 2967 4099 esse
3006 4039 3124 4100 cum
3168 4056 3391 4114 parente

1821 4141 2079 4186 servatas.
2131 4132 2499 4200 Recuperandi
2542 4133 2705 4202 igitur
2742 4135 2960 4196 humani
2997 4135 3208 4203 generis
3250 4135 3390 4190 desi-

1819 4222 2024 4276 derium
2076 4228 2312 4283 sumunt,
2354 4229 2515 4290 atque
2557 4221 2888 4278 instaurandi
2937 4224 3115 4278 seculi
3159 4239 3224 4278 ex
3271 4240 3390 4279 sese

1817 4310 2050 4364 dandum
2095 4311 2382 4380 opinantur
2425 4310 2724 4366 exordium.
2763 4312 2830 4366 Et
2874 4318 3184 4383 qu‘anquam‘
3226 4330 3387 4384 grave

1817 4400 1896 4454 eis
1922 4400 2124 4454 crimen
2152 4399 2439 4473 [videatur]
2474 4400 2637 4455 furari
2677 4405 3016 4458 concubitum
3047 4405 3233 4472 patris,
3262 4421 3382 4473 gra-

154 4501 336 4555 Iuturo
361 4503 686 4565 crucientur,
714 4504 796 4557 vel
825 4506 1040 4558 omnino
1068 4522 1195 4570 non,
1227 4508 1401 4560 aliena
1429 4523 1592 4562 causa
1621 4524 1714 4564 oc-
1750 4535 1796 4592 υ
1817 4492 2142 4592 νίοτ-ῑθηιθη
2179 4491 2260 4544 eis
2303 4491 2546 4588 ίξηρξθιθε
2589 4490 2882 4554 Videbatur.
2926 4491 2969 4544 si
3020 4491 3301 4592 humanas:
3324 4502 3384 4545 ut

154 4593 273 4646 cisi.
304 4591 561 4648 Parentes
600 4593 790 4667 [enim]
819 4603 927 4650 tam
954 4611 1051 4666 pro
1089 4612 1148 4652 se
1184 4615 1345 4668 quam
1384 4615 1482 4669 pro
1526 4603 1608 4656 his
1637 4605 1712 4657 rei

155 4691 300 4748 sunt.
334 4685 473 4755 Ergo
502 4701 646 4741 mors
687 4685 912 4740 ﬁliorum
949 4688 1154 4742 crimen
1196 4698 1282 4742 est
1322 4700 1621 4758 parenttun,
1665 4703 1720 4748 et

155 4777 276 4832 ideo
301 4776 466 4830 futuri
511 4787 640 4832 sunt
677 4788 1017 4835 accusatores
1051 4787 1348 4850 parentum.
1392 4782 1489 4836 Est
1531 4784 1715 4852 quale-

1818 4581 2092 4650 putabant,
2135 4579 2466 4646 posteritatis
2493 4593 2640 4646 spem
2688 4588 2897 4632 servata
2938 4579 3184 4634 castitate
3212 4581 3383 4637 deles-

1815 4679 1951 4725 sent.
1983 4668 2206 4736 Propter
2236 4669 2337 4722 hoc
2360 4683 2487 4738 ergo
2513 4669 2794 4722 consilium
2824 4669 3025 4733 ineunt,
3058 4669 3286 4735 minore,
3321 4684 3383 4728 ut

1813 4759 2064 4822 arbitror,
2112 4758 2266 4826 culpa
2305 4756 2420 4829 [spe
2454 4756 2654 4828 tamen]
2704 4769 3125 4829 argumentoquc
3157 4761 3379 4830 majore,

153 4857 365 4935 cunque
389 4864 704 4921 beneﬁcium
732 4881 890 4954 rennt
906 4885 1008 4924 non
1036 4849 1175 4936 esse,
1198 4875 1285 4941 qui
1317 4849 1579 4942 gloriosus
1610 4890 1714 4928 non
1812 4850 1982 4921 Patris
2007 4850 2317 4954 πξαδδίξξίίξω
2347 4849 2431 4904 νεὶ
2458 4849 2694 4954 rigorem.
2709 4849 2836 4904 Vino
2863 4851 3108 4954 molliunt
3136 4861 3190 4908 et
3209 4857 3382 4952 resol-

158 4963 242 5012 est
269 4974 282 5008 :
315 4954 534 5024 prodest
560 4955 701 5009 enim
741 4957 1026 5042 pauperem
1054 4976 1160 5015 non
1187 4977 1328 5027 esse,
1358 4964 1449 5032 qui
1477 4978 1570 5018 rex
1599 4979 1717 5019 esse

154 5058 262 5103 lion
288 5053 484 5117 potest.

1813 4947 1943 4994 vunt
1966 4957 1986 4991 ι
2010 4939 2235 5009 singulis
2256 4940 2508 5012 ingressa:
2535 4939 2803 5006 noctibus,
2835 4940 3055 5011 singulae
3082 4941 3379 5009 suscipiunt

1812 5031 1878 5085 ab
1920 5030 2195 5101 ignorante
2241 5038 2595 5100 conceptum;
2629 5029 2765 5084 ultra
2814 5046 2918 5085 non
2961 5036 3226 5099 repetunt,
3279 5043 3388 5084 nec

222 5135 389 5190 Inter.
414 5135 530 5190 181.
559 5133 824 5202 Quaeritur
866 5151 1032 5206 quare
1061 5138 1160 5193 Lot
1201 5155 1321 5194 cum
1353 5143 1534 5210 jussus
1576 5152 1717 5199 esset
1812 5123 2110 5191 τοίιυίτιιηι·
2157 5122 2259 5178 Ubi
2299 5122 2424 5177 hinc
2451 5122 2690 5210 libidinis
2726 5123 2902 5192 ουίῐκιν
2931 5122 3009 5210 ibi,
3039 5120 3233 5210 ίηεθειίί
3270 5122 3380 5174 επί-

152 5225 221 5279 :.d
248 5231 484 5295 montem
512 5223 718 5295 fugere,
746 5223 915 5298 segm-
957 5228 1268 5297 ρτωιυιει-ίι,
1299 5209 1365 5284 υί
1383 5231 1452 5284 ibi
1482 5232 1716 5286 salvam.
1811 5225 1933 5265 men
1970 5212 2251 5279 arguitur‘;
2280 5209 2544 5280 quomodo
2584 5211 2799 5266 dabitur
2832 5213 2885 5265 in
2921 5209 3066 5275 vitio,
3099 5209 3238 5279 quod
3275 5224 3380 5264 non

155 5322 272 5377 tur;
303 5319 359 5366 et
383 5327 596 5366 rursum
621 5315 685 5368 de
713 5313 884 5386 Segor
903 5317 970 5371 ad
999 5327 1231 5372 montem
1255 5320 1538 5389 migrasset
1563 5319 1710 5391 (Gen.

153 5415 269 5465 xix,
292 5401 421 5473 ‘20)?
441 5431 514 5441 —
535 5399 688 5470 Resp.
715 5403 960 5460 Tradunt
985 5405 1188 5461 Hebraei
1219 5410 1360 5477 quod
1396 5409 1563 5480 Segor
1606 5410 1713 5465 fre-

155 5501 381 5564 quenter
404 5503 563 5549 terrae
585 5503 732 5548 motu
760 5495 1006 5562 subruta,
1031 5497 1155 5553 Bale
1178 5501 1428 5568 primum,
1453 5511 1508 5556 et
1528 5511 1712 5570 postea

156 5583 354 5641 Salissa
402 5584 666 5654 appellata
716 5584 818 5651 sit,
865 5587 1205 5659 timueritque
1249 5589 1349 5644 Lot
1396 5592 1619 5646 dicens:
1657 5591 1712 5648 Si

157 5695 272 5735 cum
308 5685 518 5734 ceterae
567 5678 739 5733 adhuc
782 5677 945 5734 urbes
984 5689 1209 5745 starent,
1253 5683 1356 5743 ista
1404 5698 1543 5754 stepe
1584 5684 1713 5738 sub-

156 5782 305 5824 versa
347 5778 453 5832 est,
497 5775 695 5837 quanto
735 5768 907 5840 magis
959 5785 1099 5827 nunc
1151 5774 1202 5826 in
1246 5774 1515 5829 communi
1559 5776 1712 5831 ruina

1812 5303 2037 5357 iteratur
2067 5304 2119 5357 in
2147 5303 2333 5357 facto?

1882 5413 2045 5468 Inter.
2066 5414 2185 5468 190.
2209 5413 2265 5468 Si
2291 5412 2390 5466 Lot
2411 5411 2608 5485 [quasi]
2632 5414 2865 5469 incestus
2889 5413 3020 5487 [Αι.,
3042 5414 3298 5488 incertus]
3322 5415 3379 5472 in

1813 5506 1914 5561 hoc
1951 5506 2088 5561 facto
2121 5503 2412 5572 culpandus
2449 5514 2552 5570 est,
2586 5508 2666 5560 an‘
2693 5523 2798 5562 non
2821 5507 2844 5560 ?
2868 5539 2939 5548 —
2966 5507 3116 5578 Resp.
3150 5507 3378 5580 Culpan-

1813 5599 1912 5651 dus
1947 5603 2028 5649 est
2068 5593 2281 5662 quidem
2312 5593 2365 5648 in
2403 5593 2503 5650 hoc
2532 5594 2674 5652 facto
2699 5597 2821 5664 Lot,
2858 5594 3116 5668 quantum
3148 5598 3378 5656 ebrieta-

1815 5687 1884 5742 tis
1907 5685 2073 5758 [.lIs.,
2103 5682 2358 5756 ebrietas]
2391 5683 2692 5754 ignorantia
2722 5696 2973 5743 meretur.
3000 5686 3132 5742 Nam
3157 5695 3210 5742 et
3239 5689 3378 5744 hanc

1815 5779 1896 5833 lex
1946 5784 2144 5831 aeterna
2194 5774 2531 5844 condemnat,
2579 5795 2700 5848 qua:
2725 5780 2900 5833 cibum
2953 5787 3005 5832 et
3041 5789 3224 5850 potum
3271 5795 3375 5835 non
