4428 6440
819 461 921 516 545

1663 454 1719 507 Β.
1763 454 1823 506 [δ’.
1866 453 2086 506 Αιιιιμι
2128 451 2253 504 Sili)
2297 450 2568 509 ALCL'INI
2605 449 2886 504 OPERUM
2926 449 3104 502 PARS
3139 448 3200 502 lli

3924 443 4040 501 διε

781 628 784 632 ,
819 569 919 620 nisi
959 567 1024 618 ad
1063 567 1285 618 salutem
1328 564 1568 630 corporis
1604 577 1815 616 sumere
1852 560 2086 614 mandat.
2141 559 2206 613 Et
2251 560 2375 612 hinc
2402 564 2445 618 Λ
2475 589 2542 596 -
2574 559 2725 629 Resp.
2773 562 2912 613 Inter
2952 561 3198 614 Hebraeos
3244 559 3464 631 [autem]
3497 560 3640 613 varia
3685 560 3864 628 opinio
3903 574 4024 626 cst,

817 660 1123 727 diligentius
1145 655 1523 710 intendendum
1561 663 1664 712 est,
1705 661 1964 720 quantum
2001 652 2073 705 sit
2100 650 2378 704 ebrietatis

814 751 1048 815 malum;
1099 761 1154 803 et
1202 746 1356 801 valde
1395 745 1687 798 timendum
1737 751 1818 796 est
1875 741 1994 804 illis,
2037 742 2230 808 quibus
2280 740 2379 792 hoc

815 844 1011 897 malum
1039 843 1092 895 in
1121 856 1219 895 usu
1254 849 1356 893 est.
1397 838 1528 891 Nam
1561 837 1612 900 in
1641 836 1867 889 crimine
1902 835 2135 888 ebrietas
2163 831 2375 898 decipit,

810 950 968 1003 quem
996 932 1224 986 Sodoma
1266 945 1371 983 non
1408 905 1634 996 decepit.
1670 926 1855 980 [ritur
1885 924 1970 977 ille
1999 923 2208 976 ﬂaunna
2258 936 2377 974 mn—

808 1025 1019 1084 lierutn,
1072 1036 1232 1090 quem
1277 1018 1489 1072 ﬂamma
1538 1016 1822 1084 sulphurea
1869 1027 1975 1066 non
2034 1011 2186 1065 assit.
2251 1009 2380 1062 Erat

809 1131 936 1180 ergo
971 1114 1070 1167 Lut
1095 1122 1235 1176 arte,
1263 1126 1369 1165 non
1391 1109 1662 1162 voluntate
1700 1107 1951 1174 deceptus
1977 1121 1992 1169 ;
2023 1104 2141 1157 ideo
2170 1100 2379 1154 medius

807 1206 1024 1274 quidam
1081 1200 1232 1274 [Μιη
1281 1197 1518 1269 quidem]
1553 1199 1692 1250 inter
1735 1203 2046 1264 peccatores
2069 1200 2124 1264 et
2161 1190 2374 1259 justos:

815 1297 1011 1366 quippe
1062 1295 1152 1363 qui
1191 1309 1255 1348 ex
1291 1291 1514 1346 Abrahae
1545 1289 1860 1358 cognatione
1887 1281 2262 1360 [Μδηβιῑφε]
2288 1281 2378 1335 dc-

814 1389 1114 1449 si-enderat,
1166 1387 1218 1438 in
1258 1383 1506 1437 Sodomis
1544 1391 1720 1434 tamen
1770 1380 1851 1431 ha:
1877 1377 2107 1430 itavcrit.
2147 1374 2277 1426 Nam
2325 1383 2388 1426 et‘

811 1484 908 1534 hoc
937 1477 1074 1546 quod
1106 1491 1202 1530 cva
1229 1476 1283 1527 .it
1310 1493 1339 1526 ε
1370 1471 1638 1532 Sodomis,
1666 1470 1802 1522 sicut
1845 1467 2117 1534 Scriptura
2157 1463 2374 1526 iudicat,

809 1569 979 1637 magis
1003 1567 1068 1618 ad
1098 1567 1353 1618 honorem
1384 1562 1632 1620 Abraine,
1663 1575 1824 1628 quam
1851 1557 1915 1609 ad
1942 1556 2191 1609 meritum
2214 1553 2377 1620 perti-

809 1670 896 1714 net
920 1659 1037 1711 Lot.

881 1750 1042 1802 Inter.
1125 1745 1247 1800 19l.
1281 1743 1461 1808 Quare
1506 1739 1694 1793 diebus
1724 1736 1833 1788 .‘iue
1879 1739 2158 1802 peceatum
2193 1727 2376 1782 mundi

708 1870 709 1873 η
808 1861 944 1913 aqua
963 1841 1260 1902 ulciscitur,
1285 1839 1385 1892 hoc
1405 1849 1534 1888 vero
1561 1832 1958 1904 Sodomizarum
1982 1829 2100 1896 igne
2122 1824 2376 1896 punitur?

2475 652 2839 705 asserentibus
2888 652 3009 704 aliis
3035 654 3218 720 quinto
3265 649 3417 721 [Ms.,
3467 652 3677 723 quarto]
3705 668 3880 719 anno;
3910 653 4031 710 aliis

2475 741 2790 794 dumleeimo
2822 742 3192 795 ablactationis
3221 750 3428 809 tempus
3449 740 3655 810 impleri
3979 797 3982 801 ,

2549 829 2711 882 Inter.
2743 830 2864 884 198.
2905 830 2960 883 Si
3011 831 3262 884 tredecim
3295 829 3424 902 [.1l.,
3464 832 3886 906 quatuordecim]
3930 851 4028 889 an-

2477 935 2665 972 nos-mn
2711 928 2828 972 erat
2870 919 3056 973 lsmael
3083 923 3294 988 quando
3320 931 3477 976 natus
3514 929 3595 976 est
3628 923 3810 988 ~lsaae,
3847 925 4028 993 adjun-

2476 1011 2684 1076 etisque
2718 1011 2860 1062 :etati
2887 1008 3038 1080 [Ms.,
3078 1011 3178 1064 hac
3219 1009 3396 1081 aetate]
3437 1013 3811 1068 ablactationis
3853 1013 4028 1076 annis.

2475 1099 2746 1167 quomodo
2775 1101 3022 1154 convenit
3050 1104 3398 1154 tantas-tetatis
3435 1101 3819 1158 adolescentem
3844 1106 4032 1158 matris

2476 1191 2676 1243 sedisse
2716 1191 2768 1242 in
2812 1190 3132 1255 cervicibus,
3177 1192 3299 1244 dum
3347 1189 3828 1262 dicitur:Sumpsit
3867 1194 4030 1247 Abra-

2474 1279 2598 1332 ham
2624 1296 2782 1348 panes
2803 1289 2848 1332 et
2879 1290 3044 1332 utrem
3072 1296 3220 1350 aqua:
3250 1291 3295 1332 et
3326 1280 3464 1332 dedit
3486 1281 3646 1350 Agar,
3666 1297 3857 1349 ponens
3881 1300 4030 1353 super

2477 1369 2746 1420 [nunerum
2768 1370 2881 1438 ejus
2908 1379 2954 1422 et
2974 1370 3263 1438 paruulum,
3307 1378 3352 1422 et
3383 1371 3577 1425 dimisit
3607 1389 3721 1427 eam
3744 1372 3892 1443 (Gen.
3915 1388 4029 1437 χχι,

2482 1457 2696 1529 1.t)?—
2718 1457 2871 1528 Resp.
2913 1443 3098 1514 Omnis
3115 1459 3321 1532 [igitur]
3344 1461 3481 1515 lilius
3517 1464 3801 1518 secundum
3837 1463 4028 1518 idioma

2479 1546 2669 1614 lingua:
2691 1545 3056 1611 Hebraeorum,
3073 1550 3137 1602 ad
3163 1551 3612 1616 comparationem
3631 1538 3928 1621 parentum.
3951 1552 4030 1604 in-

2479 1632 2598 1688 fauis
2643 1645 2866 1689 vocatur
2912 1645 2967 1690 et
3011 1637 3281 1704 parvulus.
3339 1637 3404 1691 Et
3447 1647 3528 1692 est
3577 1655 3798 1694 sensus:
3852 1639 4033 1695 Posuit

2432 1750 2442 1757 -
2478 1723 2746 1777 Abraham
2791 1739 2954 1792 panes
2975 1733 3028 1777 et
3069 1735 3238 1778 utrem
3264 1741 3421 1794 super
3451 1727 3729 1781 humerum
3777 1729 3937 1799 Agar,
3977 1737 4031 1784 et

2479 1815 2580 1866 hoc
2624 1813 2764 1868 facto
2799 1814 2942 1868 dedit
2980 1830 3203 1882 puerum
3254 1817 3433 1879 matri,
3480 1817 3581 1872 hoc
3615 1827 3724 1883 est,
3775 1819 3827 1872 in
3874 1836 4028 1874 tnauu

809 1899 876 1973 -.
917 1932 1069 2000 Resp.
1109 1899 1254 1995 Quia
1285 1925 1413 1980 illud
1444 1923 1690 1978 naturale
1726 1901 1961 1975 libidinis
1996 1933 2118 1972 cum
2167 1916 2380 1970 feminis
2409 1899 2454 1956 Β
2483 1903 2558 2000 ed"

2283 1916 2380 1969 [nis
2409 1899 2454 1956 Β
2483 1903 2598 1971 ejus
2641 1920 2762 1958 eum
2810 1904 3052 1969 tradidit,
3102 1906 3515 1972 commendavit,
3563 1915 3618 1962 et
3668 1907 3742 1961 ita
3792 1908 3971 1962 emisit
4003 1924 4032 1962 ε

809 2033 1083 2095 peccatum
1144 2018 1302 2088 quasi
1356 2015 1540 2069 leviori
1589 2014 1854 2066 elemento
1913 2009 2237 2062 damnatur:
2281 2007 2382 2058 hoc

811 2131 935 2168 vero
961 2120 1144 2166 contra
1175 2118 1421 2162 naturam
1452 2103 1687 2156 libidinis
1729 2108 2010 2169 peccaturo
2057 2112 2181 2151 cum
2228 2095 2380 2158 viris,

809 2203 1032 2259 acrioris
1070 2197 1318 2253 elerum-nti
1357 2196 1657 2249 vindicatur
1699 2191 1947 2244 incendio
1973 2203 1987 2241 :
2015 2196 2070 2241 et
2102 2187 2208 2240 illic
2240 2195 2382 2239 terra

809 2295 961 2364 aquis
985 2291 1163 2346 abluta
1193 2285 1468 2342 revirescit
1491 2302 1505 2348 ;
1549 2284 1635 2337 hie
1662 2280 1890 2334 ﬂammis
1919 2285 2157 2332 cremata
2185 2283 2382 2330 aeterna

809 2385 1086 2439 sterilitate
1116 2380 1328 2433 arescit.

878 2473 1043 2528 Inter.
1091 2469 1211 2524 192.
1252 2468 1359 2522 Cur
1386 2465 1658 2519 Abraham
1700 2459 1917 2513 Sarram
1955 2470 2174 2510 uxorem
2205 2469 2382 2515 suam,

809 2577 1050 2616 sororem
1099 2577 1250 2614 suam
1296 2555 1530 2612 secundo
1569 2567 1688 2607 esse
1712 2551 1845 2605 dixit
1884 2545 2036 2615 (Cen.
2074 2544 2285 2612 xx,‘2)?
2317 2574 2387 2583 —

817 2655 965 2724 liesp.
1010 2652 1142 2719 Quia
1189 2666 1253 2704 ex
1293 2646 1454 2716 priori
1495 2643 1792 2697 Pharaonis
1831 2639 2169 2708 correptione
2206 2644 2388 2689 certus

811 2753 923 2798 erat
963 2744 1026 2796 de
1076 2739 1167 2795 De‘i
1229 2736 1560 2798 defensione,
1604 2732 1745 2800 Quod
1789 2729 1978 2783 violari
2025 2743 2127 2780 non
2175 2724 2384 2794 potuit;

812 2845 1044 2890 incertus
1092 2835 1157 2887 de
1203 2849 1297 2886 sna
1343 2833 1447 2883 vita
1483 2869 1498 2894 ,
1542 2843 1609 2880 an
1638 2825 1848 2879 illorum
1889 2822 2143 2876 evaderet
2180 2833 2385 2873 manus.

815 2925 875 2978 lit
915 2924 1153 2977 miranda
1197 2929 1278 2976 est
1307 2919 1453 2974 Sane
1495 2915 1906 2988 pulchritudinis
1941 2913 2132 2974 forma,
2169 2926 2288 2980 qua:
2335 2910 2388 2963 in

755 3001 757 3004 9
815 3025 832 3066 t
870 3025 960 3068 uta
990 3022 1144 3067 :etate
1176 3019 1381 3065 tantum
1427 3007 1595 3062 amari
1645 3003 1817 3074 potuit
1845 3000 1999 3072 [Ms.,
2029 2998 2285 3071 poterat],
2333 3007 2392 3050 ut

815 3103 894 3156 vir
933 3115 1059 3156 suus
1097 3107 1316 3170 propter
1351 3095 1466 3165 ejus
1497 3091 1948 3165 pulchritudinem
1992 3104 2050 3144 se
2095 3086 2388 3160 periclitari

817 3196 1100 3243 metueret.
1288 3177 1296 3214 ί

2483 1997 2660 2048 domo.
2697 1993 2845 2060 Quod
2870 1995 2922 2047 in
2947 1995 3290 2063 sequentibus
3309 1994 3631 2060 declaratur,
3661 1996 3785 2050 dum
3811 1997 4032 2050 dicitur:

2485 2083 2671 2152 Surge,
2722 2083 2843 2138 tolle
2889 2101 3128 2153 puerum,
3175 2094 3222 2138 et
3252 2093 3364 2138 tene
3393 2101 3603 2138 manum
3637 2086 3750 2156 ejus
3772 2084 3935 2156 (Ibid.
3986 2103 4031 2140 ν.

2483 2174 2568 2244 18)
2601 2191 2620 2238 ;
2648 2189 2750 2227 non
2780 2182 2837 2226 ut
2877 2189 2999 2230 eum
3020 2173 3085 2227 de
3125 2184 3264 2228 terra
3293 2172 3479 2245 [velut]
3501 2173 3764 2242 jacentem
3813 2175 4034 2238 tolleret,

2483 2267 2576 2319 sed
2603 2265 2752 2333 quasi
2782 2266 3029 2318 coniitem
3065 2281 3226 2319 manu
3253 2273 3474 2318 teneret.
3499 2265 3650 2345 Quod
3675 2272 3851 2319 autem
3881 2279 4036 2318 manu

2483 2358 2724 2425 parentis
2763 2365 2995 2420 tenetur,
3020 2357 3280 2411 sollicitus
3307 2365 3634 2411 monstratur
3659 2354 3896 2411 aﬂ‘ectus.

2555 2447 2721 2501 Inter.
2769 2449 2888 2503 199.
2941 2448 3079 2515 Quid
3123 2459 3203 2503 est
3233 2450 3374 2518 quod
3416 2448 3902 2518 dicitur,gmattem
3947 2447 4040 2503 ﬂe-

2485 2541 2647 2604 visse,
2693 2549 2748 2596 et
2789 2541 2956 2595 Deum
2995 2557 3182 2596 vocem
3232 2543 3384 2612 pueri
3438 2543 3720 2598 exaudisse
3771 2541 3932 2610 (Ibid.
3992 2561 4038 2596 υ.

2487 2633 2576 2698 16,
2601 2635 2684 2702 17)
2707 2635 2730 2686 ?
2771 2664 2848 2695 .——
2876 2632 3032 2704 Resp.
3065 2633 3245 2706 [Quia]
3273 2644 3445 2689 mater
3468 2649 3576 2690 non
3603 2649 3754 2690 suam
3791 2643 4041 2702 mortem,

2487 2724 2580 2778 sed
2633 2723 2724 2777 lilii
2758 2723 3087 2792 deplorabat,
3141 2725 3484 2794 pepercitque
3529 2724 3670 2779 Deus
3710 2738 3896 2794 puero,
3946 2739 4044 2793 pro

2487 2829 2593 2884 quo
2617 2813 2771 2870 ﬂetus
2796 2815 2986 2868 matris
3013 2823 3127 2868 erat
3159 2813 3313 2886 μὴ,
3339 2813 3556 2887 fuerat].

2557 2906 2722 2960 Inter.
2752 2907 2873 2960 “200.
2899 2907 3174 2973 Quomodo
3199 2908 3264 2960 ad
3285 2915 3499 2976 puteum
3517 2907 3808 2974 juramcnti
3854 2921 4038 2976 agrum

2487 2997 2822 3066 plantaverat
2844 2997 3112 3050 Abraham
3149 2995 3335 3066 (Ibid.,
3374 3012 3424 3048 υ.
3455 2995 3524 3050 29
3545 2996 3694 3066 seq.),
3737 2997 3783 3050 si
3820 2998 3872 3050 in
3901 3005 4042 3050 terra
4136 3014 4146 3025 ·

2490 3087 2598 3151 illa,
2631 3087 3076 3156 quemadmodum
3116 3084 3416 3154 Stephanus
3441 3085 3515 3139 ait
3556 3087 3609 3139 in
3629 3085 3777 3140 Actis
3803 3087 3921 3156 (vn,
3947 3085 4001 3156 Ei)
4030 3104 4041 3137 :

2491 3177 2605 3233 Non
2672 3187 2952 3248 acceperat
3007 3168 3368 3232 ha‘reditatem
3420 3191 3520 3231 nec
3571 3177 3796 3247 spatium
3859 3177 4051 3245 pedis?

885 3241 1046 3349 324
1069 3273 1230 3332 Inter.
1248 3276 1370 3330 195.
1393 3273 1501 3330 Cur
1515 3271 1806 3327 dixitDeus
1826 3269 1894 3323 ad
1915 3267 2223 3322 Abimeleeh
2246 3281 2259 3319 :
2293 3265 2387 3318 Pe-
2411 3241 2459 3304 (ἶ
2487 3300 2556 3309 -
2595 3269 2748 3338 Resp.
2781 3241 2856 3322 Ea
2900 3278 2983 3322 est
3011 3263 3346 3337 intelligenda
3377 3241 3659 3335 lizereditas
3699 3241 3876 3336 quam
3904 3266 4043 3321 Deus

817 3371 952 3438 perci
975 3369 1082 3427 tibi,
1110 3376 1165 3420 ut
1183 3383 1282 3420 non
1307 3379 1542 3434 peccares
1569 3362 1621 3414 in
1644 3377 1723 3413 me
1751 3356 2081 3430 (Gen.xx,6)
2100 3356 2206 3408 ?—
2227 3354 2382 3424 Resp.

821 3455 889 3510 Ut
915 3455 1303 3518 adverteretur,
1334 3455 1384 3506 in
1411 3452 1578 3506 Deum
1600 3450 1833 3520 peccari,
1860 3447 2074 3518 quando
2100 3447 2226 3500 talia
2241 3461 2386 3500 com-

819 3548 1120 3612 mittuntur,
1174 3563 1293 3616 qua:
1350 3553 1539 3615 putent
1583 3545 1830 3599 homines
1882 3542 2073 3596 leviter
2119 3539 2386 3601 habenda,

821 3645 1074 3704 tanquam
1101 3637 1153 3688 in
1184 3648 1346 3688 carne
1372 3640 1614 3702 peccata.
1637 3660 1652 3684 .

895 3723 1058 3778 Inter.
1106 3725 1226 3778 191.
1268 3724 1378 3778 Cur
1423 3740 1527 3777 non
1577 3721 1747 3794 [mox]
1778 3721 2092 3776 Abimelecb
2145 3730 2391 3774 mortuus

821 3825 928 3877 εκι,
982 3816 1106 3869 dum
1173 3815 1308 3869 dixit
1359 3815 1408 3868 ei
1456 3815 1636 3868 Deus:
1669 3813 1804 3865 Ecce
1831 3821 1888 3863 tu
1936 3811 2176 3864 morieris
2224 3809 2386 3880 (Ibid.

822 3925 868 3960 υ.
898 3906 1094 3975 5)?——
1145 3905 1298 3975 Resp.
1347 3903 1544 3974 Utique
1589 3904 1730 3957 Deus
1772 3901 2038 3972 praedixit,
2085 3900 2230 3970 quod
2275 3900 2391 3953 sine

821 3996 982 4072 dubio
1014 3994 1249 4048 futurum
1279 3993 1488 4055 fuisset,
1515 3993 1559 4046 si
1585 3993 1637 4044 in
1671 3992 1771 4044 hac
1805 3985 2186 4053 admonitione,
2216 4004 2243 4042 a
2268 4003 2392 4056 pec-

820 4097 942 4144 cato
979 4085 1313 4147 abstinendo,
1343 4099 1448 4138 non
1477 4092 1782 4137 caveretur.

893 4199 1056 4252 Inter.
1104 4197 1224 4252 193.
1265 4196 1462 4262 Quare
1513 4195 1785 4249 Abraham
1820 4192 1874 4246 in
1903 4191 1990 4244 die
2017 4164 2413 4244 ablactationis

823 4289 990 4348 Isaae,
1045 4296 1237 4340 etnon
1287 4287 1339 4339 in
1382 4286 1467 4340 die
1514 4283 1811 4338 nativitatis
1839 4281 1923 4335 vel
1967 4280 2394 4335 eireumcisionis

824 4380 949 4434 fecit
980 4376 1282 4434 convivium
1310 4376 1511 4445 grande
1538 4374 1690 4443 (Cen.
1717 4372 1897 4443 xxt,8)
1919 4373 1942 4424 ?
1961 4370 2200 4440 ——Resp.
2227 4371 2395 4440 Pmp—

827 4485 909 4527 ter
937 4469 1379 4541 signiﬁcationem
1412 4466 1743 4537 spiritualem
1773 4483 1784 4518 :
1829 4473 1955 4519 tunc
1981 4464 2122 4518 enim
2143 4461 2393 4531 gaudium

826 4565 1127 4619 habendum
1159 4571 1241 4617 est
1261 4562 1326 4616 de
1357 4578 1464 4615 uno
1497 4561 1614 4614 viro
1643 4557 1929 4630 spirituali,
1967 4557 2182 4627 quando
2223 4556 2394 4610 solido
2427 4578 2476 4637 υ

826 4656 1070 4712 veritatis
1103 4656 1243 4715 cibo,
1286 4653 1385 4724 [et]
1433 4669 1539 4707 non
1580 4652 1717 4705 lacte
1767 4648 2000 4706 carnalis
2033 4647 2398 4717 intelligentia:

827 4745 1085 4814 pascitur.

904 4836 1070 4888 Inter.
1099 4833 1218 4887 196.
1246 4834 1322 4886 De.
1345 4846 1451 4900 quo
1477 4831 1604 4884 ludo
1627 4829 1806 4897 arguit
1829 4828 1990 4881 Sarra
2016 4827 2207 4880 lsmael
2228 4825 2395 4879 lilium

831 4928 973 4997 Agar
1012 4926 1173 4997 (Ibid.
1204 4944 1251 4978 υ.
1281 4926 1332 4988 9,
1370 4923 1498 4994 10)?
1535 4953 1607 4962 —
1652 4920 1806 4991 Resp.
1849 4919 2142 4988 Dupliciter
2168 4917 2396 4990 [itaque]

829 5022 931 5074 hoc
965 5020 1031 5074 ab
1065 5015 1305 5071 Hebraeis
1346 5015 1666 5084 exponitur;
1703 5015 1816 5067 sive
1859 5010 2001 5079 quod
2042 5009 2397 5084 idolothytum

831 5108 1016 5163 fecerit
1042 5123 1056 5171 ;
1081 5104 1235 5173 juxta
1263 5103 1392 5157 illud
1416 5080 1582 5173 [quod
1619 5101 1748 5155 alibi
1789 5080 2185 5168 scriptunrest]
2212 5115 2224 5151 :
2253 5098 2399 5152 Sedit

830 5195 1048 5266 populus
1087 5195 1403 5249 manducare
1448 5202 1495 5245 et
1538 5192 1705 5245 bibere
1750 5201 1797 5245 et
1840 5198 2176 5244 surrexerunt
2223 5188 2400 5241 ludere

831 5287 1026 5356 (Exod.
1057 5303 1226 5350 xxvii,
1253 5285 1305 5354 6)
1334 5303 1348 5349 ;
1401 5283 1512 5337 sive
1549 5281 1689 5351 quod
1721 5280 2000 5334 adversum
2033 5277 2204 5340 Isaac,
2239 5277 2400 5348 quasi

836 5380 1054 5448 majoris
1081 5378 1291 5440 'aalatis,
1336 5375 1460 5444 joco
1499 5373 1600 5427 sibi
1631 5381 1685 5426 et
1721 5371 1844 5427 ludo
1887 5369 2242 5441 primogenita
2282 5370 2400 5421 vin-

836 5477 1039 5530 dicaret
1068 5487 1081 5525 :
1110 5471 1249 5540 quod
1295 5469 1490 5541 [Edit.,
1549 5463 1784 5536 quando]
1839 5465 2051 5534 quidem
2107 5461 2267 5516 Sarra
2307 5478 2402 5514 au-

833 5569 985 5622 diens
1020 5581 1125 5619 non
1157 5562 1297 5617 tulit.
1333 5561 1396 5614 Et
1438 5561 1539 5614 hoc
1595 5573 1660 5612 ex
1713 5555 1882 5625 ipsius
1917 5553 2244 5625 approbatur
2290 5568 2402 5607 ser-

843 5673 999 5714 mone
1016 5654 1265 5729 [dicentis
1287 5649 1390 5724 ei]:
1413 5651 1557 5720 Ejice
1578 5646 1822 5703 ancillam
1842 5648 1974 5698 hanc
2003 5661 2118 5698 cum
2140 5643 2250 5714 ﬁlio
2273 5660 2399 5705 suo;

838 5764 943 5802 non
965 5748 1098 5800 enim
1120 5747 1214 5800 erit
1236 5745 1399 5798 lateres
1422 5740 1562 5810 ﬁlius
1586 5737 1791 5793 ancilla:
1810 5751 1927 5790 cum
1955 5734 2060 5790 lilio
2090 5751 2200 5789 meo
2223 5734 2396 5789 Isaac.

914 5833 1075 5890 Inter.
1113 5837 1230 5890 197.
1269 5835 1392 5890 Post
1425 5839 1554 5901 quot
1593 5844 1760 5885 annos
1786 5841 1920 5898 puer
1943 5823 2197 5879 ablactari
2228 5825 2402 5880 solet?

2487 3361 2661 3414 fuerat
2699 3376 2930 3419 munere,
2958 3375 3054 3413 suo
3089 3357 3322 3428 gratuito
3362 3359 3603 3424 daturus,
3637 3374 3741 3413 non
3788 3360 3889 3430 ista
3932 3374 4048 3427 qua:

2485 3451 2660 3519 pretio
2714 3457 2890 3516 empta
2929 3459 3028 3502 est.
3072 3448 3387 3518 lntelligitur
3427 3455 3605 3502 autem
3647 3450 3874 3518 spatium
3906 3451 4046 3504 circa

2487 3548 2704 3614 puteum
2742 3539 2808 3594 ad
2834 3538 2963 3592 illud
2997 3538 3284 3608 emptionis
3307 3546 3520 3608 pactum
3538 3537 3824 3606 pertinere,
3869 3537 3922 3590 in
3945 3553 4050 3605 quo

2490 3629 2702 3683 fuerant
2747 3644 2894 3697 agnae
2942 3637 3143 3696 septem
3188 3627 3344 3692 data},
3385 3626 3599 3695 quando
3647 3625 3952 3681 Abimelech
3998 3637 4051 3681 et

2488 3717 2756 3772 Abraham
2786 3719 2886 3772 sibi
2925 3702 3132 3789 [etiam]
3155 3715 3488 3784 iuraverunt.

2560 3808 2724 3864 Inter.
2769 3809 2890 3863 201.
2942 3809 3080 3876 Quid
3134 3808 3301 3863 illud:
3334 3807 3564 3862 Tentauit
3607 3806 3742 3862 Deus
3789 3807 4051 3861 Abraham

2475 3897 2644 3971 '(Gen.
2673 3899 2914 3968 xxn,1)?
2947 3899 3012 3952 Et
3041 3897 3273 3952 Iacobus
3306 3895 3579 3966 apostolus
3605 3896 3774 3952 dicit:
3804 3895 3940 3950 Deus
3965 3913 4055 3950 ne-

2491 3989 2680 4041 minem
2700 3998 2859 4041 tentat
2891 3987 3030 4060 (Jac.
3061 3989 3219 4058 1,13).
3246 3986 3521 4053 Quomodo
3549 3995 3833 4056 utrumque
3857 3986 4051 4042 intelli-

2495 4077 2724 4148 gendum
2760 4077 2890 4131 est?
2920 4107 2991 4116 —
3027 4076 3181 4148 Resp.
3212 4077 3426 4131 Duobus
3455 4073 3641 4148 [enim]
3677 4076 3847 4130 modis
3877 4084 4050 4130 tenta-

2493 4171 2567 4225 tio
2617 4172 2670 4224 in
2721 4168 3011 4238 Scripturis
3057 4169 3192 4224 solet
3237 4167 3478 4238 intelligi.
3527 4168 3642 4225 Una
3688 4177 3769 4224 est
3797 4185 3916 4238 quze
3956 4185 4052 4239 per

2496 4262 2662 4317 Deum
2693 4261 2752 4316 ﬁt
2777 4262 3110 4332 probationis
3137 4277 3318 4326 causa,
3355 4271 3414 4316 ut
3439 4259 3767 4329 justiﬂeetur
3797 4262 3956 4315 homo
3999 4267 4055 4313 et

2494 4361 2816 4416 coronetur;
2842 4352 2906 4405 de
2947 4367 3052 4420 qua
3099 4361 3153 4406 et
3201 4353 3431 4406 dicitur:
3459 4351 3636 4405 Tentat
3666 4367 3751 4405 vos
3794 4349 4051 4403 Dominus

2497 4444 2634 4497 Deus
2664 4452 2845 4505 uester,
2902 4450 2956 4494 ut
2987 4443 3118 4494 sciat
3170 4443 3216 4495 si
3243 4440 3472 4511 diligatis
3498 4457 3614 4495 eum
3640 4439 3815 4510 (Deut.
3839 4455 3958 4504 xm,
3978 4429 4055 4510 5),

2499 4535 2598 4590 hoc
2626 4542 2725 4596 est,
2754 4541 2814 4587 ut
2839 4533 2977 4587 scire
3004 4548 3099 4587 vos
3128 4531 3306 4586 faciat.
3338 4530 3451 4584 Alia
3475 4540 3577 4597 est,
3603 4531 3669 4586 de
3694 4545 3799 4602 qua
3823 4528 4055 4584 Iacobus

2500 4628 2630 4680 dicit
2655 4642 2668 4679 :
2697 4626 2835 4679 Deus
2881 4627 3133 4678 neminem
3163 4634 3324 4678 tentat
3351 4623 3555 4694 (Iacob.
3587 4639 3628 4687 ι,
3652 4623 3778 4692 15);
3807 4637 3910 4691 qua
3932 4637 4059 4690 pec-

2501 4726 2617 4772 cato
2669 4715 3022 4784 implicamur.
3064 4715 3138 4769 De
3177 4715 3264 4769 illa
3290 4714 3574 4783 Apostolus
3623 4713 3790 4766 dicit:
3819 4709 3902 4765 Ne
3926 4711 4058 4780 forte

2501 4809 2766 4864 tentaverit
2822 4824 2906 4860 eos
2951 4807 2994 4860 is
3033 4808 3121 4876 qui
3161 4815 3319 4860 tentat
3357 4804 3408 4874 (I
3446 4803 3622 4858 Thess.
3674 4819 3756 4867 In,
3782 4802 3858 4874 5).
3895 4803 4059 4872 igitur

2501 4902 2770 4956 Abraham
2804 4915 2834 4952 a
2874 4898 2982 4953 Deo
3014 4907 3248 4952 tentatus
3274 4908 3376 4961 est,
3409 4905 3466 4951 ut
3493 4897 3830 4966 probaretur,
3861 4891 4058 4961 justiti-

2502 5002 2732 5053 caretur,
2773 5001 3142 5054 coronaretur,
3172 4998 3226 5043 et
3251 4997 3307 5044 ut
3348 4987 3464 5057 ejus
3490 4985 3789 5043 obedientia
3817 4983 3911 5038 tali
3942 4998 4059 5052 pro-

2504 5085 2624 5139 bata
2647 5084 2891 5145 examine
2918 5082 3144 5153 posteris
3173 5082 3544 5134 innotesceret.
3979 5109 3985 5115 ο

2573 5175 2736 5229 Inter.
2782 5173 2905 5228 202.
2936 5174 3007 5227 De
3053 5187 3158 5240 quo
3208 5169 3343 5223 dixit
3371 5163 3556 5240 [Deus]
3593 5161 3820 5218 Abraha:
3849 5179 3861 5214 :
3891 5159 4030 5231 Sape

2503 5284 2661 5320 unum
2689 5267 2956 5327 montium,
2973 5279 3122 5334 quem
3148 5255 3615 5314 monstravere-tibi
3630 5251 3781 5326 (Gen.
3806 5268 3941 5318 nn,
3962 5251 4060 5320 2)?

2501 5387 2570 5397 -—
2611 5355 2762 5426 Resp.
2794 5343 3151 5422 Aiunt[ergo]
3169 5347 3376 5404 Hebrtei
3409 5347 3552 5400 hunc
3579 5351 3808 5426 montem
3834 5355 3974 5404 esse,
4008 5340 4058 5394 in

2503 5461 2608 5516 quo
2657 5425 2841 5514 postea
2896 5442 3148 5512 templum
3191 5436 3462 5493 conditum
3505 5441 3607 5499 est,
3638 5425 3724 5502 [in
3753 5445 3874 5484 area
3914 5444 4058 5483 ιιι-ηπ

2502 5535 2773 5610 Jebusmi].

2574 5607 2750 5700 325'
2770 5625 2931 5680 Inter.
2971 5622 3096 5679 203.
3138 5617 3246 5674 Cur
3271 5618 3323 5673 in
3355 5614 3648 5673 tentatione
3673 5607 3898 5665 Abraha:
3922 5607 4060 5663 Deus

2505 5727 2675 5782 dixit:
2708 5723 2850 5779 Tolle
2886 5722 3054 5790 ﬁlium
3084 5727 3229 5771 tuum
3271 5713 3653 5774 charissimam,
3689 5723 3837 5781 quem
3862 5703 4053 5774 diligis,

2507 5817 2661 5872 Isaac
2704 5812 2854 5885 (Gen.
2884 5825 2994 5872 xst,
3025 5806 3107 5879 1‘2)
3128 5806 3150 5859 ?
3171 5837 3239 5846 —
3263 5804 3418 5873 Resp.
3462 5800 3531 5859 Ut
3557 5814 3623 5856 ex
3665 5791 4055 5862 cliaritatis‘ad-
