4428 6408
219 507 338 575 διδ

808 518 1204 574 EXEGETICA.
1232 548 1302 557 -
1334 510 1702 570 INTERROG.
1745 509 1831 563 ΕΤ
1866 509 2198 564 -ΠΕ5ΡοΝ5.
2240 509 2305 563 IN
2343 507 2557 564 GENES

1056 518 1204 574 I'ICA.
1232 548 1302 557 —-
1334 510 1702 570 INTERROG.
1745 509 1831 563 ΕΤ
1866 509 2198 564 -ΠΕΞΡΟΝ5.
2240 509 2305 563 IN
2343 507 2616 572 GENES.,
2661 507 2805 562 ΕΠΖ.

3282 455 3287 460 ’
3323 500 3444 561 sus

230 631 545 696 monitione,
575 640 628 685 et
657 632 886 685 nominis
920 630 1282 686 recordatione
1319 625 1627 681 tentationis
1651 638 1783 692 pon-
1807 625 1854 680 Δ
1881 629 1937 675 et
1981 623 2035 676 in
2078 624 2287 691 signum
2316 622 2425 677 dati
2461 622 2644 676 arietis
2681 622 2853 678 solent
2897 621 3058 675 etiam
3106 633 3246 672 nunc
3277 634 3442 674 cornu

231 725 335 780 dus
368 723 811 797 accumularetur,
842 733 895 778 et
917 716 1168 793 paternus
1196 723 1419 776 allectus
1449 725 1788 789 torqueretur

229 829 300 868 ex
329 813 584 867 memoria
628 812 1032 880 promissionis:
1063 810 1184 864 cum
1229 818 1351 863 ante
1380 809 1520 862 Deus
1567 806 1788 860 dixisset

231 903 301 956 ad
327 916 447 956 eum
477 918 490 952 :
526 899 593 954 In
619 900 773 954 Isaac
798 901 1063 954 vocabitur
1095 901 1187 952 tibi
1211 916 1401 953 semen.
1442 897 1603 957 Ouasi
1635 894 1783 966 [.Us.,

231 987 378 1061 quia]
402 989 447 1042 si
470 989 556 1042 ille
579 989 928 1053 occideretur,
958 997 1063 1042 tota
1093 1004 1212 1057 spes
1238 986 1604 1055 promissionis
1634 984 1784 1055 [.IIa,

230 1077 668 1149 promissionum]
693 1077 1054 1133 frustraretur.

303 1185 466 1240 Inter.
493 1185 616 1238 205.
667 1186 733 1238 Et
778 1201 874 1240 cur
919 1200 1024 1237 non
1064 1184 1241 1238 statim
1291 1184 1440 1237 licuit
1468 1184 1516 1236 ei
1544 1183 1788 1236 occidere

229 1275 419 1340 ﬁlium,
445 1277 538 1330 sed
561 1275 802 1350 triduana
827 1276 1034 1330 itineris
1057 1290 1224 1338 inora,
1251 1291 1371 1328 eum
1402 1275 1786 1338 immolaturus,

230 1382 414 1422 secum
443 1367 636 1421 ducere
661 1367 842 1435 jussus
865 1368 1061 1421 est?—
1079 1366 1230 1435 Resp.
1261 1365 1531 1432 Quatenus
1561 1366 1790 1432 longitu-

231 1456 356 1511 dine
370 1459 643 1526 tcmporis,
657 1459 964 1512 tentationis
975 1472 1183 1526 quoque
1198 1464 1480 1525 augeretur
1500 1457 1791 1509 incremen-

231 1556 368 1602 tum.
399 1548 529 1602 Nam
553 1562 649 1617 per
668 1545 899 1602 triduum
929 1549 1031 1601 iter
1053 1547 1403 1616 protenditur,
1429 1553 1484 1600 et
1502 1561 1597 1614 per
1618 1554 1788 1599 totum

232 1639 467 1692 triduum
510 1638 872 1693 crescentibus
907 1639 1050 1692 curis
1071 1648 1290 1706 paterna
1313 1639 1517 1708 viscera
1542 1637 1788 1690 crucian-

232 1737 320 1782 tur
349 1745 362 1780 :
393 1737 450 1782 ut
475 1728 650 1783 Omni'
669 1729 770 1782 hoc
796 1728 968 1796 spatio
1011 1737 1118 1781 tam
1145 1729 1354 1796 prolixo
1402 1728 1700 1780 intueretur
1729 1727 1790 1779 li-

219 1819 363 1872 lium
386 1827 554 1886 pater,
582 1820 758 1872 cibum
782 1833 903 1872 cum
935 1833 1000 1872 eo
1028 1827 1282 1881 sumeret,
1310 1827 1368 1870 ut
1390 1816 1512 1889 [tot]
1542 1819 1789 1872 noctibus

231 1923 368 1985 puer
394 1905 650 1978 penderet
690 1908 742 1962 in
787 1907 1115 1982 amplexibus
1154 1909 1338 1977 patris,
1388 1908 1672 1962 inhaereret
1697 1924 1790 1977 pe-

232 1997 392 2064 ctori,
441 1999 704 2053 cubitaret
759 1999 813 2051 in
863 1999 1091 2067 gremio;
1141 2007 1403 2067 quatenus
1449 2013 1544 2066 per
1582 1999 1786 2067 singula

233 2098 502 2144 momenta
538 2088 590 2141 in
619 2096 839 2157 paterno
871 2088 1062 2142 all’ectu
1089 2088 1241 2142 dolor
1276 2088 1550 2142 occidendi
1582 2089 1675 2141 lilii
1703 2105 1792 2143 ac-

232 2181 617 2238 cumularetur.

302 2289 468 2345 Inter.
523 2288 646 2344 ‘205.
704 2289 761 2344 Si
807 2289 1074 2344 Abraham
1125 2289 1486 2342 indubitanter
1536 2297 1590 2341 et
1637 2288 1792 2342 ﬁrmo

230 2379 415 2437 animo
453 2379 724 2448 cogitabat
771 2386 1004 2433 mactare
1027 2393 1250 2446 puerum
1281 2378 1505 2431 Domino
1547 2378 1600 2431 in
1646 2377 1794 2431 holo-

223 2479 501 2534 caustum,
522 2470 650 2539 quid
673 2478 756 2525 est
775 2471 918 2540 quod
942 2470 1075 2524 dixit
1097 2469 1275 2537 pueris
1303 2469 1415 2524 suis
1441 2487 1453 2521 :
1493 2467 1592 2521 Vos
1616 2485 1795 2538 exspe-

221 2575 368 2637 ctate
393 2565 515 2618 hic:
542 2580 633 2633 ego
661 2573 708 2634 et
734 2580 876 2634 puer,
911 2580 1027 2616 cum
1053 2563 1458 2626 adoraeerimus,
1484 2571 1796 2616 revertemur

234 2655 305 2710 ad
333 2672 419 2710 vos
458 2653 609 2726 (Cen.
639 2670 772 2718 xm,
795 2653 975 2724 5)?—
1009 2653 1163 2723 Resp.
1208 2653 1396 2725 [Igitur
1436 2663 1490 2708 et
1532 2654 1795 2708 dubitanti

235 2743 416 2797 animo
465 2755 698 2798 mactare
741 2755 965 2811 puerum
1013 2743 1322 2812 cogitabat,
1367 2752 1422 2798 et
1478 2743 1795 2797 indubitanti

231 2835 417 2888 animo
459 2835 514 2887 in
541 2835 705 2887 Deum
752 2834 1061 2888 resuscitari
1097 2835 1345 2888 credebat
1377 2834 1545 2905 eum]
1594 2835 1796 2888 Idcirco

231 2930 522 2990 utrumque
550 2922 718 2976 laudis
741 2921 892 2993 [Hs.,
916 2921 1212 2994 laudabilis]
1239 2931 1321 2976 est
1346 2932 1400 2976 et
1423 2925 1474 2976 in
1495 2925 1794 2978 constantia

235 3011 515 3076 oﬂ'erendi,
542 3020 597 3065 et
620 3013 672 3065 in
701 3011 805 3066 ﬁde
829 3013 1199 3066 resuscitandi.
1259 3011 1471 3069 Sciebat
1497 3014 1795 3068 certissime

238 3100 408 3154 Deum
450 3098 631 3154 fallere
659 3114 762 3154 non
806 3115 998 3168 posse:
1027 3109 1081 3154 et
1106 3101 1242 3155 licet
1268 3118 1400 3170 puer
1439 3103 1794 3170 occideretur,

233 3192 644 3261 promissionem
690 3200 864 3246 tamen
893 3193 986 3246 Dei
1029 3193 1227 3246 salvam
1271 3209 1602 3262 permanere.
1647 3196 1796 3251 Unde

239 3276 508 3334 etPaulus
535 3280 806 3349 apostolus
833 3295 928 3350 per
951 3281 1206 3349 Spiritum
1237 3294 1478 3337 sanctum
1515 3285 1792 3348 didicerat,
1822 3289 1867 3350 (ζ

239 3370 368 3440 quid
405 3371 570 3424 animi
601 3370 868 3425 habuisset
893 3369 1160 3426 Abraham
1192 3372 1326 3426 intra
1365 3389 1444 3437 se,
1479 3374 1604 3428 dum
1637 3373 1794 3428 ﬁdem

239 3463 357 3533 ejus
403 3464 582 3519 laudat
624 3463 776 3536 [Ms.,
802 3463 1058 3542 laudavit]
1101 3466 1326 3520 dicens:
1373 3465 1500 3521 Fide
1524 3466 1794 3520 Abraham

233 3569 348 3609 non
372 3557 656 3619 haasitavit,
673 3571 794 3609 cum
823 3555 1043 3614 unicum
1060 3554 1293 3619 offerret,
1311 3557 1364 3609 in
1388 3573 1492 3625 (ιιιο
1517 3567 1796 3628 acceperat

239 3645 650 3714 promissionem
671 3643 1320 3716 [Ms.,repromissiones],
1351 3645 1636 3719 [cogitans]
1669 3650 1794 3718 quia

242 3752 272 3790 a
305 3734 532 3790 mortuis
561 3749 682 3788 eum
712 3721 1028 3789 resuscitare
1053 3742 1240 3804 potens
1269 3747 1349 3789 est
1370 3737 1508 3792 Deus
1527 3738 1793 3808 (Romav,

243 3825 356 3899 ρο).

315 3941 476 3994 Inter.
498 3940 619 3994 206.
667 3940 812 3996 Unde
833 3941 974 3996 aries
1000 3941 1118 4004 istc,
1145 3942 1232 4010 qui
1257 3955 1354 4010 pro
1382 3942 1527 3996 Isaac
1551 3941 1796 3997 immola-

239 4037 331 4081 tus
356 4035 440 4081 est
466 4026 617 4094 (Cen.
646 4043 776 4090 un,
802 4029 911 4100 15),
947 4031 1174 4095 venerit,
1192 4031 1325 4085 solet
1351 4032 1517 4100 qua-ri
1549 4049 1562 4084 :
1591 4047 1660 4086 an
1685 4031 1796 4104 [de]

248 4130 392 4172 terra
428 4119 502 4172 ibi
534 4119 711 4172 subito
736 4126 947 4173 creatus
972 4128 1132 4182 esset,
1164 4120 1245 4174 vel
1281 4121 1492 4175 aliunde
1520 4122 1586 4175 ab
1610 4123 1798 4192 angelo

246 4207 560 4264 allatus?—
584 4206 738 4284 Resp.
767 4207 918 4262 Aries
958 4208 1056 4261 iste
1084 4224 1186 4261 non
1231 4209 1500 4277 putativus
1524 4206 1675 4280 μὴ,
1702 4225 1799 4278 pu-

243 4295 436 4368 tatus],
485 4297 577 4351 sed
605 4312 762 4351 verus
788 4312 906 4351 esse
939 4298 1233 4352 credendus
1275 4307 1373 4353 est.
1421 4299 1542 4353 Ideo
1569 4299 1740 4368 magis
1766 4316 1798 4353 a

245 4388 556 4443 doctoribus
582 4388 1144 4453 aestimatur,'aliunde
1193 4403 1313 4442 eum
1360 4390 1604 4459 angelum
1655 4398 1798 4443 attu-

247 4480 396 4542 lisse,
445 4493 605 4546 quam
652 4478 722 4532 ibi
774 4477 841 4533 de
890 4487 1051 4539 terra.
1081 4489 1199 4549 post
1244 4494 1334 4534 sex
1380 4481 1586 4534 dierum
1615 4495 1796 4548 opera,

248 4566 530 4619 Dominum
566 4580 893 4633 procreasse.

320 4675 483 4740 Inter.
512 4675 636 4729 207.
672 4675 846 4741 Quare
873 4674 1152 4744 appellavit
1178 4677 1444 4730 Abraham
1475 4692 1670 4731 nomen
1697 4679 1799 4733 loci

247 4765 432 4820 illius:
459 4764 708 4819 Dominus
729 4765 850 4820 vidit
880 4765 1040 4836 (Ibid.
1065 4766 1254 4835 v.14);
1292 4782 1413 4820 cum
1443 4783 1702 4836 nusquam
1734 4770 1805 4824 sit

252 4856 396 4924 quod
417 4853 674 4908 Dominus
702 4869 806 4908 non
835 4855 1043 4909 videat?
1068 4886 1136 4896 —
1163 4854 1315 4926 Resp.
1362 4854 1499 4909 Vidit
1522 4871 1618 4925 pro
1639 4876 1803 4927 appa-

251 4945 357 4997 ruit
384 4943 555 4999 dixit:
582 4943 682 4998 hoc
708 4953 808 5006 est,
844 4946 1009 5004 videri
1058 4945 1204 5008 fecit,
1233 4949 1371 5002 sicut
1415 4950 1485 5002 ibi
1514 4967 1528 5003 :
1573 4950 1639 5002 Et
1669 4967 1806 5005 nunc

252 5037 465 5109 cognovi
487 5037 607 5106 quia
628 5039 774 5091 times
793 5037 977 5102 Deum,
1011 5040 1064 5094 id
1097 5050 1196 5102 est,
1227 5039 1330 5095 feci
1355 5049 1434 5095 ἰιι
1465 5032 1808 5111 cognoscaris

256 5126 409 5199 μὴ..
434 5134 812 5196 cognoscatur;
845 5126 942 5192 aL,
968 5129 1306 5201 cognoscar],
1340 5145 1406 5184 eo
1433 5146 1628 5200 genere
1655 5132 1805 5186 locu-

255 5219 440 5284 tionis,
469 5217 592 5274 dum
619 5234 715 5288 per
740 5218 1050 5273 eﬂicientem
1090 5219 1420 5290 signiﬁcatur
1445 5221 1497 5274 id
1523 5221 1664 5289 quod
1698 5220 1809 5274 elli—

255 5307 396 5361 citur
423 5323 436 5358 :
462 5307 828 5377 sicutpigrum
862 5305 1026 5377 frigus
1053 5309 1297 5373 dicimus,
1323 5323 1388 5363 eo
1413 5307 1556 5378 quod
1581 5307 1804 5379 [pigros]

257 5395 438 5449 faciat.
473 5394 606 5449 Illud
639 5389 814 5452 autem
860 5399 1002 5467 quod
1031 5399 1162 5454 dixit
1203 5416 1217 5451 :
1271 5397 1421 5453 Unde
1459 5415 1616 5470 usque
1659 5399 1810 5453 hodie

259 5485 452 5538 dicitur
478 5483 728 5539 Dominus
754 5487 806 5540 in
826 5497 1047 5542 montem
1074 5488 1276 5542 videbit.
1313 5487 1515 5542 Exinde
1540 5490 1676 5558 apud
1704 5488 1809 5542 He-

260 5575 435 5629 braeos
462 5576 795 5643 proverbium
822 5578 965 5630 venit
993 5576 1144 5649 [Ms..
1171 5574 1321 5646 exiit]
1348 5586 1406 5632 ut
1435 5578 1487 5630 .si
1517 5579 1728 5646 quando
1756 5579 1808 5631 in

261 5663 507 5734 angustia
535 5665 808 5719 constituti
836 5674 979 5730 sunt,
1011 5664 1108 5738 [et]
1129 5665 1342 5732 Demini
1366 5680 1578 5734 quoque
1621 5673 1809 5735 optant

263 5755 460 5811 auxilio
485 5754 771 5820 sublevari,
794 5756 972 5810 dicant
998 5774 1012 5809 :
1040 5755 1107 5810 In
1132 5766 1301 5810 monte
1327 5755 1576 5809 Dominus
1605 5757 1809 5817 videbit,

265 5845 366 5898 hoc
397 5850 498 5911 est,
540 5842 678 5898 sicut
697 5842 946 5905 “Abrahae,
985 5844 1321 5899 miserebitur
1348 5853 1402 5899 et
1429 5845 1616 5900 nostri.
1661 5845 1811 5899 Unde

1889 713 2156 780 clangere.

1960 804 2124 857 Inter.
2150 803 2273 856 9.08.
2305 804 2527 858 Vocavit
2554 802 2778 874 [autem]
2803 801 3022 870 angelus
3044 801 3252 856 Domini
3276 801 3446 856 Abra-

1888 898 2009 950 ltam
2040 895 2269 949 secundo
2298 895 2364 947 de
2389 895 2525 947 rmlo
2555 894 2738 947 dicens
2767 909 2781 944 :
2813 893 2950 957 Quia
2989 892 3154 960 fecisti
3183 907 3287 946 rem
3308 891 3444 944 lianc

1887 995 1933 1036 et
1973 1000 2073 1035 non
2101 983 2371 1051 pepercisti
2399 982 2512 1048 ﬁlio
2542 992 2628 1032 tuo
2654 982 2914 1049 unigenito
2934 988 3140 1048 prapter
3163 996 3241 1031 me
3261 978 3446 1048 (Ibid.,

1890 1091 1934 1126 r.
1964 1071 2069 1141 l0).
2121 1070 2366 1139 Nunquid
2392 1071 2658 1123 Abraham
2698 1066 2915 1138 propter
2953 1056 3330 1134 anOgclunrnon
3361 1081 3448 1136 pe-

1889 1164 2058 1230 percit
2082 1163 2190 1236 lilio
2220 1178 2337 1225 suo,
2366 1169 2420 1214 et
2449 1177 2552 1214 non
2582 1169 2798 1229 propter
2824 1160 3025 1212 Deum?
3045 1189 3111 1197 —-
3144 1157 3294 1226 Resp.
3323 1156 3449 1228 [Aut

1888 1251 2052 1322 enim]
2102 1251 2270 1318 angeli
2303 1251 2516 1304 nomine
2551 1249 2806 1302 Dominus
2830 1249 3075 1301 (lbristus
3120 1248 3450 1316 signiﬁcatus

1887 1350 1990 1406 est,
2017 1341 2110 1410 qui
2136 1343 2249 1395 sine
2275 1341 2433 1393 dubio
2461 1340 2598 1393 Deus
2623 1347 2723 1399 est,
2755 1353 2807 1391 et
2839 1336 3117 1390 nmnifeste
3138 1353 3165 1387 a
3192 1337 3445 1404 propheta

1890 1435 2064 1487 dictus
2088 1442 2191 1496 est,
2230 1433 2409 1501 magni
2433 1431 2635 1484 consilii
2663 1430 2896 1499 angelus.
2944 1430 3048 1482 Ant
3097 1428 3266 1500 [quia]
3313 1429 3448 1482 Dttlts

1891 1522 2049 1594 [erat]
2076 1524 2128 1576 in
2155 1525 2370 1591 angelo;
2403 1520 2666 1592 et[l:'dit.,
2688 1519 2799 1590 aut]
2824 1535 2887 1574 ex
2914 1536 3141 1589 persona
3170 1520 3261 1573 Dei
3291 1521 3446 1588 auge.

1890 1621 1971 1673 lus
2007 1619 2344 1686 loquebatur,
2388 1617 2527 1670 sicut
2567 1617 2616 1669 in
2656 1615 2930 1683 propbelis
2960 1615 3122 1667 etiam
3153 1615 3263 1666 licri
3294 1612 3446 1666 solet.

1891 1708 2022 1761 Nam
2053 1709 2104 1760 in
2135 1705 2584 1773 consequentibus
2610 1703 2712 1757 hoc
2738 1703 2906 1770 magis
2933 1702 3142 1754 videtur
3171 1713 3450 1769 apparere,

1891 1798 1979 1851 ubi
2003 1797 2227 1866 legitur:
2259 1794 2372 1866 [Et]
2426 1795 2619 1847 vocarit
2669 1792 2882 1860 angelus
2939 1792 3146 1844 Domini
3187 1791 3448 1844 Abraham

1889 1890 2074 1942 iterum
2100 1887 2164 1940 de
2187 1886 2333 1944 caelo,
2359 1885 2534 1939 dicens
2556 1901 2574 1938 :
2600 1881 2703 1938 Per
2727 1884 3073 1953 meinetipsum
3103 1883 3298 1951 jurari,
3323 1881 3449 1934 diri:

1895 1977 2166 2030 Dominus.
2349 1962 2354 1966 ’

1961 2066 2124 2119 Inter.
2172 2066 2297 2119 209.
2343 2065 2478 2132 Quid
2517 2064 2766 2133 estquod
2815 2063 3048 2117 secundo
3091 2065 3155 2114 ad
3183 2061 3449 2115 Abraham

1889 2158 2087 2211 easdem
2125 2166 2178 2210 et
2218 2174 2322 2209 non
2363 2157 2481 2210 alia:
2521 2155 2902 2224 promissiones
2940 2155 3090 2206 facta:
3118 2159 3240 2205 sunt
3265 2149 3449 2219 (lbid.,

1891 2246 2188 2313 v.17)?—
2233 2247 2388 2316 Resp.
2436 2246 2715 2315 Signiﬁcat
2763 2244 2950 2312 duplex
3002 2257 3184 2295 semen
3228 2239 3454 2293 Abrahm

1892 2324 2134 2390 futurum
2156 2351 2294 2395 esse.
2326 2352 2487 2389 unum
2536 2335 2767 2392 carnale.
2817 2335 2960 2386 aliud
3001 2332 3292 2402 spiritu-ale.
3333 2331 3454 2386 lateo

1893 2425 2025 2480 dixit
2052 2426 2099 2478 ei
2126 2425 2380 2478 Dominus
2409 2443 2421 2478 :
2448 2423 2569 2496 [sic]
2600 2425 2701 2477 erit
2727 2438 2906 2477 semen
2931 2433 3101 2485 tuum,
3129 2423 3264 2474 sicut
3290 2419 3454 2473 stella:

1893 2513 2036 2575 cceli,
2063 2522 2118 2566 et
2144 2513 2282 2567 sicut
2306 2526 2468 2567 arena
2498 2513 2662 2566 maris
2689 2529 2700 2562 :
2747 2513 2798 2565 in
2841 2511 3008 2566 stellis
3030 2510 3174 2573 coeli,
3204 2509 3454 2577 spiritua-

1893 2605 2002 2668 les;
2031 2605 2082 2658 in
2108 2619 2270 2658 arena
2300 2604 2486 2667 maris,
2510 2603 2750 2657 carnales
2775 2600 2979 2672 [volens
3010 2600 3230 2670 intelligi
3256 2598 3448 2669 (ﬁdit,

1895 2694 2328 2765 intclligunturﬂ.

1969 2785 2130 2838 Inter.
2161 2785 2285 2837 2l0.
2333 2783 2440 2838 Cur
2467 2781 2655 2854 [enim]
2685 2782 2978 2835 nominavit
3009 2779 3285 2848 Scriptura
3314 2777 3453 2832 ﬁlios

1897 2876 2109 2928 hachor
2153 2872 2335 2926 fratris
2375 2873 2603 2925 Abralne
2654 2871 2840 2941 (Ibid.,
2873 2887 3001 2924 vers.
3031 2869 3166 2938 20)?
3192 2872 3264 2908 -’
3299 2866 3450 2938 Resp.

1896 2965 2029 3032 Quia
2073 2964 2137 3016 de
2181 2962 2303 3023 illis,
2343 2961 2424 3013 vel
2465 2961 2530 3014 de
2576 2960 2787 3013 illorum
2829 2961 2994 3027 stirpe
3021 2958 3220 3027 aliquid
3247 2957 3456 3011 'cclebrc

1896 3064 2078 3124 postea
2108 3061 2313 3122 gestum
2342 3066 2460 3104 esse
2503 3050 2712 3118 legitur.
2744 3050 2926 3117 Itaque
2953 3047 3064 3101 Ilus
3101 3046 3254 3119 llis,
3286 3043 3452 3116 IIbus]

1898 3159 2033 3198 unus
2075 3150 2204 3202 erat,
2247 3142 2311 3193 de
2346 3137 2496 3206 cujus
2537 3141 2700 3207 stirpe
2723 3136 2823 3192 Job
2861 3139 3152 3194 descendit.
3181 3137 3342 3207 326
3367 3134 3458 3193 Sic

1897 3235 2038 3289 enim
2084 3231 2342 3300 scriptum
2387 3237 2467 3282 est
2511 3229 2565 3282 in
2607 3227 2824 3282 exordio
2855 3225 3332 3292 volnminisejus:
3366 3222 3458 3277 Vir

1896 3323 1993 3391 fuit
2021 3324 2232 3374 interra
2262 3318 2375 3372 Ilus
2398 3317 2544 3389 [δίδη
2569 3316 2730 3388 Cltus]
2763 3318 2967 3369 nomine
2986 3315 3105 3368 Job.
3133 3315 3268 3369 Male
3297 3314 3458 3386 igitur

1895 3413 2232 3467 aistimabant
2261 3409 2411 3481 [Ms.,
2439 3408 2730 3479 aestimant]
2777 3397 3012 3476 quidam,
3044 3406 3144 3461 Job
3171 3407 3236 3461 de
3264 3422 3458 3476 genere

1895 3504 2035 3557 Esau
2085 3509 2289 3561 natum.
2343 3499 2396 3553 in
2442 3498 2593 3566 cujus
2634 3511 2830 3567 genere
2875 3507 2957 3550 est
3001 3496 3179 3549 Balam
3210 3493 3453 3572 [Ms.,de

1896 3602 2053 3665 gente
2077 3593 2238 3645 Esau.
2269 3589 2547 3665 Secundus
2588 3595 2715 3642 natu
2759 3595 2842 3640 est
2878 3588 2941 3640 de
2982 3586 3181 3640 .‘lIelcha
3210 3584 3453 3646 Buzi,'ex

1895 3663 2047 3753 cujus
2070 3699 2264 3754 genere
2293 3693 2373 3738 est
2393 3663 2598 3747 Balain,
2619 3679 2750 3752 etc.]
2787 3679 2876 3733 ille
2909 3679 3138 3741 divinus,
3166 3686 3224 3730 ut
3249 3676 3454 3731 IIebrz'ci

1895 3778 2128 3839 tradunt,
2161 3772 2250 3843 qui
2291 3773 2345 3828 in
2383 3771 2519 3824 libro
2545 3769 2645 3823 Job
2671 3768 2867 3823 dicitur
2895 3767 3046 3821 Hellu
3081 3786 3092 3819 :
3117 3768 3349 3836 primum
3371 3766 3455 3816 vir

1895 3874 2113 3920 sanctus
2138 3862 2236 3936 [et]
2264 3862 2521 3932 propheta
2546 3859 2664 3926 Dei,
2697 3867 2876 3930 postea
2908 3873 3002 3929 per
3043 3853 3455 3914 inobedientiam

1896 3967 1949 4012 et
1977 3957 2298 4012 desiderium
2324 3971 2606 4010 munerum
2637 3961 2955 4028 excecatus,
2984 3953 3106 4006 dum
3147 3948 3305 4004 Israel
3334 3963 3447 4000 ma-

1897 4047 2125 4103 ledicere
2149 4047 2327 4116 cmpit,
2354 4045 2518 4099 divini
2540 4043 2796 4098 vocabulo
2825 4049 3178 4110 nuncupatus.
3205 4038 3458 4110 [Dicitur-

1896 4155 2002 4208 que
2029 4141 2082 4193 in
2105 4140 2292 4194 eodem
2321 4137 2460 4193 libro
2492 4154 2505 4189 :
2538 4137 2605 4190 Et
2633 4137 2800 4192 iratus
2827 4134 2978 4187 IIeliu
3010 4132 3150 4186 ﬁlius
3176 4129 3453 4184 Baracbiel

1896 4231 2154 4286 Buzites..
2183 4229 2261 4283 De
2288 4227 2445 4295 hujus
2473 4225 2720 4280 videlicet
2753 4224 2881 4277 ani
2927 4223 3106 4276 radice
3134 4218 3458 4274 descendens

1897 4319 2065 4376 Cham
2105 4318 2193 4372 vel
2233 4324 2388 4385 pater
2434 4313 2550 4383 ejus
2593 4313 2858 4366 Damasci.
2910 4311 3027 4380 Ipsa
3072 4311 3213 4364 enim
3239 4305 3462 4363 vocatur

1897 4410 2063 4473 Aran,
2093 4423 2212 4478 quas
2235 4408 2324 4461 hic
2357 4421 2453 4475 pro
2481 4404 2633 4476 Syria
2668 4403 2864 4472 scripta
2891 4409 3052 4456 estet
3081 4401 3197 4470 ipso
3239 4397 3456 4452 nomine

1900 4501 2095 4570 legitur
2139 4501 2192 4553 in
2233 4498 2390 4552 Isaia.
2430 4496 2626 4551 Caseth
2651 4506 2861 4561 quoque
2885 4492 3113 4560 quartus
3150 4496 3251 4552 est,
3295 4501 3327 4540 a
3351 4501 3460 4556 quo

1704 4641 1710 4646 .
1828 4590 2165 4686 l)Casiadei,
2205 4589 2258 4642 id
2304 4596 2386 4642 est
2429 4584 2680 4648 Chaldaei,
2726 4590 2910 4652 postea
2956 4579 3128 4650 vocati
3154 4585 3315 4633 sunt.
3358 4577 3460 4632 Bac

1904 4680 2074 4744 thuel,
2103 4680 2169 4733 de
2208 4693 2314 4747 quo
2353 4677 2592 4732 Rebecca
2637 4684 2692 4729 et
2717 4675 2896 4729 Laban
2929 4681 3082 4743 pater
3125 4671 3234 4727 Lirc
3275 4668 3460 4726 etBa—

1903 4767 2068 4840 cbel.]
3198 4810 3203 4816 .
3221 4774 3226 4780 ‘
3408 4825 3410 4828 ν

1973 4859 2138 4913 Inter.
2179 4857 2304 4913 2H.
2345 4856 2453 4912 Cur
2493 4870 2597 4910 una
2623 4855 2810 4909 civitas
2831 4851 3042 4906 Ilcbron
3071 4849 3240 4904 tribus
3279 4845 3462 4916 appel-

1904 4949 2010 5004 lata
2055 4956 2138 5004 est
2181 4946 2504 5007 nominibus,
2550 4942 2824 5004 videlicet,
2868 4938 3106 5004 IIebron,
3153 4937 3318 4999 Arbe,
3364 4932 3460 5006 [et]

1905 5039 2143 5094 Mambre
2169 5037 2321 5108 (Gen.
2351 5051 2509 5098 nm,
2539 5033 2594 5102 2)
2615 5033 2638 5085 ?
2658 5063 2724 5072 —
2746 5031 2899 5100 Resp.
2935 5029 3142 5084 Hebron
3169 5024 3399 5100 [civitas]
3430 5041 3460 5079 a

1903 5128 2240 5197 Gigantibus,
2272 5141 2302 5179 a
2333 5125 2526 5192 quibus
2554 5123 2820 5192 quondam
2853 5119 3066 5174 condita
3090 5126 3172 5173 est
3198 5135 3212 5170 :
3252 5122 3307 5170 et
3329 5115 3462 5168 Arbe

1905 5233 1936 5270 a
1965 5231 2210 5278 numero,
2255 5213 2505 5268 videlicet
2547 5220 2794 5281 quatuor,
2835 5208 3018 5281 [habet
3041 5203 3279 5278 nomen],
3321 5205 3461 5273 quod

1907 5307 1978 5360 ibi
2022 5314 2252 5376 quatuor
2273 5306 2592 5376 patriarchae
2637 5301 2827 5372 sepulti
2860 5309 3015 5363 sunt,
3046 5299 3212 5353 Adam
3239 5312 3460 5366 magnus

1908 5399 2123 5452 humani
2169 5397 2382 5467 generis
2405 5404 2584 5465 pater;
2620 5393 2908 5455 Abraham,
2937 5387 3033 5461 [et]
3059 5389 3206 5444 Isaac
3245 5385 3340 5458 [et]
3369 5384 3458 5438 Ja-

1907 5490 2026 5542 cob.
2094 5488 2216 5542 Haec
2261 5486 2447 5540 eadem
2496 5501 2526 5540 a
2571 5485 2801 5555 quodam
2854 5480 3145 5534 amicorum
3191 5475 3457 5530 Abraham

1913 5579 2143 5631 Membro
2169 5585 2357 5631 vocata
2383 5584 2484 5629 est.

1980 5665 2142 5718 Inter.
2170 5664 2293 5718 2l2.
2337 5660 2645 5736 [Quaeritur]
2673 5660 2798 5729 quid
2841 5654 3105 5727 signiﬁcat
3129 5651 3270 5723 quod
3292 5653 3462 5707 Abra-

1909 5755 2031 5808 ham
2059 5768 2222 5822 puero
2249 5769 2345 5807 suo
2374 5753 2500 5807 dicit
2524 5749 2698 5804 :I'one
2716 5762 2924 5802 manum
2954 5753 3095 5796 tuam
3123 5758 3275 5811 super
3293 5740 3459 5807 femur

1910 5859 2097 5905 meum,
2127 5853 2172 5894 et
2209 5844 2335 5912 jura
2363 5857 2451 5909 per
2473 5840 2746 5894 Dominum
2775 5838 2936 5891 Deum
2987 5835 3094 5890 cali
3126 5833 3275 5904 (Cen.
3311 5845 3458 5892 utr,
