4428 6450
805 531 907 586 547

1647 524 1705 578 Β.
1744 521 1806 578 F.
1848 521 2070 577 ALBlNl
2108 519 2239 576 SEU
2278 516 2865 574 Αιοιῑιλτορεκωι
2903 514 3082 570 PARS
3117 515 3177 570 Π.

3923 515 4037 572 548

806 641 1186 714 LBV-Resp.
1209 639 1447 694 Tradunt
1471 636 1676 692 Hebrzei
1695 635 1837 706 quod
1864 636 1918 690 in
1941 633 2360 688 sanctiﬁcatione
2390 635 2434 690 Α
2461 625 2639 702 uxor].
2688 627 2752 683 Et
2804 630 2883 684 sic
2928 629 3139 684 videtur
3179 626 3426 700 [depositi
3461 625 3598 701 jam]
3641 627 3873 698 Abraha:
3900 639 4047 682 tetas

805 734 940 804 ejus,
970 733 1074 788 hoc
1107 742 1188 786 cst
1233 728 1660 792 circumcisione,
1700 726 1983 795 juraverit.
2031 724 2136 778 Sed
2181 723 2372 778 melius

806 819 1205 892 intelligendum
1231 826 1314 873 est
1333 816 1544 884 iurasse
1574 817 1627 871 in
1658 815 1862 870 semine
1886 813 2134 877 Abrahaa,
2164 812 2264 866 hoc
2290 820 2373 866 est

804 912 1038 967 Christo.
1081 909 1215 976 Quia
1262 909 1376 978 ipse
1399 907 1653 962 Dominus
1679 907 1820 960 Deus
1851 904 1970 958 coeli
2007 904 2061 957 in
2107 917 2168 956 ea
2212 917 2373 955 carne

805 1009 918 1054 tum
964 1007 1222 1053 venturus
1266 1005 1403 1054 erat.
1455 1011 1572 1064 qum
1609 997 1675 1050 de
1717 995 1812 1049 illo
1851 993 2052 1049 femore
2085 1002 2372 1062 propagata

808 1096 913 1142 εει.
971 1097 981 1107 ’

885 1177 1043 1232 Inter.
1084 1175 1205 1232 213.
1238 1175 1513 1243 Quomodo
1560 1189 1747 1229 servus
1778 1172 2006 1227 Abrahae
2033 1172 2086 1225 in
2116 1171 2374 1240 petitione

807 1267 948 1336 signi
979 1266 1345 1337 augurationis
1370 1265 1501 1318 vitio
1529 1262 1823 1332 culpandus
1847 1276 1949 1315 non
1971 1268 2052 1314 est
2078 1259 2230 1329 (vers.
2252 1258 2376 1328 li)?

810 1356 1054 1426 -Resp.
1099 1355 1255 1414 Aliud
1288 1362 1370 1409 est
1417 1352 1605 1425 [enim]
1664 1352 1858 1406 mirum
1919 1349 2121 1419 aliquid
2169 1358 2373 1418 petere,

805 1445 952 1514 quod
985 1446 1100 1513 ipso
1128 1438 1384 1498 miraculo
1411 1441 1744 1512 signiﬁcatur
1791 1438 1945 1511 [Ms.,
1972 1439 2109 1507 quod
2136 1453 2232 1506 pro
2263 1439 2376 1506 ipso

812 1539 1074 1594 miraculo
1107 1538 1314 1608 signum
1344 1534 1466 1607 sit];
1499 1535 1642 1590 aliud
1668 1543 1774 1606 [est
1795 1530 1978 1603 etiam]
2004 1532 2265 1585 humanos
2291 1546 2374 1584 er-

813 1642 966 1682 rores
1013 1626 1378 1696 superstitiosa
1405 1624 1640 1678 vanitate
1676 1623 1729 1676 in
1768 1621 2040 1689 auspiciis,
2071 1619 2376 1689 auguratio-

809 1717 974 1773 nibus
997 1715 1094 1789 [et]
1117 1713 1530 1771 divinationibus
1571 1714 1876 1767 observare.
1930 1710 2183 1776 Quaedam
2229 1709 2374 1763 enim

766 1813 771 1818 '
815 1804 1164 1877 pacta‘[Ms.,
1190 1803 1352 1876 facta]
1379 1811 1504 1858 sunt
1547 1801 1822 1856 diabolicae
1873 1799 2271 1860 familiaritatis,
2322 1806 2377 1851 et

815 1912 924 1952 non
969 1896 1084 1951 sine
1121 1895 1306 1967 grandi
1353 1901 1574 1964 peccato
1613 1893 1764 1957 ﬁunt,
1809 1893 2021 1962 quando
2049 1892 2200 1946 ﬁunt.
2245 1891 2377 1945 Illud

2473 719 2735 783 excusari,
2762 734 2830 773 ne
2853 734 3017 774 senex
3052 725 3174 790 post
3197 725 3422 773 mortem
3451 719 3634 774 uxoris
3660 719 3850 774 vech
3877 721 4049 772 novis

2473 808 2672 876 nuptiis
2723 816 2979 875 arguatur
3021 807 3311 880 lascivisse.
3363 805 3596 879 [Fertur]
3646 823 3856 878 quoque
3911 809 4049 877 quia

2476 899 2565 954 lilii
2588 898 2834 962 Abrahzc,
2859 901 2948 970 qui
2977 901 3026 954 ei
3049 900 3114 955 de
3136 899 3364 954 Cethura
3405 903 3510 956 nati
3538 909 3684 963 sunt.
3709 901 4045 974 [occupave—

2444 999 2600 1044 orunt
2643 999 2844 1045 terram
2891 1008 3011 1060 qua:
3053 991 3248 1046 Arabia
3279 1000 3514 1055 vocatur,
3547 1009 3716 1063 usque
3758 995 3824 1048 ad
3869 996 4049 1049 maris

2464 1080 2664 1152 Rubri]
2703 1081 2899 1134 littora.
2930 1081 3134 1134 Dicitur
3164 1090 3341 1135 autem
3373 1097 3509 1137 unus
3530 1098 3593 1135 ex
3619 1085 3844 1153 posteris
3865 1084 4048 1138 Abra—

2475 1172 2572 1230 hm,
2597 1171 2688 1240 qui
2736 1171 3033 1240 appellatur
3053 1172 3216 1226 Asser
3261 1169 3410 1242 [.lls.,
3433 1174 3797 1242 appellabatur
3818 1173 4046 1246 Assur].

2475 1260 2689 1314 duxisse
2727 1261 2983 1314 adversus
3024 1259 3227 1314 Lubian
3275 1257 3426 1330 [ills.,
3469 1261 3670 1333 Laban]
3716 1263 4046 1324 exercitum,

2474 1357 2530 1402 et
2557 1349 2629 1404 ibi
2658 1349 2881 1404 devictis
2907 1349 3151 1403 hostibus
3176 1349 3498 1415 consedisse,
3529 1349 3747 1421 cinisque
3787 1361 4045 1423 posteros

2475 1456 2540 1494 ex
2569 1439 2783 1495 nomine
2801 1441 2954 1493 Atavi
2977 1438 3212 1494 Africam
3251 1457 3602 1511 nuncupasse.
3651 1442 3796 1498 Alios
3821 1459 4047 1513 quoque

2476 1527 2612 1583 ﬁlios
2638 1528 2864 1582 Abrahte
2893 1544 2958 1582 cx
2986 1529 3217 1584 Cethura
3266 1546 3554 1600 occupasse
3581 1530 3761 1598 Judca:
3790 1534 4044 1602 regiones

2477 1615 2625 1688 [Ms..
2658 1617 2867 1672 Indiam
2902 1618 3196 1691 regionem]
3225 1621 3538 1674 aestimatur.

2546 1707 2708 1762 Inter.
2735 1708 2857 1762 (ΗΟ.
2887 1709 3160 1775 Quomodo
3183 1712 3428 1782 convenit
3456 1711 3681 1766 Abraha:
3711 1720 3816 1764 tam
3844 1722 4046 1765 sancto

2476 1797 2592 1850 viro
2633 1797 2773 1866 quod
2812 1798 3007 1851 dicitur
3043 1813 3057 1850 :
3110 1798 3174 1852 Et
3216 1799 3455 1868 deﬁciens
3490 1812 3719 1854 mortuus
3760 1810 3833 1854 est
3879 1799 4040 1872 (Gen.

2478 1904 2601 1953 xxv,
2634 1888 2723 1958 8)?
2753 1915 2820 1928 -—-
2846 1888 3000 1958 Resp.
3026 1889 3084 1943 In
3123 1889 3345 1945 llebrzeo
3369 1895 3474 1946 non"
3506 1893 3730 1947 habetur
3771 1893 4042 1961 deﬁciens.

820 1986 981 2058 igitur
1025 1986 1267 2055 superius
1307 1983 1578 2053 petitionis
1623 1998 1789 2053 genus
1826 1982 2191 2052 comprobatio
2225 1981 2377 2053 [Ms.,
2413 1973 2455 2034 Β
2482 1979 2574 2034 sed
2604 1994 2631 2032 a
2663 1978 3004 2048 Septuaginta
3029 1980 3408 2048 luterpretibus
3438 1982 3670 2037 additum
3697 1993 3794 2037 est.

818 2075 1151 2144 computatio
1176 2072 1319 2144 ﬁlei]
1359 2089 1450 2126 seu
1501 2073 1804 2142 coniunctio
1832 2073 1952 2128 ﬁdei
1977 2080 2058 2127 est
2091 2074 2156 2127 ad
2183 2073 2376 2137 Deum;

823 2167 930 2221 hoc
951 2165 1216 2236 posterius
1241 2164 1566 2218 inﬁ.‘.clitatis
1588 2163 1892 2232 conjunctio
1931 2163 1997 2217 ad
2022 2162 2309 2217 diabolum.

891 2252 1055 2308 Inter.
1079 2253 1202 2305 ΞΗ.
1228 2251 1363 2318 Quid
1387 2255 1506 2317 hoc,
1530 2254 1900 2322 proﬁciscente
1921 2253 2158 2307 Rebecca
2187 2271 2199 2305 :
2221 2251 2384 2306 Soror

819 2351 1000 2395 nostra
1030 2358 1104 2404 es,
1152 2359 1350 2395 crescas
1394 2343 1447 2394 in
1489 2343 1656 2396 millia
1696 2343 1913 2395 millium
1955 2353 2002 2395 et
2031 2344 2382 2397 ha'reditatem

824 2433 1045 2486 obtineat
1085 2431 1230 2494 [.‘lls.,
1257 2430 1538 2504 possideat]
1565 2438 1732 2486 semen
1765 2443 1909 2484 tuum
1936 2443 2111 2501 portas
2143 2434 2381 2486 inimico-

825 2539 940 2576 rum
961 2539 1173 2577 suorum
1204 2523 1354 2593 (vers.
1379 2523 1504 2591 60)?
1540 2522 1675 2577 Num
1701 2525 1970 2592 propheta:
2000 2523 2234 2588 fuerunt,
2259 2525 2382 2593 quia

828 2610 980 2682 [Ms.,
1007 2611 1121 2684 qui]
1157 2612 1258 2666 hoc
1283 2613 1532 2682 dixerunt
1561 2615 1700 2682 quod
1747 2614 1797 2676 in
1839 2613 2017 2668 futuro
2060 2613 2256 2667 factum
2302 2623 2385 2670 est

829 2702 982 2775 [Δίκη
1027 2705 1164 2773 quod
1218 2703 1449 2759 futurum
1481 2706 1676 2760 factum
1719 2705 2037 2776 fuerat]?—
2079 2706 2231 2777 Resp.
2270 2707 2384 2761 Non

826 2795 1102 2863 propheta:
1145 2793 1382 2860 fuerunt,
1426 2802 1516 2848 aut
1546 2797 1782 2849 vanitate
1819 2804 1922 2848 tam
1962 2811 2149 2864 magna
2175 2806 2388 2864 optave-

830 2892 978 2948 runt,
1006 2885 1098 2938 sed
1129 2897 1240 2947 eos,
1275 2899 1392 2954 qme
1422 2886 1740 2956 promiserat
1771 2886 1911 2940 Deus
1945 2886 2192 2950 Abrahze,
2223 2886 2388 2942 latere

832 2989 938 3026 non
967 2981 1271 3042 potuerunt.
1294 3016 1296 3018 τ

903 3061 1067 3117 Inter.
1114 3063 1236 3116 ειδ.
1290 3063 1418 3129 Quae
1468 3073 1549 3119 est
1599 3067 1909 3120 exercitatio
1957 3066 2119 3129 Isaac,
2171 3083 2273 3137 qua
2333 3082 2390 3122 se

834 3171 1089 3212 exercere
1137 3157 1330 3211 dicitur
1365 3157 1416 3210 in
1462 3172 1649 3226 campo
1675 3158 1740 3211 ad
1767 3173 2040 3227 vesperam
2083 3157 2240 3228 (vers.
2265 3157 2391 3229 63)?

835 3277 902 3288 ο-
926 3247 1080 3318 Resp.
1114 3247 1391 3318 Signiﬁcat
1433 3247 1654 3322 [autem]
1706 3249 1792 3302 illa
1835 3251 2152 3305 exercitatio
2191 3252 2390 3307 oratio—

836 3353 959 3392 nem
986 3309 1039 3401 ,'
1073 3309 1362 3393 secundum
1420 3309 1549 3394 illud
1614 3309 1755 3409 quod
1798 3339 2042 3396 Christus
2084 3342 2279 3410 orabat
2335 3343 2388 3398 in
2417 3309 2463 3372 Ο

837 3434 1052 3480 monte:
1092 3427 1338 3482 utetiam
1369 3427 1492 3483 hinc
1533 3427 1679 3483 Isaac
1705 3439 1886 3501 typum
1914 3430 2122 3485 Domini
2168 3432 2392 3500 gesserit

837 3516 988 3585 (vers.
1021 3516 1133 3588 62).

908 3605 1070 3660 Inter.
1100 3606 1221 3660 216.
1245 3606 1375 3673 Quae
1399 3617 1481 3663 est
1505 3609 1594 3664 illa
1621 3617 1762 3688 terra
1786 3609 1986 3674 Austri,
2013 3611 2100 3665 ubi
2121 3611 2394 3668 habitabat

835 3695 1008 3761 Isaac,
1037 3707 1334 3752 revertente
1372 3714 1526 3754 servo
1567 3687 1736 3770 patris
1770 3702 1850 3755 sui
1883 3717 2004 3756 cum
2031 3702 2393 3758 Rebecca?—

841 3786 994 3854 Resp.
1045 3785 1229 3858 [Terra
1257 3785 1459 3861 Austri]
1506 3789 1769 3860 signiﬁcat
1816 3799 2014 3846 terram
2058 3791 2200 3846 illam
2240 3793 2391 3864 [Ms.,

839 3876 1064 3948 Gcrara]
1110 3876 1248 3932 unde
1293 3893 1323 3932 a
1351 3888 1503 3948 patre
1550 3881 1617 3934 ad
1648 3880 2027 3936 immolandum
2075 3881 2391 3955 [quondam]

839 3965 1012 4020 fuerat
1039 3968 1297 4021 adductus
1323 3967 1475 4031 (vers.
1505 3969 1616 4024 65l.

843 4132 851 4138 _
912 4074 1078 4129 Inter.
1112 4075 1236 4129 2l7.
1287 4075 1422 4143 Quid
1468 4086 1552 4133 est
1598 4080 1930 4148 theristrum,
1959 4100 2064 4154 quo
2105 4103 2161 4142 se
2189 4091 2396 4157 operuit

842 4161 1211 4218 Rebecca?—-
1249 4163 1402 4237 Resp.
1449 4167 1599 4242 Pallii
1648 4184 1814 4238 genus
1855 4181 1951 4235 est,
1987 4184 2044 4228 ut
2085 4192 2226 4232 nunc
2273 4188 2396 4232 sunt

736 4295 769 4340 ο.
811 4250 1068 4311 ,Arabica
1111 4255 1423 4310 vestimenta
1458 4256 1607 4328 μὴ,
1650 4262 1920 4316 teristrum
1941 4265 2155 4334 pallium
2180 4269 2393 4335 dicitur,

841 4355 1010 4410 genus
1037 4343 1195 4396 etiam
1229 4359 1370 4424 nunc
1393 4345 1607 4401 Arabici
1651 4352 2000 4424 vestimenti],
2045 4358 2236 4424 quibus
2282 4375 2398 4412 mu-

842 4430 1000 4485 lieres
1022 4432 1308 4499 provincir‘e
1324 4423 1476 4489 illius
1500 4435 1763 4492 velantur.

910 4518 1074 4582 Inter.
1115 4522 1237 4578 2l8.
1271 4523 1378 4579 Cur
1401 4525 1670 4582 Abraham
1710 4538 1830 4598 post
1858 4534 2174 4600 promissum
2207 4538 2307 4593 sibi
2346 4549 2400 4594 et

841 4617 1026 4666 natum
1054 4610 1223 4677 Isaac,
1253 4613 1304 4666 in
1333 4629 1436 4682 quo
1459 4616 1509 4669 ei
1536 4618 1901 4689 multiplicatio
1929 4625 2115 4694 prolis,
2145 4636 2200 4682 et
2233 4611 2401 4684 bene:
2424 4636 2470 4694 ι)

843 4699 1007 4755 dictio
1038 4703 1272 4771 gentium
1306 4705 1567 4770 promissa
1594 4714 1674 4761 est
1707 4724 1736 4762 a
1767 4711 1894 4774 Deo,
1925 4714 2081 4768 aliam
2109 4717 2272 4771 voluit
2301 4719 2396 4773 du-

846 4802 968 4877 cere
1018 4805 1234 4877 uxorem
1279 4790 1434 4862 (Gen.
1465 4809 1585 4859 xxv,
1611 4795 1800 4866 l)?——
1828 4798 1980 4870 Resp.
2031 4803 2144 4859 Non
2177 4817 2397 4877 propter

846 4874 1319 4944 incontinentiam,
1341 4896 1459 4935 cum
1483 4881 1596 4950 jam
1623 4895 1763 4940 esset
1791 4892 2135 4958 grandaevus;
2174 4874 2397 4952 scd—sic-

844 4970 902 5017 ut
937 4963 1080 5032 Agar
1119 4972 1172 5018 et
1209 4965 1397 5021 lsmael
1439 4972 1742 5040 signiﬁcant
1793 4979 2035 5037 carnales
2065 4982 2270 5040 Veteris
2298 4986 2398 5042 Te-

843 5055 1121 5119 stamenti;
1155 5054 1235 5110 sic
1260 5055 1489 5113 Cethura
1517 5069 1570 5114 et
1595 5063 1688 5118 ﬁlii
1710 5065 1823 5133 ejus
1860 5067 2160 5141 signiﬁcant
2189 5074 2397 5132 btereti-

845 5158 956 5206 cos,
979 5145 1068 5212 qui
1104 5161 1162 5209 se
1188 5145 1253 5200 ad
1278 5145 1479 5202 Novum
1502 5149 1897 5211 Testamentum
1923 5162 2186 5228 pertinere
2215 5167 2396 5220 existi-

847 5240 1011 5284 mant.
1058 5232 1162 5290 Sed
1208 5247 1449 5306 utraeque
1489 5245 1799 5301 concubina:
1839 5246 2116 5316 dicuntur;
2148 5255 2226 5308 sic
2252 5257 2394 5314 enim

845 5321 1041 5375 dicitur
1085 5321 1281 5381 :Filiis
1345 5326 1564 5402 [autem]
1608 5336 2011 5401 concubinarum
2058 5337 2278 5410 largitus
2323 5355 2396 5398 est

848 5425 1059 5465 munera
1088 5411 1238 5482 (vers.
1256 5414 1330 5484 6).
1362 5417 1483 5472 Sola
1519 5418 1680 5474 Sarra
1711 5438 1844 5478 uxor
1873 5441 2082 5497 semper
2110 5440 2346 5486 vocatur.

915 5500 1407 5572 lnter.219.——Qu:e
1423 5523 1504 5564 est
1518 5511 1663 5584 [ista]
1682 5512 1932 5580 Cethura,
1959 5528 2052 5573 aut
2072 5521 2210 5574 unde
2235 5538 2398 5592 genus

848 5590 1000 5646 duxit
1019 5592 1169 5665 [Μελ
1194 5597 1452 5671 ducens]?
1469 5631 1539 5641 —
1559 5601 1710 5674 Resp.
1740 5604 1992 5677 [Cethura
2022 5590 2401 5679 interpretatur

849 5682 1112 5751 copulata,
1144 5696 1234 5740 aut
1263 5688 1471 5755 vincta;
1510 5705 1667 5758 quam
1699 5694 1767 5748 ob
1797 5695 2034 5766 causam]
2064 5702 2402 5768 suspicantur

851 5769 1056 5830 Βεδτωί
1080 5774 1237 5844 327
1257 5779 1493 5834 eamdem
1519 5796 1638 5836 esse
1660 5782 1801 5851 Agar
1819 5802 1957 5854 quae,
1985 5787 2146 5842 Sarra
2173 5802 2398 5854 mortua,

850 5876 915 5914 es
970 5865 1261 5917 concubina
1316 5869 1583 5923 transierit
1633 5871 1682 5923 in
1731 5888 1948 5930 uxorem
2005 5877 2137 5948 [AI.,
2170 5878 2304 5935 facta
2333 5883 2400 5937 sit

2553 2068 2580 2122 Ι
2586 2079 2715 2122 nter.
2743 2069 2862 2122 221.
2901 2070 3036 2135 Quid
3065 2069 3187 2142 [est]
3212 2071 3351 2139 quod
3378 2072 3564 2142 plenus
3585 2073 3783 2127 dierum
3808 2074 4005 2128 dicitur
4022 2077 4044 2116 τ

2481 2190 2549 2199 —
2577 2159 2728 2229 Resp.
2757 2158 2908 2226 Quod
2929 2160 3062 2213 lucis
3087 2169 3140 2214 et
3161 2161 3263 2215 diei
3290 2155 3536 2229 opelibus
3564 2161 3748 2231 plenus
3777 2165 4044 2217 occubue-

2483 2252 2570 2304 rit.

2552 2340 2715 2394 Inter.
2748 2337 2870 2394 292.
2901 2340 3037 2407 Quid
3071 2350 3152 2396 est
3179 2343 3320 2410 quod
3362 2343 3490 2397 dicit
3524 2343 3794 2414 Scriptura
3823 2345 3888 2399 dc
3921 2347 4050 2400 ﬁliis

2481 2429 2671 2484 lsmael
2697 2448 2709 2482 ε
2741 2429 3113 2485 Ηαόιιαυενιιηι
3144 2431 3206 2484 ab
3230 2431 3381 2485 Ebila
3405 2449 3561 2502 usque
3586 2435 3653 2486 ad
3681 2433 3807 2499 Sur,
3832 2453 3949 2505 qum
3972 2451 4046 2489 Μ

2481 2534 2662 2576 contra
2688 2523 2874 2592 faciem
2914 2523 3126 2594 .Egypti
3165 2525 3315 2590 (vers.
3347 2524 3468 2592 18)?
3498 2552 3566 2564 -—
3614 2523 3763 2595 Resp.
3793 2527 3944 2582 Ebila
3965 2542 4049 2580 est

2483 2615 2630 2685 regio
2655 2630 2814 2684 quam
2839 2614 3156 2668 circumfluit
3183 2613 3332 2685 [Hs.,
3353 2613 3562 2686 circuit]
3587 2615 3778 2670 Phison
3800 2632 3862 2669 ex
3886 2632 4047 2685 para-

2483 2705 2600 2760 diso
2641 2704 2830 2768 ﬂuens,
2863 2705 3002 2759 dicta
3044 2720 3076 2758 a
3116 2703 3343 2772 quodam
3388 2705 3534 2760 Ebila
3582 2715 3768 2775 nepote
3810 2705 3960 2762 Noe:
3995 2718 4049 2761 ct

2485 2803 2566 2849 est
2595 2793 2826 2849 solitudo
2853 2803 3038 2850 contra
3080 2794 3268 2850 faciem
3306 2794 3542 2866 Egypti.
3590 2795 3694 2850 Sur
3725 2812 3933 2866 quoque
3969 2811 4050 2852 est

2487 2884 2714 2942 solitudo
2743 2885 2884 2940 inter
2910 2885 3079 2940 Cades
3120 2896 3174 2940 et
3203 2886 3404 2951 Barad,
3449 2887 3740 2941 extendens
3783 2889 4045 2943 desertum

2487 2992 2656 3046 usque
2681 2977 2746 3030 ad
2775 2989 2923 3029 mare
2951 2975 3190 3030 Rubrum
3218 2985 3272 3030 et
3299 2975 3515 3046 Egypti
3545 2976 3791 3032 conﬁnia.

2560 3066 2722 3120 Inter.
2751 3067 2874 3120 2‘23.
2909 3065 3045 3131 Quid
3068 3075 3151 3120 est
3175 3062 3315 3136 quod
3339 3067 3532 3121 dicitur
3556 3068 3621 3122 de
3647 3067 3864 3122 lsmaele
3891 3067 4043 3139 (sets.

2492 3156 2598 3229 16),
2627 3159 2767 3227 quod
2804 3158 3082 3213 duodecim
3113 3166 3418 3228 generasset
3454 3158 3735 3227 principes,
3767 3160 3848 3214 vel
3884 3161 4048 3216 duces

2492 3245 2604 3317 [qui
2626 3248 2930 3318 regionibus
2952 3248 3033 3302 vel
3059 3249 3303 3302 tribubus
3324 3248 3537 3303 nomina
3562 3248 3817 3304 dederunt
3837 3248 4046 3321 (omissa

2492 3339 2547 3391 in
2584 3337 2869 3409 ms.)]?-—-—
2897 3338 3050 3409 Resp.
3098 3339 3371 3408 Signiﬁcat
3414 3341 3554 3408 quod
3595 3340 3785 3411 singuli
3824 3341 4045 3397 ﬁliorum

2491 3430 2730 3484 lsmaelis
2756 3429 3084 3501 [regionibus
3112 3431 3196 3484 vel
3222 3431 3466 3487 tribubus
3496 3433 3709 3486 nomina
3747 3431 4044 3505 dederunt].

2491 3534 2520 3573 e
2547 3519 2738 3587 quibus
2769 3520 3155 3588 primogenitus
3181 3519 3294 3588 ejus
3333 3519 3434 3574 fuit
3474 3519 3737 3575 Nabaioth
3764 3519 3910 3592 [Ms.,
3940 3521 4031 3575 Na-

2491 3608 2682 3672 baoth;
2732 3609 2828 3673 aL,
2873 3608 3160 3680 Nabeoth].
3222 3625 3251 3662 a
3285 3625 3391 3679 quo
3434 3610 3607 3665 omnis
3649 3611 3793 3681 regio
3832 3612 3898 3664 ab
3939 3612 4044 3666 Eu.

2492 3700 2682 3768 phrate
2705 3700 2770 3753 ad
2796 3714 2942 3754 mare
2968 3699 3205 3754 Rubrum
3231 3690 3537 3755 Nabathena
3583 3715 3749 3771 usque
3773 3702 3928 3756 hodie
3965 3703 4045 3756 di-

2493 3793 2652 3854 citur,
2679 3807 2797 3862 quae
2835 3807 2959 3862 pars
2983 3801 3064 3846 est
3095 3792 3323 3846 Arabiae.
3370 3790 3501 3844 Nam
3534 3800 3589 3844 et
3629 3790 3840 3846 familiae
3866 3806 4043 3846 eorum

2493 3883 2791 3952 oppidaque
2813 3891 2865 3935 et
2888 3883 3008 3952 pagi
3033 3898 3094 3935 ac
3117 3883 3315 3935 munita
3341 3879 3580 3945 castella,
3601 3889 3655 3935 et
3676 3881 3846 3935 tribus
3863 3881 4042 3935 horum

2493 3972 2845 4042 appellatione
2882 3971 3237 4025 celebrantur.
3281 3969 3363 4024 Ab
3390 3986 3495 4026 uno
3524 3985 3590 4025 ex
3629 3970 3713 4025 his
3751 3969 3952 4026 Cedaar
3993 3971 4042 4024 in

2495 4064 2727 4127 deserto,
2758 4065 2993 4118 Eoduma
3023 4064 3122 4118 alia
3153 4064 3315 4134 regio,
3347 4073 3400 4119 et
3433 4064 3697 4119 Remanea
3732 4065 3882 4138 [Hs.,
3908 4066 4041 4120 The-

2497 4155 2674 4228 mana]
2707 4158 2771 4210 ad
2807 4167 3046 4210 austrum
3081 4166 3132 4211 et
3167 4156 3393 4212 Cedema
3432 4147 3501 4211 ad.
3531 4157 3800 4214 Orientem
3838 4159 4038 4214 dicitur.

2567 4248 2728 4301 Inter.
2743 4247 2866 4316 224.
2891 4247 3026 4312 Quid
3043 4257 3130 4301 est
3148 4248 3287 4316 quod
3307 4248 3500 4302 dicitur
3518 4249 3582 4303 de
3598 4250 3779 4304 eodem
3802 4248 4040 4302 lsmaele:

2497 4336 2684 4390 Coram
2721 4336 2955 4389 omnibus
2986 4335 3234 4405 fratribus
3253 4338 3362 4390 suis
3387 4337 3512 4390 obiit
3535 4336 3685 4407 (vers.
3712 4337 3832 4398 li]?
3851 4337 3929 4390 vel
3956 4339 4040 4405 qui

2497 4434 2620 4478 sunt
2657 4424 2881 4479 fratrum
2925 4426 3139 4480 nomine
3175 4425 3302 4480 dicti
3331 4423 3480 4496 [Δίκη
3511 4424 3756 4497 censiti]?
3789 4455 3856 4465 -——
3897 4425 4038 4497 Resp.

2496 4516 2552 4570 ld
2579 4524 2680 4580 est,
2704 4517 2757 4570 in
2787 4517 3030 4572 manibus
3051 4517 3287 4573 omnium
3313 4517 3597 4572 liberorum
3626 4516 3774 4590 [Ms.,
3803 4518 4037 4590 ﬁliorum]

2496 4619 2711 4659 suorum
2739 4613 2982 4660 mortuus
3022 4615 3124 4673 est,
3166 4606 3542 4676 superstitibus
3580 4607 3826 4662 omnibus
3849 4609 4035 4671 liberis,

2496 4704 2550 4750 et
2577 4694 2720 4749 nullo
2765 4697 2910 4764 prius
2960 4705 3132 4752 morte
3165 4705 3447 4765 praerepto.
3495 4696 3711 4753 Fratres
3748 4684 3917 4754 autem
3949 4715 4038 4768 pro

2497 4787 2620 4841 ﬁliis
2653 4787 2931 4856 appellari,
2957 4787 3023 4842 ad
3045 4785 3210 4842 Iacob
3238 4787 3421 4842 Laban
3461 4788 3788 4843 demonstrat
3832 4790 4031 4845 dicens:

2460 4901 2464 4906 ι
2497 4873 2733 4927 Ponatur
2771 4880 2945 4927 coram
2985 4875 3257 4946 [fratribus
3289 4877 3416 4932 meis
3439 4877 3509 4950 et]
3553 4878 3799 4948 fratribus
3836 4882 3952 4933 tuis.
3987 4892 4036 4934 st

2486 4964 2722 5032 judicent
2745 4964 2879 5018 inter
2908 4982 3002 5018 nos
3031 4963 3182 5037 (Gen.
3213 4983 3362 5032 xxxx,
3385 4968 3496 5038 37).
3526 4969 3633 5026 Nec
3658 4973 3802 5026 enim
3828 4972 4034 5041 legimus

2495 5053 2627 5108 alios
2662 5052 2855 5110 fratres
2879 5054 3043 5110 Iacob
3069 5056 3141 5111 ibi
3167 5057 3384 5124 habere,
3419 5059 3655 5128 exceptis
3680 5061 3857 5117 liberis
3879 5061 4000 5114 suis.

2565 5164 2729 5219 Inter.
2746 5165 2870 5221 225.
2895 5167 3166 5234 ραετίιιιι·
3187 5185 3294 5239 quo
3314 5170 3439 5224 ierit
3462 5170 3698 5226 Rebecca
3725 5172 4035 5248 interrogare

2497 5256 2800 5320 Dominum,
2830 5273 2952 5311 eum
2977 5259 3182 5326 parvuli
3211 5258 3370 5332 [ejus]
3402 5260 3454 5314 in
3482 5263 4032 5325 utem'mllidebantur

2497 5346 2649 5416 (Gen.
2680 5364 2804 5411 xxv,
2829 5348 2954 5419 22)?
2975 5380 3046 5391 —
3076 5349 3229 5421 Resp.
3269 5351 3428 5407 Forte
3470 5354 3534 5408 ad
3580 5354 3749 5410 locum
3781 5357 3866 5412 ubi
3898 5373 4028 5413 aram

2497 5436 2847 5492 constituerat
2863 5437 3154 5504 Abraham,
3179 5456 3336 5496 orare
3357 5442 3495 5496 venit
3522 5461 3535 5496 :
3562 5445 3644 5500 vel
3669 5444 3872 5518 letiam]
3895 5457 4030 5503 erant

2499 5522 2659 5593 aliqui
2696 5525 2874 5601 [tales]
2905 5529 2958 5584 iu
2986 5543 3053 5586 eo
3078 5540 3319 5600 tempore
3353 5531 3594 5588 homines
3631 5535 3742 5597 Dei,
3778 5532 3832 5588 in
3857 5537 4028 5605 quibus

2498 5625 2677 5684 posset
2703 5617 2843 5674 Deus
2873 5620 3212 5689 interrogari.

2572 5703 2733 5760 Inter.
2785 5708 2908 5762 826.
2966 5708 3046 5761 An
3102 5711 3389 5764 secundum
3439 5711 3712 5768 historiam
3755 5717 3836 5769 vel
3885 5716 4024 5773 etiam

2500 5797 2805 5865 allegoriam
2837 5801 3232 5877 intelligendum
3262 5811 3343 5855 est
3366 5803 3507 5870 quod
3544 5803 3794 5858 Dominus
3837 5820 4025 5876 respon-

2503 5886 2578 5938 dit
2612 5886 2865 5942 Reheccaa
2896 5903 2909 5940 :
2943 5888 3069 5942 Duas
3107 5899 3275 5958 gentes
3320 5899 3436 5941 sunt
3477 5891 3531 5942 in
3579 5901 3718 5944 utero
3759 5901 3847 5946 tuo
3874 5905 3915 5949 et
3936 5897 4024 5950 duo
