4428 6454
181 553 283 611 τεῦ

716 546 1130 603 ίΕΧΕῦῐ-ΖΪΙΕᾹ.
1170 576 1237 585 -
1275 540 1638 598 INTERROG.
1680 538 1767 592 ET
1802 534 2107 592 RESPONS
2167 535 2231 589 IN
2269 533 2465 589 (BENE!

972 548 1130 602 [ιω.
1170 576 1237 585 -
1275 540 1638 598 INTERROG.
1680 538 1767 592 ET
1802 534 2107 592 RESPONS
2167 535 2231 589 IN
2269 533 2531 596 GENES"
2576 534 2721 587 ΕΠΖ.

3282 517 3383 578 εὶῧῆ

192 667 345 739 populi
372 682 437 720 ea:
456 674 624 721 uentre
664 671 753 714 tuo
779 659 1097 721 dividentur,
1144 654 1460 734 populusque
1482 647 1725 720 populum
1754 654 1799 712 Α
1831 644 2124 699 idololatria
2155 641 2307 714 μὴ,
2348 658 2452 696 non
2494 639 2805 695 idololatria:
2850 637 2969 693 fecit
3018 632 3250 695 simile]:
3291 648 3386 685 nec

187 736 451 828 superabit,
476 764 523 807 et
544 752 714 821 major
736 750 913 804 serviet
942 747 1127 800 minori
1153 744 1303 815 (vers.
1332 741 1455 811 23)?
1474 768 1543 778 -—
1572 736 1723 807 Resp.

190 825 478 901 secundum
505 852 787 909 utrumque
816 838 1028 891 modum
1061 849 1075 887 :
1113 832 1456 901 spiritualiter
1493 842 1617 879 vero
1654 825 1729 879 sic

186 938 308 992 solet
337 935 555 1004 intelligi
582 934 722 1002 quod
747 931 946 984 dictum
973 936 1073 989 est,
1099 923 1200 995 [ut]
1229 924 1281 976 in
1311 922 1449 975 Esau
1476 920 1731 989 figuratus

189 1029 253 1080 sit
280 1028 443 1095 major
475 1025 702 1093 populus
744 1022 858 1083 Dei,
906 1020 1006 1073 hoc
1049 1026 1150 1077 est,
1195 1013 1518 1069 lsraeliticus
1546 1023 1733 1063 secun-

189 1123 303 1171 dum
335 1130 579 1178 carnem;
609 1128 703 1181 per
730 1110 893 1164 Iacob
918 1116 1092 1161 autem
1125 1101 1381 1174 ligui'atus
1407 1108 1489 1155 est
1510 1099 1621 1167 ipse
1645 1095 1733 1149 Ia-

186 1204 349 1261 cabin
371 1201 562 1271 populo
587 1200 913 1261 Christiano,
939 1196 1228 1250 secundum
1260 1188 1586 1259 spiritualem
1612 1201 1734 1255 pro—

186 1293 383 1362 geniem
432 1299 721 1359 propagato
779 1287 939 1357 [Ms.,
992 1299 1153 1355 quam
1204 1276 1565 1360 propagavit].
1631 1276 1734 1329 Sed

192 1382 341 1435 etiam
372 1371 622 1433 historica
652 1377 973 1447 proprietate
1008 1373 1273 1427 invenitur
1292 1371 1393 1424 hoc
1426 1379 1735 1434 responsum

191 1484 304 1523 esse
335 1467 672 1535 completum,
704 1466 792 1519 ubi
836 1464 1061 1535 populus
1083 1460 1261 1522 lsrael,
1307 1459 1408 1513 hoc
1440 1465 1541 1517 est,
1573 1452 1737 1507 Iacob

196 1558 359 1611 minor
381 1555 521 1609 filius
547 1554 812 1623 superavit
844 1552 1120 1613 Idumaeos,
1146 1564 1281 1618 quos
1308 1546 1456 1618 [Ms.,
1495 1546 1595 1599 hoc
1635 1550 1737 1605 est,

192 1656 391 1715 gentem
421 1642 673 1715 quam...]
706 1642 1017 1712 propagavit
1051 1640 1212 1703 Esau,
1250 1652 1448 1705 eosque
1488 1635 1611 1689 fecit
1642 1634 1736 1685 tri-

192 1739 420 1790 butarios
453 1751 547 1805 per
600 1735 780 1796 David,
832 1732 971 1801 quod
1019 1732 1109 1786 diu
1158 1730 1282 1784 fecit
1330 1729 1531 1781 scilicet
1577 1738 1739 1793 usque

193 1824 337 1894 [Ms.,
378 1824 609 1893 quandiu
643 1822 854 1876 fuerunt
884 1836 1052 1890 usque
1084 1818 1170 1891 ...]
1207 1821 1270 1872 ad
1310 1832 1489 1887 regem
1517 1817 1616 1870 sub
1636 1828 1741 1883 quo

192 1912 395 1967 Idumaei
438 1912 845 1973 rebellaverant,
884 1919 937 1963 et
971 1909 1156 1977 jugum
1193 1906 1535 1981 Israeliticum
1569 1920 1597 1956 a
1622 1918 1737 1957 cer-

195 2004 304 2055 vice
324 2018 417 2055 sua
446 2002 820 2069 deposuerunt.

264 2092 422 2145 Inter.
451 2092 573 2145 29.7.
605 2092 731 2157 Quae
764 2098 886 2143 sunt
921 2089 1268 2157 primogenita
1298 2101 1413 2153 qurc
1444 2085 1580 2138 Esau
1611 2098 1739 2135 vcn-

195 2182 322 2234 didit
360 2180 521 2235 Iacob
558 2181 707 2234 fratri
749 2196 845 2235 suo
886 2181 1035 2250 (vers.
1069 2178 1194 2248 51)?
1226 2206 1284 2216 --
1308 2176 1459 2244 Resp.
1505 2173 1742 2250 Tradunt

196 2270 394 2325 llebrati
421 2286 607 2324 omnes
651 2248 1033 2339 primogenitos
1071 2266 1215 2336 fungi
1261 2265 1443 2319 solitos
1469 2262 1641 2316 otlicio
1666 2248 1745 2314 sa-

192 2358 443 2413 cerdotali
468 2356 616 2429 [Ms.,
635 2356 992 2427 sacerdotum]
1014 2363 1295 2423 antequam
1312 2354 1485 2405 Aaron
1507 2352 1558 2403 in
1579 2364 1745 2403 sacer-

194 2451 365 2518 dotem
401 2448 547 2522 [Ms.,
572 2447 948 2518 sacerdOtium]
972 2447 1285 2516 eligeretur;
1310 2453 1363 2497 et
1388 2442 1635 2497 habuisse
1660 2454 1746 2491 ve-

192 2540 439 2601 stimenta
479 2538 859 2599 sacerdotalia,
901 2537 1093 2605 quibus
1138 2533 1306 2587 induti
1355 2530 1595 2584 victimas
1640 2528 1748 2580 Deo

192 2616 488 2695 oﬂ‘erebant
510 2641 524 2678 :
548 2634 601 2681 ct
635 2627 749 2680 hzec
771 2640 888 2679 esse
914 2624 1227 2679 vestimenta
1258 2620 1419 2689 328
1446 2618 1605 2679 Esau,
1634 2614 1751 2684 qui-

198 2720 296 2772 bus
342 2716 579 2770 Rebecca
630 2715 801 2770 induit
856 2713 1019 2769 Iacob
1070 2712 1235 2767 lilium
1299 2725 1475 2772 suum,
1525 2722 1749 2776 quorum

192 2808 358 2863 odore
384 2817 535 2876 pater
570 2806 865 2860 oblectatus
908 2804 1289 2859 benedictionis
1323 2803 1530 2855 initium
1561 2797 1753 2853 astruit

200 2896 350 2966 (Gen.
379 2912 546 2957 τινα,
578 2896 685 2966 15).

272 2986 431 3040 Inter.
461 2986 585 3041 228.
617 2986 674 3040 Si
704 2986 800 3040 viri
822 2986 948 3056 justi
973 2986 1215 3040 voluntas
1238 2984 1375 3038 bona
1404 2992 1504 3045 est,
1529 2981 1656 3051 quid
1676 2987 1756 3034 est

200 3078 341 3147 quod
371 3077 518 3132 Isaac
544 3092 649 3131 non
677 3077 835 3141 Esau,
865 3091 1021 3145 quem
1044 3076 1233 3139 voluit,
1261 3075 1351 3129 sed
1380 3073 1562 3137 Iacob,
1598 3086 1756 3141 quem

202 3166 389 3231 noluit,
422 3167 726 3221 benedixit?
754 3196 821 3206 ——
852 3166 1002 3235 Resp.
1037 3147 1198 3219 Iusti.
1214 3164 1463 3226 hominis,
1502 3172 1757 3231 quantum

203 3257 271 3310 ad
296 3257 675 3311 conscientiam
712 3258 967 3326 pertinet,
1003 3256 1248 3309 voluntas
1282 3256 1418 3309 bona
1450 3264 1560 3318 est;
1589 3268 1758 3321 quan-

205 3355 314 3400 tum
339 3354 515 3400 autem
543 3346 608 3400 ad
643 3346 1030 3414 praescientiam
1080 3345 1231 3417 μη,
1276 3342 1635 3413 przesentiam]
1664 3344 1761 3395 im-

202 3436 384 3489 munis
406 3444 490 3489 est
512 3435 579 3489 ab
608 3435 867 3490 adversis.
913 3436 1055 3509 Deus
1082 3436 1222 3489 enim
1274 3435 1416 3487 solus
1461 3441 1541 3487 est
1569 3433 1659 3503 qui
1698 3434 1763 3487 de

205 3522 401 3578 futuris
422 3523 645 3593 iudicat.
676 3523 753 3579 Ac
772 3540 869 3594 per
905 3514 1174 3579 hoclsaac
1190 3524 1383 3592 justus,
1413 3532 1667 3591 quantum
1696 3523 1763 3575 ad

201 3622 521 3680 praesentem
544 3622 740 3667 statum
769 3612 920 3684 μη,
950 3611 1354 3684 humanitatem]
1390 3613 1642 3681 pertinet,
1684 3611 1762 3665 di-

203 3716 371 3770 gnum
392 3716 509 3755 esse
532 3702 787 3769 majorem
818 3703 980 3755 filium
1006 3703 1373 3757 benedictione
1393 3703 1612 3769 putabat
1637 3700 1763 3771 [ma-

204 3787 333 3861 gis].
368 3788 473 3844 Sed
505 3790 664 3856 Deus,
696 3791 1022 3846 occultorum
1052 3775 1318 3861 cognitor,
1363 3792 1618 3843 minorem
1650 3804 1762 3843 me—

206 3880 317 3934 reri
342 3872 763 3934 benedictionem
802 3882 1051 3944 ostendit,
1081 3879 1161 3951 [ut
1187 3880 1239 3933 in
1266 3879 1631 3933 benedictione
1659 3893 1763 3931 non

204 3967 442 4023 hominis
475 3971 767 4025 ostenderit
809 3986 925 4025 esse
958 3972 1287 4029 beneficium.
1325 3971 1416 4024 sed
1453 3970 1543 4024 Dei
1574 3969 1761 4041 (Edit.,

207 4067 271 4113 ut
298 4061 722 4116 benedictionem
748 4078 851 4117 non
880 4063 1127 4124 hominis,
1150 4061 1240 4116 sed
1276 4061 1373 4114 Dei
1396 4059 1762 4131 ostenderet)].

210 4148 337 4204 Ideo
360 4148 559 4203 dictum
583 4156 666 4203 est
691 4150 745 4203 in
769 4149 1016 4204 Numeris
1034 4150 1101 4203 ad
1126 4150 1339 4218 Moysen
1373 4156 1427 4203 et
1459 4149 1637 4202 Aaron
1678 4164 1765 4202 sa-

117 4255 123 4260 ‘
210 4242 486 4294 ocrdotem
512 4256 526 4292 :
556 4239 741 4294 Ponite
776 4256 956 4292 nomen
1000 4255 1167 4292 meum
1200 4256 1353 4305 super
1398 4238 1532 4306 ﬁlios
1580 4237 1764 4302 Israel,

208 4344 307 4396 ego
334 4326 586 4382 Dominus
613 4328 907 4381 benedicam
935 4344 1019 4381 eos
1049 4326 1233 4398 (Num.
1275 4344 1349 4393 vi,
1377 4328 1487 4399 27).
1513 4328 1773 4383 Sacerdo-

214 4416 288 4469 tis
316 4424 402 4470 est
424 4416 736 4473 benedicere
754 4458 767 4483 ,
812 4418 905 4472 Dei
929 4425 1010 4473 est
1033 4417 1274 4472 effectum
1299 4418 1534 4472 tribuere
1558 4418 1772 4473 benedi-

210 4506 431 4560 ctionis.
457 4505 607 4560 Unde
635 4507 892 4560 intellexit
910 4508 1055 4562 Isaac
1080 4522 1175 4590 per
1198 4507 1439 4577 spirituum
1463 4508 1770 4576 prophetiae,

118 4675 122 4678 ξ
210 4610 244 4649 a
268 4594 384 4649 Deo
408 4594 825 4659 benedictionem
854 4610 1012 4663 super
1031 4598 1289 4651 minorem
1312 4598 1477 4650 tilium
1500 4596 1772 4667 praedesti-

213 4696 435 4747 natam,
481 4684 661 4738 dicens
692 4702 704 4736 ε
742 4683 990 4738 Benedixi
1010 4686 1075 4748 ei,
1102 4695 1149 4739 et
1176 4687 1269 4739 erit
1294 4686 1585 4739 benedictus
1618 4683 1769 4753 (Gen.

214 4790 388 4837 xxv",
417 4773 528 4843 55).

286 4863 458 4916 Inter.
489 4863 611 4917 229.
646 4864 783 4930 Quid
814 4872 895 4919 est
921 4864 1062 4934 quod
1095 4863 1257 4919 Iacob
1298 4864 1431 4918 dixit
1462 4878 1477 4916 :
1513 4862 1775 4917 Terribilis

210 4964 290 5008 est
321 4953 467 5006 locus
493 4954 605 5016 iste,
630 4971 732 5007 non
752 4963 825 5007 est
844 4956 926 5008 hic
947 4956 1092 5009 aliud
1117 4957 1213 5010 nisi
1239 4956 1420 5009 domus
1444 4955 1536 5019 Dei
1560 4965 1607 5009 et
1629 4966 1777 5025 porta

138 5104 143 5107 _
212 5042 336 5097 τιειί
367 5040 518 5112 (Gen.
553 5058 739 5105 xxviii,
766 5042 887 5112 l7)?
922 5073 991 5083 —
1021 5043 1174 5112 Resp.
1205 5043 1330 5099 Hice
1362 5046 1522 5099 verba
1561 5042 1628 5097 ad
1656 5059 1779 5113 pro-

218 5135 465 5202 phetiam
489 5134 769 5203 pertinent,
800 5134 938 5209 quod
968 5131 1113 5204 [Ms.,
1140 5132 1288 5205 quia]
1326 5133 1561 5187 futurum
1585 5143 1701 5187 erat
1727 5135 1778 5187 in

219 5233 291 5277 te.
315 5238 374 5278 ra
401 5225 791 5300 promissionis,
834 5224 1001 5279 Deum
1029 5239 1209 5278 verum
1259 5226 1444 5279 timere
1482 5234 1537 5279 et
1582 5224 1779 5288 colere,

219 5311 451 5365 taberna
466 5310 736 5383 columque
775 5315 825 5367 ei
872 5313 988 5368 fieri
1022 5330 1035 5366 :
1071 5329 1313 5383 eumque,
1360 5314 1451 5385 qui
1495 5321 1577 5369 est
1625 5330 1782 5383 super

217 5400 410 5455 omnia
446 5401 756 5458 benedictus
781 5403 939 5468 Deus,
981 5404 1200 5473 pedibus
1238 5402 1391 5476 [suis]
1430 5404 1700 5459 ambulare
1727 5405 1780 5458 in

216 5505 308 5545 ea.
339 5489 558 5545 Portam
584 5499 760 5547 autem
795 5495 913 5550 caali
944 5496 1020 5549 sic
1048 5496 1339 5565 intelligere
1365 5496 1635 5560 debemus,
1669 5504 1783 5549 tan-

217 5598 391 5652 quam
433 5582 556 5638 inde
599 5584 691 5638 fiat
732 5587 904 5641 aditus
931 5588 1266 5642 credentibus
1299 5587 1365 5641 ad
1404 5589 1781 5655 capessendum

221 5689 455 5744 regnum
480 5675 757 5730 calorum.

293 5766 466 5822 Inter.
496 5764 620 5820 230.
652 5764 760 5821 Cur
785 5763 947 5821 Iacob
974 5769 1147 5824 oleum
1179 5770 1313 5824 fudit
1352 5783 1509 5838 super
1533 5769 1780 5837 lapidem,

216 5871 387 5920 quem
420 5855 591 5910 erexit
623 5855 675 5909 in
703 5854 909 5910 titulum
939 5856 1087 5914 (vers.
1131 5858 1253 5915 l8)?
1285 5890 1355 5899 —
1381 5858 1533 5928 Resp.
1569 5858 1683 5912 Non
1717 5874 1781 5913 ex

1830 736 1971 788 enim
1994 744 2135 796 tunc,
2161 748 2259 787 nec
2280 740 2462 801 postea
2481 730 2833 799 frequentavit
2852 726 3077 797 lapidem
3100 721 3383 781 adorando.

1832 833 1924 877 aut
1945 823 1994 876 ei
2025 820 2402 883 sacrificando;
2439 819 2531 873 sed
2571 819 2778 886 signum
2820 814 2921 868 fuit
2950 811 3243 883 prophetiae
3280 810 3386 866 evi-

1831 897 2152 968 dentissima:
2177 910 2326 981 [Ms.,
2354 910 2405 962 in
2429 908 2702 977 prophetia
2742 902 3160 975 evidentissima]
3193 901 3376 956 consti.

1834 990 2187 1069 tutum-quod
2214 998 2361 1070 μὴ..
2378 996 2773 1068 qum]pertinet
2800 995 2864 1048 ad
2892 993 3213 1046 unctionem.
3234 988 3390 1043 'Unde

1833 1104 1889 1148 et
1915 1092 2113 1147 Christi
2140 1082 2339 1143 nomen
2362 1104 2391 1140 a
2418 1087 2829 1142 chrismatcest.
3063 1150 3069 1156 ἡ

1904 1181 2067 1236 Inter.
2092 1180 2216 1233 23L
2245 1176 2618 1249 [Qummulum
2640 1173 2745 1245 est]
2771 1171 3036 1241 quomodo
3061 1169 3259 1224 dictum
3287 1166 3388 1219 sit:

1836 1274 2057 1328 Servirit
2074 1268 2236 1323 Iacob
2264 1284 2354 1337 pro
2390 1263 2582 1318 Rachel
2610 1274 2795 1331 septem
2828 1261 2999 1322 annis,
3023 1268 3069 1311 et
3094 1256 3392 1311 uidebantur

1834 1365 1913 1418 illi
1951 1346 2103 1433 pauci
2131 1360 2239 1411 dies
2281 1357 2432 1426 (Cen.
2480 1370 2628 1416 χχιχ,
2673 1353 2795 1423 20);
2827 1366 2943 1404 cum
2982 1347 3152 1418 magis
3190 1341 3394 1417 [etiam]

1837 1457 1995 1508 breve
2038 1460 2245 1519 tempus
2286 1448 2498 1512 longum
2562 1459 2679 1497 esse
2731 1442 2897 1515 soleat
2952 1434 3292 1491 amantibus?
3328 1460 3380 1473 ~—

1840 1543 1992 1612 Resp.
2027 1540 2233 1593 Dictum
2269 1545 2349 1589 est
2386 1531 2557 1605 [ergo]
2594 1540 2810 1603 propter
2836 1530 3069 1583 laborem
3103 1522 3391 1581 servitutis,

1825 1640 1996 1700 'qucm
2024 1627 2232 1682 facilem
2261 1633 2313 1679 et
2336 1625 2501 1678 levem
2526 1637 2675 1676 amor
2707 1621 2954 1674 faciebat.

1912 1740 2070 1793 Inter.
2096 1738 2218 1792 252.
2254 1736 2380 1789 Post
2420 1736 2731 1790 servitutem
2770 1740 2969 1800 septem
3013 1742 3271 1781 annorum
3306 1724 3394 1780 Ia-

1842 1832 1959 1893 cob,
1981 1806 2267 1884 'soceri‘sui
2319 1827 2504 1880 fraude
2538 1822 2808 1893 deceptus,
2850 1820 3126 1889 copulatus
3153 1827 3234 1873 est
3261 1816 3396 1881 Luc;

1847 1935 1911 1973 an
1950 1920 2110 1986 etiam
2147 1924 2264 1986 post
2313 1916 2444 1970 alios
2483 1924 2685 1982 septem
2716 1910 2987 1966 servitutis
3014 1922 3180 1962 annos
3206 1906 3404 1961 Rachel

1772 1989 1814 2048 Β
1842 2017 2155 2077 accepturas
2193 2007 2341 2061 erat?
2376 2035 2445 2044 —
2479 2004 2631 2071 Resp.
2666 2001 2780 2055 Non
2828 1996 3055 2071 [igitur],
3098 2006 3156 2051 ut
3188 1997 3401 2065 quidam

1841 2100 1977 2153 male
2010 2099 2294 2159 aastimant,
2321 2107 2440 2164 post
2460 2103 2661 2171 septem
2689 2107 2855 2149 annos
2870 2092 3003 2145 alios
3030 2088 3226 2143 Rachel
3254 2099 3396 2141 acco-

1775 2249 1784 2257 ,
1843 2190 1919 2255 pit
1945 2201 2193 2245 uxorem;
2225 2187 2315 2238 sed
2338 2194 2456 2253 post
2478 2192 2679 2251 septem
2711 2181 2825 2235 dies
2856 2179 3158 2248 nuptiarum
3189 2176 3403 2246 prima;

1844 2292 1965 2329 nam
1999 2275 2273 2344 sequitur:
2308 2272 2371 2324 Et
2408 2273 2665 2341 ingressus
2700 2278 2773 2339 est
2799 2268 2867 2320 ad
2909 2264 3122 2330 Rachel,
3148 2272 3194 2318 et
3226 2264 3403 2317 dilexit

1847 2364 2036 2420 Rachel
2078 2366 2242 2434 magis
2282 2380 2436 2433 quam
2472 2362 2644 2424 Liam,
2669 2370 2714 2415 et
2746 2360 2946 2413 seruit-it
2976 2358 3022 2411 ei
3044 2365 3230 2426 septem
3256 2354 3404 2429 annis

1846 2456 1964 2509 aliis
1992 2456 2143 2526 (vers.
2175 2454 2286 2523 50).

1918 2542 2080 2596 Inter.
2110 2543 2233 2596 235.
2258 2539 2382 2612 [An]
2414 2541 2531 2593 dua:
2559 2536 2759 2592 ancilla:
2798 2534 2921 2589 Bala
2968 2541 3022 2586 et
3054 2530 3251 2601 Zelpha
3280 2545 3401 2583 uxo-

1850 2649 1957 2697 res,
1990 2648 2057 2685 an
2084 2631 2391 2686 concubinae
2422 2628 2657 2682 dicenda:
2686 2634 2811 2680 sunt
2838 2622 2987 2687 (Cen.
3018 2620 3322 2691 xu,‘,9)?
3344 2650 3398 2659 —

1852 2723 2005 2791 Resp.
2055 2722 2213 2775 Forte
2265 2719 2438 2773 omnis
2490 2716 2816 2777 concubina,
2867 2729 3026 2775 uxor;
3086 2726 3189 2764 non
3235 2717 3408 2762 autem

1854 2812 2070 2885 [omnis]
2111 2828 2243 2865 uxor
2277 2810 2592 2871 concubina,
2625 2821 2770 2860 more
2804 2804 3050 2874 loquendi
3093 2803 3145 2855 in
3177 2800 3422 2869 Scriptu-

1854 2905 1927 2957 ris
1958 2902 2107 2974 [.lIs.,
2139 2897 2580 2969 Scripturarum],
2614 2897 2929 2966 appellatur,
2950 2894 3001 2948 id
3035 2900 3134 2955 est,
3165 2902 3221 2945 ut
3252 2890 3417 2945 Sarra

1854 3002 1907 3047 et
1932 2993 2191 3054 Rebecca,
2220 2988 2358 3060 [Lia]
2388 2996 2443 3043 et
2466 2987 2662 3040 Rachel
2694 2986 3001 3039 concubinae
3036 2983 3138 3036 dici
3168 2995 3269 3034 non
3292 2995 3421 3048 pos-

1856 3081 2005 3136 sint:
2041 3080 2184 3149 Agar
2227 3092 2355 3131 vero
2403 3084 2457 3130 et
2498 3075 2746 3138 Cethura,
2796 3082 2850 3127 et
2887 3073 3011 3126 Bala
3049 3080 3103 3125 et
3132 3070 3325 3140 Zelpha
3364 3079 3416 3122 et

1860 3190 2054 3231 uxores
2090 3183 2143 3228 et
2168 3171 2495 3227 concubina.

1884 3310 1887 3313 .
1934 3265 2094 3318 Inter.
2124 3263 2246 3317 254.
2269 3259 2543 3326 Quomodo
2563 3270 2659 3327 pro
2693 3264 2908 3325 aspectu
2946 3252 3401 3324 virgarumvaria-

1862 3367 1979 3405 rum
2016 3351 2149 3403 varii
2196 3362 2445 3418 pecorum
2494 3345 2633 3399 fetus
2679 3344 3039 3398 nascebantur
3092 3341 3241 3411 (vers.
3296 3337 3418 3407 58)?

1857 3468 1926 3479 -—
1953 3438 2102 3507 Resp.
2132 3437 2463 3509 Observahat
2500 3434 2665 3488 Iacob
2714 3443 2950 3501 tempora
2991 3432 3184 3500 quibus
3227 3443 3415 3499 pecora

1860 3529 2305 3591 ascendebantur,
2348 3534 2402 3580 et
2444 3532 2563 3594 post
2603 3523 2834 3577 calorem
2882 3522 2984 3575 diei
3026 3522 3092 3575 ad
3136 3520 3421 3590 potandum

1861 3620 2014 3674 avida
2053 3620 2380 3689 pergebant:
2411 3616 2697 3671 discolores
2745 3615 2924 3681 virgas
2966 3612 3055 3666 hic
3096 3612 3325 3680 ponebat
3363 3601 3421 3665 in

1862 3688 2167 3771 canalibus,
2183 3718 2236 3760 et
2253 3688 2501 3761 admissis
2527 3705 2785 3758 arietibus
2814 3712 2867 3756 et
2897 3702 3062 3756 hircis
3097 3702 3147 3754 in
3176 3701 3287 3769 ipsa
3325 3713 3413 3769 po-

1862 3796 2005 3852 tandi
2033 3796 2282 3849 aviditate
2310 3808 2436 3848 oves
2460 3802 2513 3847 et
2540 3808 2728 3861 capras
2753 3791 2980 3845 faciebat
3004 3791 3240 3854 ascendi,
3267 3799 3325 3843 ut
3348 3804 3415 3844 ex

1861 3886 2055 3955 duplici
2084 3883 2370 3947 desiderio,
2407 3885 2530 3937 dum
2571 3882 2721 3936 avide
2762 3881 2948 3936 bibunt
2984 3886 3037 3931 et
3061 3879 3420 3933 ascenduntur

1864 3993 1892 4031 a
1916 3978 2183 4038 maribus,
2224 3976 2376 4029 tales'
2402 3973 2541 4027 fetus
2585 3972 2940 4040 conciperent,
2984 3970 3169 4039 quales
3206 3970 3425 4024 umbras

1864 4068 2089 4121 arietum
2122 4074 2177 4121 et
2199 4066 2469 4119 hircorum
2503 4064 2728 4131 desuper
2755 4060 3151 4115 ascendentium
3180 4060 3230 4112 in
3258 4074 3413 4127 aqua-

1866 4168 1983 4206 rum
2031 4153 2242 4222 speculo
2297 4152 2807 4219 coutcmplabantur.
2853 4149 2931 4204 Ex
2978 4149 3142 4220 virgis
3182 4148 3324 4202 enim
3370 4147 3425 4198 in

1867 4233 2139 4298 canalibus
2157 4243 2344 4311 positis
2366 4244 2545 4295 varius
2566 4239 2772 4313 [etiam]
2798 4248 2914 4293 erat
2942 4240 3229 4310 imaginum
3256 4236 3419 4298 color.

1870 4334 1979 4389 Nec
2000 4334 2194 4388 mirum
2222 4334 2361 4387 hanc
2396 4334 2448 4386 in
2492 4342 2750 4400 conceptu
2779 4329 3095 4383 feminarum
3125 4342 3242 4382 esse
3274 4334 3413 4379 nata

1870 4438 2005 4486 ram,
2033 4431 2091 4476 ut
2114 4422 2296 4492 quales
2322 4421 2708 4489 perspexerint,
2736 4421 2846 4473 sive
2870 4426 3043 4473 mente
3067 4418 3433 4485 conceperint,

1871 4512 1926 4567 in
1950 4521 2190 4567 extremo
2230 4512 2515 4579 voluptatis
2558 4518 2709 4571 :estu,
2757 4524 2861 4577 quo
2902 4508 3224 4583 concipiunt,
3269 4507 3423 4561 talem

1802 4625 1850 4684 υ
1873 4601 2105 4655 sobolem
2132 4608 2430 4670 procreent,
2460 4615 2580 4654 cum
2620 4600 2723 4654 hoc
2767 4600 2937 4667 ipsum
2977 4598 3137 4650 etiam
3178 4598 3229 4651 in
3262 4613 3421 4669 equa-

1873 4710 1988 4747 rum
2016 4695 2263 4765 grcgibus
2289 4695 2426 4764 apud
2454 4694 2718 4763 Hispanos
2756 4694 2967 4748 dicatur
3002 4692 3135 4747 fieri.
3167 4692 3234 4761 Et
3260 4691 3425 4758 Quin-

1872 4785 2083 4838 tilianus
2110 4787 2161 4837 in
2189 4800 2251 4838 ea
2274 4785 2632 4838 controversia
2660 4802 2672 4836 :
2704 4785 2894 4853 in‘qua
2927 4783 3274 4837 accusabatur
3316 4799 3430 4839 ma-

1873 4880 2025 4926 trona
2078 4874 2351 4943 quaedam,
2401 4888 2519 4941 quae
2572 4871 2874 4940 Ethiopem
2932 4880 3210 4941 pepererat
3264 4870 3427 4943 ΗΒ..

1875 4964 2080 5033 quod...
2104 4960 2412 5035 pepererit],
2456 4978 2552 5030 pro
2584 4963 2888 5018 defensione
2926 4958 3065 5018 illius
3094 4973 3432 5034 argumente-

1877 5063 1985 5116 tur,
2006 5056 2059 5107 in
2085 5056 2183 5106 hoc
2205 5063 2460 5120 conceptu
2499 5050 2604 5122 [Ms
2636 5092 2651 5114 ,
2692 5052 2827 5106 hanc
2858 5050 3166 5129 conceptus]
3191 5065 3310 5104 esse
3336 5066 3429 5104 na-

1878 5151 2073 5203 turam,
2102 5154 2258 5207 quam
2291 5154 2449 5208 supra
2476 5140 2638 5210 329
2662 5140 2910 5194 diximus.
2947 5139 3016 5193 Et
3046 5138 3209 5192 multa
3238 5138 3429 5192 dicun-

1879 5238 1967 5285 tur
1989 5229 2180 5285 similia
2206 5227 2357 5300 [Ms.,
2384 5227 2646 5301 similiter]
2670 5228 2784 5283 ﬁeri
2807 5229 2859 5282 in
2885 5228 3191 5283 animalium
3212 5226 3427 5281 fetibus.

1881 5317 2031 5393 [Sed]
2051 5314 2106 5374 et
2126 5318 2333 5373 mulieri
2355 5317 2611 5373 accidisse
2637 5315 2879 5378 traditur,
2907 5324 2967 5370 ut
2996 5316 3251 5385 scriptum
3283 5329 3430 5384 repe-

1879 5413 2016 5465 ritur
2036 5412 2090 5464 in
2117 5410 2266 5464 libris
2293 5406 2647 5476 antiquissimi
2672 5414 2725 5460 et
2749 5406 3055 5476 peritissimi
3085 5404 3273 5469 medici
3308 5404 3433 5472 Hip-

1880 5503 2129 5572 pocratis.
2156 5515 2274 5571 qua
2310 5498 2609 5568 suspicione
2649 5498 2890 5553 adulterii
2930 5496 3104 5553 fuerat
3144 5494 3431 5566 punienda,

1882 5610 2002 5649 cum
2051 5592 2464 5662 pulcherrimum
2514 5606 2738 5661 puerum
2784 5592 3109 5661 peperisset,
3158 5590 3435 5659 utriusque

1881 5681 2118 5754 parentis
2146 5679 2325 5765 generi
2351 5677 2504 5752 ιλιι,
2529 5679 2740 5749 utrique
2761 5679 2965 5749 parenti
3000 5675 3307 5749 generique]
3331 5676 3437 5736 dis-

1884 5770 2129 5830 similem,
2158 5766 2259 5822 nisi
2290 5773 2613 5821 memoratus
2646 5768 2883 5821 medicus
2918 5765 3162 5821 solvisset
3187 5767 3435 5836 quastio-

1886 5878 2024 5919 nem.
2068 5859 2171 5914 illis
2201 5859 2501 5921 admonitis,
2531 5857 2925 5929 quaarerent,si
2956 5856 3092 5912 forte
3117 5855 3289 5925 aliqua
3315 5856 3436 5909 talis
