4428 6412
883 487 980 542 551

1723 480 1786 535 n.
1820 476 1884 534 ιτ.
1919 475 2140 533 suum
2179 473 2308 530 seu
2343 468 2616 526 etcum
2647 435 2928 528 eranum
2964 471 3142 526 rans
3176 471 3237 526 ιι.

3998 462 4111 521 552

887 616 1090 668 pictura
1137 607 1278 655 esset
1326 599 1381 652 in
1423 594 1696 660 cubiculo;
1743 607 1848 662 qua
1887 591 2125 652 inventa,
2173 584 2362 639 mulier
2411 599 2442 636 a
2467 589 2519 644 Α
2542 583 2757 651 quidem
2782 590 2985 636 tantum
3020 583 3198 636 timuit
3223 582 3362 636 Esau
3393 581 3613 636 fratrem
3650 593 3803 634 suum
3834 576 3990 648 (ven.
4016 573 4112 631 7i?

891 695 1195 758 suspicione
1221 689 1445 743 liberata
1475 693 1578 741 est.

957 788 1117 834 Inter.
1144 777 1270 833 9.55.
1300 775 1476 843 Quare
1515 772 1680 828 Iacob
1705 769 1873 841 primi
1905 767 2164 837 temporis
2198 778 2294 819 sua
2335 777 2454 818 esse

891 871 1074 932 voluit,
1100 876 1154 922 et
1176 866 1409 922 serotina
1439 861 1653 918 Lahan?
1687 859 1772 914 vel
1802 857 1952 930 [Ms.,
1980 855 2056 928 et]
2089 869 2186 910 cur
2207 855 2310 916 hac
2341 859 2455 905 arte

884 972 995 1011 non
1044 970 1138 1009 sua
1198 954 1366 1024 magis
1409 952 1590 1008 omnia
1641 963 1761 1004 esse
1815 943 2245 1014 fecit?——Resp.
2292 940 2456 996 Iacob

892 1047 1123 1115 prudens
1153 1053 1206 1098 et
1241 1043 1464 1098 callidus
1499 1039 1755 1109 justitiam
1798 1047 1852 1092 et
1893 1036 2202 1105 aequitatem
2230 1033 2282 1087 in
2321 1047 2455 1086 nova

895 1142 1011 1188 arte
1041 1134 1304 1188 servabat.
1329 1131 1386 1186 Si
1411 1131 1556 1185 enim
1581 1143 1768 1184 omnes
1801 1142 1967 1196 agnos
1995 1135 2049 1181 et
2076 1126 2255 1180 haedos
2282 1123 2458 1176 varios

898 1237 1090 1292 pecora
1121 1227 1511 1291 procreassent,
1541 1227 1660 1273 erat
1705 1216 1883 1286 aliqua
1929 1215 2160 1284 suspicio
2194 1211 2368 1284 [doli],
2405 1221 2460 1267 et

895 1321 1077 1382 aperte
1110 1296 1235 1366 huic
1255 1311 1336 1372 rei
1363 1310 1543 1365 Laban
1575 1308 1784 1362 invidus
1809 1307 2171 1362 contraiisset.
2201 1306 2343 1374 Ergo
2385 1306 2457 1359 ita

888 1405 1077 1457 omnia
1109 1402 1442 1470 temperavit,
1471 1409 1530 1454 ut
1559 1401 1670 1470 ipse
1699 1398 1926 1453 fructum
1968 1399 2046 1452 sui
2078 1397 2275 1452 laboris
2321 1399 2460 1452 acci-

901 1501 1072 1563 peret,
1103 1501 1156 1546 et
1182 1491 1364 1546 Laban
1397 1506 1502 1545 non
1539 1490 1751 1559 penitus
1795 1489 2133 1559 spoliaretur.
2164 1483 2220 1542 Si
2249 1487 2460 1556 quando

898 1601 1026 1640 oves
1063 1595 1117 1640 et
1160 1599 1333 1655 caprae
1365 1583 1540 1654 primo
1582 1590 1820 1649 tempore
1861 1579 2302 1641 ascendebantur,
2337 1578 2460 1647 quia

900 1695 1095 1735 vernus
1122 1688 1203 1734 est
1229 1677 1387 1742 fetus,
1414 1683 1538 1730 ante
1569 1658 1712 1744 ipsas
1737 1673 1973 1742 ponebat
2004 1673 2199 1741 virgas,
2232 1681 2291 1724 ut
2313 1671 2461 1724 varia

885 1769 1110 1825 soboles
1148 1768 1476 1822 nasceretur.
1524 1764 1862 1831 Qutecunque
1896 1777 2022 1816 oves
2052 1772 2106 1815 et
2139 1777 2314 1830 capra:
2341 1775 2463 1814 sero

903 1860 1210 1931 quaerebant
1238 1872 1431 1920 mares,
1472 1865 1596 1910 ante
1634 1855 1822 1910 barum
1852 1852 2033 1907 oculos
2079 1867 2183 1906 non
2209 1853 2456 1920 ponebat,

2547 700 2617 710 ——
2643 669 2793 740 Resp.
2823 670 2971 725 Satis
3000 672 3051 724 in
3075 671 3252 726 verbis
3279 670 3516 738 ejusdem
3545 670 3727 734 Iacob,
3749 685 3864 737 qute
3883 680 4114 737 sequun-

2552 767 2656 821 tur,
2691 770 2743 813 et
2769 761 3000 813 humana
3029 759 3330 823 inﬁrmitas,
3364 770 3418 814 et
3447 760 3579 815 fides
3620 760 3832 830 pietatis
3857 767 4112 828 apparet;

2551 860 2611 904 ut
2643 861 2698 905 et
2722 851 2860 904 Deus
2894 851 3148 905 liberaret
3183 867 3306 906 cum
3336 861 3388 906 ct
3421 867 3542 920 quae
3567 851 3810 921 promisit
3847 850 4114 920 impleret.

2553 944 2880 998 Admonendi
2907 958 3091 998 sumus
3121 952 3295 998 tamen
3322 942 3471 1014 [Ils.,
3503 941 3667 1015 enim]
3713 942 3816 997 hoc
3846 941 4110 1013 exemplo,

2553 1018 2882 1104 ut’quamvis
2910 1036 3192 1090 credamus
3214 1037 3266 1089 in
3295 1036 3482 1097 Deum,
3515 1035 3772 1090 faciamus
3794 1043 3973 1090 tamen
3996 1050 4116 1105 qua:

2555 1125 2795 1179 facienda
2841 1133 2963 1191 sunt
3003 1124 3092 1196 [ab
3143 1123 3468 1196 hominibus]
3522 1125 3572 1179 in
3619 1112 3921 1194 praesidium
3976 1126 4118 1180 salu-

2556 1213 2663 1267 tis:
2693 1222 2750 1266 ut
2777 1214 3243 1281 prtrtertnittentes
3267 1228 3329 1266 ea
3361 1212 3528 1268 Deum
3567 1220 3773 1267 tentare
3805 1227 3910 1266 non
3939 1212 4121 1267 videa-

2558 1315 2702 1353 mur.

2630 1410 2790 1462 Inter.
2835 1410 2959 1463 242.
2984 1409 3257 1476 Quomodo
3293 1425 3422 1481 ergo
3468 1409 3632 1465 Iacob
3675 1411 3742 1465 ab
3783 1425 3848 1465 eo
3884 1410 4122 1480 postulat

2559 1498 2820 1562 benedici,
2854 1499 2936 1551 cui
2965 1497 3216 1552 luctando
3242 1500 3521 1567 praevaluit
3548 1500 3697 1568 (tera.
3726 1498 3850 1571 26)?
3867 1531 3938 1540 —
3964 1499 4119 1570 Resp.

2560 1585 2746 1656 Magna
2775 1585 2932 1657 [haec]
2967 1597 3049 1640 est
3081 1587 3145 1641 de
3179 1587 3393 1642 Christo
3421 1589 3717 1657 prophetia.
3749 1589 3948 1658 Duplex
3979 1589 4123 1642 enim

2559 1675 2721 1745 330
2747 1675 2876 1748 [hic]
2900 1675 3062 1731 Iacob
3092 1678 3421 1754 intelligitur,
3460 1679 3512 1734 id
3545 1689 3646 1741 est,
3674 1680 3900 1733 carnalis
3935 1689 3990 1736 et
4012 1680 4117 1749 spi-

2563 1767 2785 1821 ritualis.
2835 1765 3115 1823 Praevaluit
3147 1771 3289 1824 enim
3327 1768 3490 1825 Iacob
3534 1771 3774 1836 Christo,
3806 1772 3900 1827 .vel
3945 1772 4126 1842 potius

2562 1855 2847 1923 praevalere
2890 1857 3036 1911 visus
3068 1865 3152 1910 est
3193 1872 3352 1926 super
3394 1872 3486 1912 eos
3533 1859 3813 1923 lsraclitas,
3852 1872 3892 1912 a'
3931 1861 4127 1929 quibus

904 1919 963 2006 ut
1009 1951 1168 2004 unius
1215 1947 1408 2002 coloris
1448 1959 1641 2014 pecora
1676 1950 2023 1997 nascerentur
2064 1958 2074 1992 :
2123 1949 2178 1994 et
2215 1939 2464 2008 qui'cquid
2498 1919 2541 1977 Β
2566 1945 2852 2000 cruciﬁxus
2876 1955 2955 1999 est
2995 1945 3269 2009 Christus;
3303 1956 3355 2000 et
3383 1949 3447 2000 ab
3479 1962 3542 2001 eo
3570 1947 3898 2002 bent-dicitur
3934 1947 4128 2019 ['lsrae~

905 2040 1138 2109 primum
1182 2035 1520 2104 nascebatur,
1561 2047 1714 2096 suum
1763 2041 1897 2094 erat,
1932 2031 2056 2100 quia
2095 2028 2347 2101 [discolor
2389 2026 2464 2097 et]

908 2129 1114 2182 varium
1149 2135 1302 2183 erat:
1331 2126 1582 2196 quicquid
1615 2133 1818 2194 postea,
1855 2123 2074 2177 Laban:
2112 2123 2270 2176 unius
2302 2121 2464 2184 enim,

909 2229 1016 2272 tam
1042 2218 1184 2286 nigri
1213 2232 1372 2286 qesam
1399 2215 1505 2269 albi
1532 2213 1749 2278 coloris,
1788 2229 1950 2284 pecus
1980 2213 2275 2268 oriebatur.

983 2305 1147 2360 Inter.
1177 2305 1300 2359 256.
1331 2304 1438 2360 Cur
1478 2319 1576 2359 nec
1615 2302 1779 2359 Iacob
1817 2301 2021 2358 fraudis
2061 2304 2114 2356 in
2149 2303 2250 2357 hoc
2283 2301 2468 2374 [facto]

911 2397 1212 2469 arguendus
1239 2396 1352 2452 est?
1382 2425 1452 2436 —
1487 2393 1641 2464 Resp.
1677 2393 1781 2447 Per
1806 2394 1907 2448 hoc
1934 2392 2074 2461 cogit
2106 2393 2302 2461 inquiri
2343 2407 2471 2461 pro--

909 2490 1165 2560 pbetiam,
1213 2495 1268 2541 et
1312 2487 1544 2556 aliquam
1571 2485 1872 2554 .[iguratam
1910 2483 2349 2554 significationem
2391 2497 2473 2537 res

912 2577 1035 2643 ista,
1065 2593 1220 2647 quam
1252 2576 1366 2631 sine
1391 2575 1552 2630 dubio
1580 2582 1638 2628 ut
1658 2575 1923 2644 propheta
1967 2572 2098 2628 fecit
2143 2572 2326 2628 Iacob.
2357 2573 2473 2626 Non

910 2668 1052 2722 enim
1083 2667 1183 2720 tale
1208 2665 1422 2735 aliquid,
1451 2665 1556 2720 nisi
1584 2664 1921 2737 revelatione.
1949 2663 2211 2737 spirituali
2246 2678 2368 2718 eum
2403 2662 2476 2717 fe-

919 2739 1058 2811 cisse
1081 2754 1402 2810 cnedendum
1431 2762 1532 2808 est.
1586 2741 1588 2744 ’
1917 2735 1921 2737 ’
2141 2746 2145 2749 ’
2173 2735 2185 2750 ’

988 2844 1149 2899 Inter.
1187 2843 1311 2897 237..
1354 2841 1628 2907 Quomodo
1675 2842 1858 2897 decem
1897 2837 2101 2897 vicibus
2141 2841 2263 2896 dicit
2313 2839 2477 2896 Iacob

917 2947 1104 2989 socero
1125 2947 1240 2994 suo.
1263 2939 1498 2986 mutasse
1516 2945 1637 2985 eum
1663 2933 1960 2987 mercedem
1981 2947 2130 2986 suam
2153 2929 2302 3002 (Gen.
2327 2947 2477 2992 xm,

917 3023 1044 3095 Il)?
1064 3053 1134 3062 —
1155 3021 1309 3093 Resp.
1340 3022 1437 3078 llic
1463 3029 1546 3076 est
1572 3036 1780 3086 sensus,
1802 3021 1943 3092 quod
1965 3036 2061 3091 per
2086 3020 2320 3091 singulos
2340 3020 2480 3076 fetus

920 3128 1132 3184 semper
1177 3113 1350 3167 Laban
1402 3111 1756 3168 conditionem
1810 3111 2112 3165 mutaverit.
2167 3109 2222 3164 Si
2270 3110 2481 3164 videbat

923 3203 1131 3258 varium
1160 3202 1306 3256 nasci
1331 3215 1494 3271 pecus
1531 3199 1674 3273 [post
1706 3197 1896 3271 fetum]
1931 3199 2173 3254 dicebat:
2202 3195 2333 3265 Nolo
2362 3193 2475 3267 [F.,

923 3291 1066 3364 volo]
1097 3293 1149 3346 in
1172 3291 1408 3347 futurum
1429 3292 1578 3346 varia
1609 3291 1735 3345 mihi
1765 3298 2072 3345 nascantur.
2102 3289 2332 3344 Rursum
2357 3303 2479 3344 cum

919 3381 1140 3436 vidisset
1173 3381 1328 3435 unius
1370 3379 1566 3434 coloris
1609 3379 1755 3434 nasci
1794 3393 1987 3449 pecora
2023 3375 2225 3448 [Iacob‘
2247 3392 2477 3446 quoque,

923 3473 1026 3527 hoc
1053 3471 1253 3535 audito,
1286 3471 1465 3541 virgas
1501 3470 1554 3523 in
1594 3469 1870 3526 canalibus
1904 3485 2010 3524 non
2047 3467 2298 3540 ponebat]
2334 3467 2478 3521 dice-

921 3565 1016 3619 hat
1047 3579 1063 3616 :
1102 3562 1308 3617 futuros
1330 3562 1472 3617 fetus
1515 3561 1672 3615 unius
1709 3560 1903 3638 coloris
1935 3573 2130 3629 pecora
2179 3559 2308 3612 mihi
2358 3573 2483 3628 pro-

924 3652 1202 3708 creabunt.
1230 3652 1296 3705 Et
1319 3651 1448 3720 quid
1476 3649 1661 3720 plura?
1687 3665 1854 3719 usque
1873 3650 1940 3704 ad
1967 3649 2149 3705 decem
2177 3650 2322 3705 vices
2344 3665 2482 3705 sem-

923 3755 1020 3808 per
1043 3738 1096 3812 [a
1123 3739 1298 3797 Laban
1323 3738 1534 3808 pecoris
1559 3736 1664 3809 sui]
1683 3735 1851 3793 Iacob
1875 3745 2080 3792 mutata
2105 3737 2342 3806 conditio
2363 3747 2479 3792 est:

912 3837 982 3882 .et
999 3828 1350 3898 quodcunque
1377 3827 1484 3888 sibi
1511 3835 1860 3896 proposuerat
1896 3825 2100 3892 Laban,
2145 3835 2205 3881 ut
2238 3842 2484 3882 nascere-

925 3926 1037 3980 tur,
1059 3917 1113 3970 in
1132 3918 1460 3972 contrarium
1486 3915 1720 3972 colorem
1747 3917 2070 3974 vertebatur.
2099 3916 2174 3970 Ne
2198 3917 2292 3970 cui.
2308 3925 2486 3971 autem

929 4008 985 4063 in
1022 4023 1116 4071 sex
1145 4007 1300 4061 annis
1345 4003 1529 4062 decem
1561 4007 1803 4075 pariendi
1831 4007 1979 4062 vices
2023 4005 2365 4063 incredibiles
2411 4007 2490 4059 vi-

928 4100 1172 4164 deantur,
1203 4096 1318 4167 lege
1351 4093 1652 4165 Virgilium,
1691 4095 1746 4154 in
1773 4109 1879 4165 quo
1905 4095 2100 4150 dicitur
2130 4111 2144 4148 :

1292 4207 1376 4258 Bis
1396 4206 1610 4269 gravida
1631 4205 1948 4270 pecudes.....

931 4307 1129 4361 Natura
1157 4313 1336 4360 autem
1355 4304 1659 4359 ltalicarum
1680 4305 1858 4358 ovium
1885 4313 1938 4358 et
1966 4303 2365 4372 Mesopotamia!
2384 4319 2486 4356 una

917 4411 1057 4452 .csse
1081 4394 1412 4466 perhibetur.
1849 4433 1852 4437 ,

1016 4484 1178 4539 Inter.
1207 4484 1333 4540 958.
1366 4482 1540 4550 Quare
1573 4482 1846 4538 constituit
1879 4480 2043 4538 Iacob
2069 4480 2292 4550 lapidem
2337 4496 2497 4550 super

936 4577 1148 4634 titulum
1177 4573 1326 4650 (sets.
1352 4574 1561 4646 ὀῦν-ω
1586 4574 1740 4644 Resp.
1763 4572 2054 4638 Diligenter
2075 4573 2497 4628 animadverteu—
2528 4599 2572 4657 ο

940 4667 1066 4722 dum
1100 4673 1181 4722 cst
1209 4666 1349 4735 quod
1378 4665 1510 4720 istos
1537 4659 1721 4718 titulos
1758 4664 1812 4718 in
1853 4664 1931 4717 rei
1959 4661 2324 4732 cujuscunque
2351 4663 2498 4717 testi-

945 4744 1179 4809 monium
1205 4755 1616 4813 constituebant.
1645 4768 1748 4808 non
1773 4763 1834 4807 ut
1868 4768 1961 4808 eos
1993 4767 2092 4822 pro
2113 4753 2212 4807 diis
2240 4752 2496 4815 colerent,

931 4839 1036 4899 'sed
1060 4852 1118 4898 ut
1142 4845 1222 4897 eis
1245 4843 1446 4912 aliquid
1474 4842 1853 4912 signiﬁcarent.

1015 4930 1176 4986 Inter.
1198 4929 1322 4985 259.
1356 4929 1494 4996 Quid
1539 4944 1620 4985 eSt
1661 4931 1799 5000 quod
1829 4931 1990 5002 Iacob
2010 4933 2207 5002 jurarit
2234 4951 2326 5003 per
2352 4936 2503 4988 timo-

948 5038 1056 5076 rm
1083 5021 1247 5092 patris
1283 5021 1366 5075 sui
1405 5018 1560 5074 Isaac
1587 5021 1738 5088 (rers.
1778 5017 1903 5093 55)?
1928 5053 1995 5062 —-
2025 5021 2175 5093 Resp.
2204 5023 2302 5078 “er
2337 5025 2500 5079 Deum

948 5112 1150 5179 utique,
1187 5122 1345 5180 quem
1383 5109 1602 5164 timebat
1647 5107 1794 5163 Isaac
1830 5121 1980 5179 pater
2020 5110 2156 5178 ejus,
2197 5112 2382 5181 jurare
2423 5114 2501 5166 in-

949 5198 1221 5265 telligitur.
1244 5197 1409 5265 Quem
1435 5201 1677 5254 timorem
1714 5199 1873 5252 etiam
1904 5201 2145 5267 superius
2167 5203 2502 5258 commenda-

950 5284 1038 5348 vit,
1069 5299 1191 5341 cum
1230 5285 1460 5343 diceret:
1495 5289 1629 5341 Deus
1659 5289 1821 5357 patris
1861 5289 1960 5340 mei
1996 5288 2234 5348 Abrahae,
2267 5300 2313 5341 et
2351 5292 2504 5344 timor

954 5377 1117 5429 antris
1148 5377 1248 5429 mei
1275 5373 1426 5429 Isaac
1457 5376 1604 5446 (vers.
1637 5377 1746 5447 49.).

1023 5463 1183 5518 Inter.
1209 5463 1333 5518 240.
1363 5461 1491 5529 Qua:
1516 5475 1640 5518 sunt
1665 5474 1837 5519 castra
1883 5465 1994 5529 Dei,
2027 5481 2144 5534 quae
2188 5467 2328 5542 vidit.
2342 5465 2507 5524 Iacob

953 5553 1004 5605 in
1039 5555 1225 5608 itinere
1256 5551 1406 5625 (Gen.
1444 5569 1617 5617 um,
1663 5555 1712 5617 l,
1739 5554 1830 5625 2)?
1857 5585 1924 5594 —
1956 5555 2107 5627 Resp.
2156 5556 2308 5610 Nulla
2357 5557 2506 5612 dubi-

952 5645 1080 5696 tatio
1106 5653 1187 5699 est
1209 5647 1336 5713 quin
1367 5645 1672 5714 angelorum
1705 5644 1862 5698 fuerit
1885 5646 2183 5700 multitudo.
2216 5648 2287 5701 Ea
2315 5650 2507 5717 quippe

952 5735 1002 5785 in
1035 5733 1324 5803 scripturis
1349 5738 1533 5792 militia
1560 5737 1679 5792 οωΙὶ
1704 5736 1964 5791 nominari
1997 5738 2148 5793 solet.
2361 5737 2366 5741 ’

1022 5822 1181 5876 Inter.
1213 5824 1334 5878 Sil.
1367 5825 1639 5892 Quomodo
1663 5825 1814 5878 fidem
1843 5823 2027 5877 habuit
2061 5826 2242 5890 Iacob,
2269 5832 2499 5896 quando-

2568 2035 2765 2107 liticus]
2789 2037 2840 2090 in
2866 2036 2944 2090 eis
2965 2036 3054 2105 qui
3076 2035 3414 2090 crediderunt
3438 2038 3489 2090 in
3519 2037 3817 2102 Christum;
3845 2052 3907 2092 ex
3933 2039 4127 2106 quibus

2567 2133 2680 2178 erat
2703 2125 2795 2193 qui
2821 2124 3028 2178 dicebat
3061 2142 3073 2176 :
3107 2123 3174 2178 Et
3200 2141 3296 2194 ego
3326 2124 3563 2179 I’sraeiita
3595 2143 3658 2180 ea:
3682 2144 3860 2196 genere
3885 2128 4121 2188 Abralur,

2462 2245 2466 2250 ε
2566 2231 2632 2269 ex
2657 2215 2794 2268 tribu
2829 2213 3105 2283 Benjamin
3144 2212 3319 2283 (Rom.
3366 2229 3443 2278 ιιι,
3491 2215 3562 2281 l).
3612 2215 3760 2270 Utms
3801 2231 3929 2286 ergo
3970 2228 4128 2286 atque

2570 2305 2709 2359 idem
2733 2304 2896 2359 Iacob
2921 2314 2975 2358 et
2999 2304 3220 2359 claudus
3255 2314 3309 2359 et
3335 2307 3640 2360 benedictus
3669 2325 3681 2359 :
3719 2307 3938 2361 claudus
3966 2308 4017 2360 in
4056 2309 4127 2358 la-

2572 2401 2796 2456 titudine
2833 2400 3069 2461 femoris,
3125 2409 3375 2468 tanquam
3431 2398 3483 2452 in
3532 2396 3862 2450 multitudine
3900 2396 4124 2465 generis,

2573 2491 2637 2545 de
2668 2507 2772 2562 quo
2802 2491 3002 2562 dictum
3032 2498 3149 2546 est:
3179 2499 3226 2542 et
3255 2487 3672 2542 claudicarerunt
3715 2501 3748 2538 a
3789 2485 3979 2537 sentitis
4017 2484 4129 2537 suis

2575 2580 2743 2650 (Psal.
2793 2597 2920 2641 χιιι,
2971 2579 3081 2652 26).
3126 2578 3444 2633 Benedictus
3479 2585 3652 2630 autem
3695 2575 3747 2628 in
3785 2576 3885 2638 eis,
3918 2574 3984 2628 de
4005 2573 4129 2642 qui-

2575 2673 2675 2726 lius
2697 2672 2892 2725 dictum
2917 2681 2996 2723 est
3030 2687 3043 2723 :
3079 2668 3328 2737 Reliquit:
3350 2680 3441 2736 per
3463 2665 3754 2720 electionem
3775 2663 3954 2734 gratia:
3973 2661 4129 2716 salvae

2575 2761 2730 2830 facta:
2762 2769 2882 2812 sunt
2918 2758 3091 2829 (Rom.
3117 2769 3214 2822 xn,
3241 2755 3316 2827 5).

2647 2891 2809 2945 Inter.
2833 2891 2952 2945 243.
2970 2888 3099 2956 Quae
3119 2894 3202 2942 est
3223 2900 3382 2941 causa
3410 2885 3671 2939 immutati
3697 2883 3921 2937 nominis
3943 2881 4124 2941 Iacob.

2577 2988 2636 3034 ut
2661 2973 2821 3034 lsracl
2850 2986 3131 3032 vocaretur
3169 2961 3318 3048 (Gen.
3354 2990 3524 3049 xxxii,
3555 2973 3680 3046 28)?
3704 3003 3772 3014 —
3793 2971 3947 3042 Resp.
3971 2971 4124 3025 Varia

2579 3076 2734 3146 hujus
2770 3074 3000 3128 neminis
3039 3070 3404 3140 interpretatio
3439 3050 3761 3131 :es'timalur;
3809 3064 3899 3120 sed
3944 3065 4130 3120 beatus

2579 3162 2932 3233 Hieronymus
2984 3162 3163 3216 taliter
3206 3161 3273 3214 de
3320 3157 3437 3228 ejus
3484 3157 3915 3230 interpretatione
3957 3155 4124 3210 dixit:

2505 3252 2551 3314 C
2580 3269 2767 3309 sensus
2813 3254 2989 3321 itaque
3030 3251 3117 3306 hic
3156 3258 3240 3306 est
3268 3268 3281 3303 :
3309 3265 3415 3304 non
3445 3248 3718 3303 vocabitur
3755 3260 3944 3300 nomen
3985 3255 4128 3300 tuum

2581 3342 2968 3412 supplantator,
2999 3341 3101 3394 hoc
3135 3348 3234 3402 est,
3261 3335 3455 3403 Iacob;
3485 3338 3574 3392 sed
3599 3337 3872 3392 vocabitur
3889 3337 4132 3405 princeps

2579 3445 2700 3486 cum
2731 3430 2858 3492 Deo,
2880 3430 2982 3484 hoc
3011 3435 3111 3487 est.
3161 3426 3338 3482 Israel.
3373 3424 3648 3492 Quomodo
3678 3425 3821 3477 enim
3866 3425 4134 3494 egoprin-

2580 3531 2704 3587 ccps
2729 3534 2864 3580 sum,
2905 3517 2982 3571 sic
3016 3513 3116 3587 [et]
3151 3524 3228 3580 tu,
3277 3515 3369 3584 qui
3413 3528 3620 3568 meeum
3665 3513 3853 3566 luctari
3899 3513 4134 3582 potuisti,

2578 3605 2824 3674 princeps
2850 3604 3148 3657 vocaberis.
3198 3602 3256 3656 Si
3297 3609 3475 3655 autem
3503 3615 3627 3654 cum
3665 3601 3771 3654 Deo
3803 3601 3914 3655 sive
3951 3601 4136 3672 angelo

2584 3693 2856 3764 (quoniam
2883 3692 3124 3762 plerique
3147 3691 3295 3746 varie
3324 3689 3757 3761 interpretantur)
3786 3692 4021 3760 pugnare
4041 3706 4135 3759 po-

2585 3783 2752 3847 tuisti,
2782 3792 2982 3854 quanto
3007 3784 3175 3853 magis
3197 3797 3317 3838 cum
3356 3782 3678 3847 hominibus,
3704 3783 3804 3837 hoc
3841 3790 3940 3846 est.
3969 3768 4134 3853 [astu]

2585 3873 2741 3936 Esau,
2774 3873 2977 3945 [quem]
3009 3872 3299 3927 formidare
3326 3887 3434 3926 non
3471 3871 3648 3928 debes.

2658 4003 2820 4057 Inter.
2851 4003 2974 4057 244.
3011 4003 3148 4070 Quid
3179 4002 3302 4076 [sibi
3328 4002 3462 4074 vult)
3496 4004 3636 4074 quod
3662 4001 3824 4061 Iacob
3858 4004 3934 4058 ait
3966 4001 4136 4077 [fratri

2587 4092 2710 4166 suo]
2740 4109 2753 4144 :
2787 4092 2878 4148 Sic
2901 4094 3003 4146 vidi
3029 4093 3212 4163 {aciem
3238 4104 3401 4157 tuam,
3423 4089 3572 4164 quasi
3593 4093 3812 4148 viderem
3835 4092 4018 4162 facient
4044 4092 4140 4147 Dei

2590 4179 2740 4250 (Gen.
2769 4196 2962 4249 xxgm,
2985 4180 3088 4254 10).
3114 4180 3302 4236 Utrum
3329 4182 3566 4250 paventis
3587 4189 3643 4235 et
3660 4180 3952 4250 perturbati
3979 4179 4139 4233 animi

2593 4271 2753 4324 verba
2790 4274 2956 4338 usque
2989 4271 3044 4323 iu
3081 4271 3220 4326 hanc
3252 4271 3606 4326 adulationem
3651 4267 4037 4339 proruperunt?
4075 4299 4140 4310 —-

2601 4359 2750 4429 Resp.
2792 4359 2916 4414 Haec
2957 4361 3119 4414 verba
3168 4359 3401 4415 fraterna
3445 4369 3569 4414 sunt
3606 4368 3661 4414 et
3707 4360 3932 4430 benigno
3970 4359 4140 4414 animo

2594 4449 2754 4510 dicta,
2793 4449 3042 4517 quoniam
3081 4458 3199 4519 post
3224 4451 3504 4520 benignam
3548 4450 3934 4519 susceptionem
3974 4458 4140 4506 metus

2596 4539 2707 4608 ipse
2730 4539 3049 4594 transierat.
3091 4539 3156 4593 Et
3190 4540 3432 4594 lor:assis
3459 4539 3552 4593 Dei
3597 4540 3809 4595 nomine
3843 4540 4139 4608 angelorum

2597 4628 2826 4698 aliquem
2851 4628 2936 4683 vel
2967 4638 3271 4685 sanctorum
3298 4627 3449 4701 μισ..
3489 4629 3580 4684 Vel
3616 4628 3842 4696 aliquem
3881 4625 4139 4697 sanctum]

2597 4722 2698 4775 hoc
2736 4720 2852 4775 loco
2889 4721 3184 4792 intelligere
3207 4721 3485 4784 debemus,
3513 4719 3799 4774 secundum
3820 4717 4138 4788 Apostolum,

2597 4810 2686 4877 qui
2714 4811 2847 4864 dixit
2870 4825 2883 4862 :
2912 4810 3026 4864 Etsi
3041 4820 3169 4872 sunt
3188 4811 3276 4880 qui
3301 4810 3545 4862 dicuntur
3563 4808 3659 4873 dii,
3686 4809 3789 4862 sive
3809 4809 3863 4861 in
3883 4807 4026 4871 caelo,
4045 4808 4142 4862 sire

2598 4896 2651 4948 in
2673 4905 2831 4958 terra,
2854 4895 3282 4966 quemadmodum
3310 4904 3428 4949 sunt
3449 4895 3522 4949 dii
3549 4895 3698 4950 multi
3717 4906 3764 4949 et
3787 4896 3980 4960 domini
4001 4897 4143 4950 multi

2600 4983 2650 5052 (I
2682 4984 2802 5036 (ἔον.
2830 4999 2947 5049 vm,
2981 4985 3056 5055 5).

2671 5093 2831 5147 Inter.
2865 5095 2986 5147 243.
3015 5095 3288 5161 Quomodo
3324 5095 3567 5165 promisit
3589 5085 3764 5149 Iacob.
3781 5091 3930 5148 fratri
3957 5106 4068 5157 suo,
4089 5103 4144 5149 'it

2601 5195 2913 5252 sequeretur
2960 5187 3181 5255 vestigia
3221 5186 3337 5254 ejus
3383 5201 3504 5240 cum
3546 5184 3648 5238 alio
3690 5183 3875 5238 itinere
3919 5187 4145 5241 modem

2605 5275 2754 5343 (Gen.
2797 5289 2988 5337 nam,
3034 5275 3154 5345 l4)?
3181 5306 3248 5316 —-
3272 5276 3424 5345 Resp.
3467 5275 3626 5330 Forte
3654 5276 3718 5329 ad
3754 5275 3937 5331 horam
3967 5293 4142 5348 seque-

2603 5367 2878 5419 batur.Vel
2900 5367 3069 5436 primo
3093 5368 3293 5438 [veraci
3321 5364 3518 5437 animo]
3539 5367 3869 5435 promiserat,
3896 5367 3986 5421 sed
4010 5368 4142 5423 aliud

2603 5463 2785 5523 postea
2815 5453 3118 5525 [cogitando
3143 5455 3333 5528 [Edit.,
3362 5454 3647 5528 cogitabat]
3674 5453 3905 5526 delegit].

2676 5567 2836 5620 Inter.
2862 5567 2984 5622 246.
3009 5566 3281 5632 Quomodo
3307 5566 3411 5619 duo
3433 5566 3522 5620 filii
3548 5565 3710 5621 Iacob
3733 5573 3932 5620 tantam
3957 5567 4140 5622 eadem

2604 5663 2658 5707 et
2682 5655 3124 5722 deprredationem
3153 5668 3250 5722 per
3273 5668 3331 5708 se
3373 5655 3425 5708 in
3473 5664 3632 5712 terra.
3646 5654 3817 5713 aliena
3858 5653 4028 5710 facere
4057 5669 4143 5724 po—

2607 5752 2815 5796 tuerunt
2848 5742 2998 5812 (Gen.
3030 5756 3214 5806 xxxrv,
3245 5741 3370 5812 95)?
3393 5774 3462 5784 —
3485 5742 3634 5813 Resp.
3664 5742 3940 5797 Multitudo
3965 5741 4138 5816 [enim]

2607 5851 2708 5890 non
2755 5849 2915 5903 parva
2956 5840 3072 5886 erat
3115 5847 3236 5886 cum
3281 5830 3463 5899 Iacob,
3514 5833 3601 5902 qui
3645 5833 3925 5903 plurimum
3964 5832 4145 5888 ditatus
