  <div class='ocr_page' id='page_1' title='image "/cluster/home/n/w/nwhite01/storage/ocr_20150623/99-100/uc1.31175006946845/924.png"; bbox 0 0 4428 6394; ppageno 0'>
   <div class='ocr_carea' id='block_1_1' title="bbox 200 476 308 531">
    <p class='ocr_par' dir='ltr' id='par_1_1' title="bbox 200 476 308 531">
     <span class='ocr_line' id='line_1_1' title="bbox 200 476 308 531; baseline 0.009 -1"><span class='ocrx_word' id='word_1_1' title='bbox 200 476 308 531; x_wconf 75' lang='lat'><strong>555</strong></span> 
     </span>
    </p>
   </div>
   <div class='ocr_carea' id='block_1_2' title="bbox 807 462 2834 534">
    <p class='ocr_par' dir='ltr' id='par_1_2' title="bbox 807 462 2834 534">
     <span class='ocr_line' id='line_1_2' title="bbox 807 462 2834 534; baseline -0.002 -7"><span class='ocrx_word' id='word_1_2' title='bbox 807 469 1211 527; x_wconf 73' lang='lat' dir='ltr'><strong>EXEGETICA.</strong></span> <span class='ocrx_word' id='word_1_3' title='bbox 1250 498 1322 519; x_wconf 68' lang='grc' dir='ltr'><strong>-η-</strong></span> <span class='ocrx_word' id='word_1_4' title='bbox 1355 463 1729 522; x_wconf 72' lang='lat' dir='ltr'><strong>mrmnoo.</strong></span> <span class='ocrx_word' id='word_1_5' title='bbox 1769 462 1859 517; x_wconf 80' lang='lat' dir='ltr'><strong>ET</strong></span> <span class='ocrx_word' id='word_1_6' title='bbox 1894 462 2223 521; x_wconf 74' lang='lat' dir='ltr'><strong>RESPONS.</strong></span> <span class='ocrx_word' id='word_1_7' title='bbox 2264 466 2330 521; x_wconf 73' lang='lat' dir='ltr'><strong>IN</strong></span> <span class='ocrx_word' id='word_1_8' title='bbox 2368 468 2644 534; x_wconf 71' lang='lat' dir='ltr'><strong>GENES.,</strong></span> <span class='ocrx_word' id='word_1_9' title='bbox 2688 471 2834 527; x_wconf 84' lang='lat' dir='ltr'><strong>ETC.</strong></span> 
     </span>
    </p>
   </div>
   <div class='ocr_carea' id='block_1_3' title="bbox 3347 475 3445 527">
    <p class='ocr_par' dir='ltr' id='par_1_3' title="bbox 3347 475 3445 527">
     <span class='ocr_line' id='line_1_3' title="bbox 3347 475 3445 527; baseline 0 -1"><span class='ocrx_word' id='word_1_10' title='bbox 3347 475 3445 527; x_wconf 24' lang='lat'><strong>55.!</strong></span> 
     </span>
    </p>
   </div>
   <div class='ocr_carea' id='block_1_4' title="bbox 201 571 3455 654">
    <p class='ocr_par' dir='ltr' id='par_1_4' title="bbox 201 571 3455 654">
     <span class='ocr_line' id='line_1_4' title="bbox 201 571 3455 654; baseline 0 -16"><span class='ocrx_word' id='word_1_11' title='bbox 201 585 343 638; x_wconf 72' lang='lat' dir='ltr'><strong>fuit:</strong></span> <span class='ocrx_word' id='word_1_12' title='bbox 372 582 466 638; x_wconf 84' lang='lat' dir='ltr'><strong>sed</strong></span> <span class='ocrx_word' id='word_1_13' title='bbox 490 580 586 636; x_wconf 88' lang='lat' dir='ltr'><strong>lilii</strong></span> <span class='ocrx_word' id='word_1_14' title='bbox 614 578 733 648; x_wconf 88' lang='lat' dir='ltr'><strong>ejus</strong></span> <span class='ocrx_word' id='word_1_15' title='bbox 755 579 809 634; x_wconf 91' lang='lat' dir='ltr'><strong>in</strong></span> <span class='ocrx_word' id='word_1_16' title='bbox 838 579 939 634; x_wconf 90' lang='lat' dir='ltr'><strong>hoc</strong></span> <span class='ocrx_word' id='word_1_17' title='bbox 963 577 1106 633; x_wconf 82' lang='lat' dir='ltr'><strong>facto</strong></span> <span class='ocrx_word' id='word_1_18' title='bbox 1132 577 1495 639; x_wconf 76' lang='lat' dir='ltr'><strong>nominantur,</strong></span> <span class='ocrx_word' id='word_1_19' title='bbox 1523 575 1612 642; x_wconf 89' lang='lat' dir='ltr'><strong>qui</strong></span> <span class='ocrx_word' id='word_1_20' title='bbox 1633 572 1776 641; x_wconf 88' lang='lat' dir='ltr'><strong>ejus-</strong></span> <span class='ocrx_word' id='word_1_21' title='bbox 1804 572 1857 631; x_wconf 76' lang='grc' dir='ltr'><strong>Α</strong></span> <span class='ocrx_word' id='word_1_22' title='bbox 1883 572 2051 626; x_wconf 92' lang='lat' dir='ltr'><strong>noluit</strong></span> <span class='ocrx_word' id='word_1_23' title='bbox 2094 571 2339 630; x_wconf 89' lang='lat' dir='ltr'><strong>habitare</strong></span> <span class='ocrx_word' id='word_1_24' title='bbox 2371 592 2494 631; x_wconf 92' lang='lat' dir='ltr'><strong>cum</strong></span> <span class='ocrx_word' id='word_1_25' title='bbox 2546 581 2859 648; x_wconf 89' lang='lat' dir='ltr'><strong>parentibus</strong></span> <span class='ocrx_word' id='word_1_26' title='bbox 2907 582 3037 643; x_wconf 86' lang='lat' dir='ltr'><strong>suis,</strong></span> <span class='ocrx_word' id='word_1_27' title='bbox 3087 581 3243 654; x_wconf 82' lang='lat' dir='ltr'><strong>[sive]</strong></span> <span class='ocrx_word' id='word_1_28' title='bbox 3273 598 3340 637; x_wconf 79' lang='lat' dir='ltr'><strong>cx</strong></span> <span class='ocrx_word' id='word_1_29' title='bbox 3368 586 3455 638; x_wconf 88' lang='lat' dir='ltr'><strong>ilia</strong></span> 
     </span>
    </p>
   </div>
   <div class='ocr_carea' id='block_1_5' title="bbox 199 665 1435 741">
    <p class='ocr_par' dir='ltr' id='par_1_5' title="bbox 199 665 1435 741">
     <span class='ocr_line' id='line_1_5' title="bbox 199 665 1435 741; baseline -0.009 -12"><span class='ocrx_word' id='word_1_30' title='bbox 199 676 325 730; x_wconf 87' lang='lat' dir='ltr'><strong>dem</strong></span> <span class='ocrx_word' id='word_1_31' title='bbox 362 671 490 727; x_wconf 86' lang='lat' dir='ltr'><strong>facti</strong></span> <span class='ocrx_word' id='word_1_32' title='bbox 526 670 799 741; x_wconf 80' lang='lat' dir='ltr'><strong>principes</strong></span> <span class='ocrx_word' id='word_1_33' title='bbox 832 678 887 723; x_wconf 90' lang='lat' dir='ltr'><strong>et</strong></span> <span class='ocrx_word' id='word_1_34' title='bbox 915 677 1165 723; x_wconf 87' lang='lat' dir='ltr'><strong>auctores</strong></span> <span class='ocrx_word' id='word_1_35' title='bbox 1198 665 1435 720; x_wconf 86' lang='lat' dir='ltr'><strong>fuerunt.</strong></span> 
     </span>
    </p>
   </div>
   <div class='ocr_carea' id='block_1_6' title="bbox 272 755 1775 829">
    <p class='ocr_par' dir='ltr' id='par_1_6' title="bbox 272 755 1775 829">
     <span class='ocr_line' id='line_1_6' title="bbox 272 755 1775 829; baseline -0.007 -11"><span class='ocrx_word' id='word_1_36' title='bbox 272 760 441 818; x_wconf 85' lang='lat' dir='ltr'><strong>Inter.</strong></span> <span class='ocrx_word' id='word_1_37' title='bbox 470 761 596 817; x_wconf 71' lang='grc' dir='ltr'><strong>ΞΠ.</strong></span> <span class='ocrx_word' id='word_1_38' title='bbox 624 759 764 828; x_wconf 85' lang='lat' dir='ltr'><strong>Quid</strong></span> <span class='ocrx_word' id='word_1_39' title='bbox 789 766 873 815; x_wconf 88' lang='lat' dir='ltr'><strong>est</strong></span> <span class='ocrx_word' id='word_1_40' title='bbox 896 759 1039 829; x_wconf 91' lang='lat' dir='ltr'><strong>quod</strong></span> <span class='ocrx_word' id='word_1_41' title='bbox 1062 757 1231 814; x_wconf 87' lang='lat' dir='ltr'><strong>Iacob</strong></span> <span class='ocrx_word' id='word_1_42' title='bbox 1255 758 1391 813; x_wconf 91' lang='lat' dir='ltr'><strong>dixit</strong></span> <span class='ocrx_word' id='word_1_43' title='bbox 1417 755 1595 811; x_wconf 85' lang='lat' dir='ltr'><strong>domui</strong></span> <span class='ocrx_word' id='word_1_44' title='bbox 1622 769 1732 810; x_wconf 69' lang='lat' dir='ltr'><strong>sua:</strong></span> <span class='ocrx_word' id='word_1_45' title='bbox 1761 772 1775 807; x_wconf 88' lang='lat'><strong>:</strong></span> 
     </span>
    </p>
   </div>
   <div class='ocr_carea' id='block_1_7' title="bbox 199 844 1775 924">
    <p class='ocr_par' dir='ltr' id='par_1_7' title="bbox 199 844 1775 924">
     <span class='ocr_line' id='line_1_7' title="bbox 199 844 1775 924; baseline -0.007 -14"><span class='ocrx_word' id='word_1_46' title='bbox 199 851 456 924; x_wconf 80' lang='lat' dir='ltr'><strong>Projicite</strong></span> <span class='ocrx_word' id='word_1_47' title='bbox 491 852 615 907; x_wconf 76' lang='lat' dir='ltr'><strong>deos</strong></span> <span class='ocrx_word' id='word_1_48' title='bbox 643 851 842 905; x_wconf 84' lang='lat' dir='ltr'><strong>alienos</strong></span> <span class='ocrx_word' id='word_1_49' title='bbox 877 852 966 919; x_wconf 83' lang='lat' dir='ltr'><strong>qui</strong></span> <span class='ocrx_word' id='word_1_50' title='bbox 995 852 1049 902; x_wconf 89' lang='lat' dir='ltr'><strong>in</strong></span> <span class='ocrx_word' id='word_1_51' title='bbox 1088 848 1259 919; x_wconf 79' lang='lat' dir='ltr'><strong>medio</strong></span> <span class='ocrx_word' id='word_1_52' title='bbox 1287 856 1409 901; x_wconf 88' lang='lat' dir='ltr'><strong>sunt</strong></span> <span class='ocrx_word' id='word_1_53' title='bbox 1447 846 1598 902; x_wconf 73' lang='lat' dir='ltr'><strong>vestri</strong></span> <span class='ocrx_word' id='word_1_54' title='bbox 1624 844 1775 917; x_wconf 83' lang='lat' dir='ltr'><strong>(Gen.</strong></span> 
     </span>
    </p>
   </div>
   <div class='ocr_carea' id='block_1_8' title="bbox 194 938 1776 1016">
    <p class='ocr_par' dir='ltr' id='par_1_8' title="bbox 194 938 1776 1016">
     <span class='ocr_line' id='line_1_8' title="bbox 194 938 1776 1016; baseline -0.004 -17"><span class='ocrx_word' id='word_1_55' title='bbox 194 960 366 1010; x_wconf 87' lang='lat' dir='ltr'><strong>xxxv,</strong></span> <span class='ocrx_word' id='word_1_56' title='bbox 393 943 487 1016; x_wconf 73' lang='lat'><strong>2)?</strong></span> <span class='ocrx_word' id='word_1_57' title='bbox 513 944 579 998; x_wconf 84' lang='lat' dir='ltr'><strong>Et</strong></span> <span class='ocrx_word' id='word_1_58' title='bbox 612 945 807 998; x_wconf 89' lang='lat' dir='ltr'><strong>iterum</strong></span> <span class='ocrx_word' id='word_1_59' title='bbox 838 961 851 996; x_wconf 91' lang='lat'><strong>:</strong></span> <span class='ocrx_word' id='word_1_60' title='bbox 890 942 1157 997; x_wconf 81' lang='lat' dir='ltr'><strong>Dederunt</strong></span> <span class='ocrx_word' id='word_1_61' title='bbox 1191 942 1240 995; x_wconf 86' lang='lat' dir='ltr'><strong>ei</strong></span> <span class='ocrx_word' id='word_1_62' title='bbox 1272 957 1447 995; x_wconf 82' lang='lat' dir='ltr'><strong>omnes</strong></span> <span class='ocrx_word' id='word_1_63' title='bbox 1487 940 1610 993; x_wconf 85' lang='lat' dir='ltr'><strong>deos</strong></span> <span class='ocrx_word' id='word_1_64' title='bbox 1644 938 1776 993; x_wconf 82' lang='lat' dir='ltr'><strong>alie-</strong></span> 
     </span>
    </p>
   </div>
   <div class='ocr_carea' id='block_1_9' title="bbox 196 1028 1776 1104">
    <p class='ocr_par' dir='ltr' id='par_1_9' title="bbox 196 1028 1776 1104">
     <span class='ocr_line' id='line_1_9' title="bbox 196 1028 1776 1104; baseline -0.006 -15"><span class='ocrx_word' id='word_1_65' title='bbox 196 1050 314 1097; x_wconf 79' lang='lat' dir='ltr'><strong>nos,</strong></span> <span class='ocrx_word' id='word_1_66' title='bbox 340 1049 467 1104; x_wconf 75' lang='lat' dir='ltr'><strong>quos</strong></span> <span class='ocrx_word' id='word_1_67' title='bbox 492 1033 767 1095; x_wconf 80' lang='lat' dir='ltr'><strong>habebant,</strong></span> <span class='ocrx_word' id='word_1_68' title='bbox 799 1040 846 1085; x_wconf 90' lang='lat' dir='ltr'><strong>et</strong></span> <span class='ocrx_word' id='word_1_69' title='bbox 874 1033 1083 1085; x_wconf 85' lang='lat' dir='ltr'><strong>inaures</strong></span> <span class='ocrx_word' id='word_1_70' title='bbox 1108 1046 1224 1101; x_wconf 72' lang='lat' dir='ltr'><strong>qua:</strong></span> <span class='ocrx_word' id='word_1_71' title='bbox 1256 1030 1313 1083; x_wconf 85' lang='lat' dir='ltr'><strong>in</strong></span> <span class='ocrx_word' id='word_1_72' title='bbox 1349 1028 1565 1083; x_wconf 86' lang='lat' dir='ltr'><strong>auribus</strong></span> <span class='ocrx_word' id='word_1_73' title='bbox 1598 1044 1776 1082; x_wconf 85' lang='lat' dir='ltr'><strong>eorum</strong></span> 
     </span>
    </p>
   </div>
   <div class='ocr_carea' id='block_1_10' title="bbox 193 1121 1776 1195">
    <p class='ocr_par' dir='ltr' id='par_1_10' title="bbox 193 1121 1776 1195">
     <span class='ocr_line' id='line_1_10' title="bbox 193 1121 1776 1195; baseline -0.003 -17"><span class='ocrx_word' id='word_1_74' title='bbox 193 1134 349 1178; x_wconf 87' lang='lat' dir='ltr'><strong>erant</strong></span> <span class='ocrx_word' id='word_1_75' title='bbox 378 1124 529 1195; x_wconf 77' lang='lat' dir='ltr'><strong>(vers.</strong></span> <span class='ocrx_word' id='word_1_76' title='bbox 566 1123 641 1194; x_wconf 68' lang='grc'><strong>4).</strong></span> <span class='ocrx_word' id='word_1_77' title='bbox 672 1122 800 1190; x_wconf 64' lang='lat' dir='ltr'><strong>Quae</strong></span> <span class='ocrx_word' id='word_1_78' title='bbox 828 1122 872 1177; x_wconf 90' lang='lat' dir='ltr'><strong>si</strong></span> <span class='ocrx_word' id='word_1_79' title='bbox 899 1130 1213 1177; x_wconf 87' lang='lat' dir='ltr'><strong>ornamenta</strong></span> <span class='ocrx_word' id='word_1_80' title='bbox 1248 1130 1420 1186; x_wconf 91' lang='lat' dir='ltr'><strong>erant,</strong></span> <span class='ocrx_word' id='word_1_81' title='bbox 1452 1123 1519 1176; x_wconf 87' lang='lat' dir='ltr'><strong>ad</strong></span> <span class='ocrx_word' id='word_1_82' title='bbox 1557 1121 1776 1175; x_wconf 81' lang='lat' dir='ltr'><strong>idolola-</strong></span> 
     </span>
    </p>
   </div>
   <div class='ocr_carea' id='block_1_11' title="bbox 195 1210 1774 1283">
    <p class='ocr_par' dir='ltr' id='par_1_11' title="bbox 195 1210 1774 1283">
     <span class='ocr_line' id='line_1_11' title="bbox 195 1210 1774 1283; baseline 0 -18"><span class='ocrx_word' id='word_1_83' title='bbox 195 1214 360 1267; x_wconf 86' lang='lat' dir='ltr'><strong>triam</strong></span> <span class='ocrx_word' id='word_1_84' title='bbox 394 1227 500 1267; x_wconf 89' lang='lat' dir='ltr'><strong>non</strong></span> <span class='ocrx_word' id='word_1_85' title='bbox 531 1212 903 1281; x_wconf 75' lang='lat' dir='ltr'><strong>pertinebant?</strong></span> <span class='ocrx_word' id='word_1_86' title='bbox 926 1241 997 1251; x_wconf 91' lang='lat'><strong>—</strong></span> <span class='ocrx_word' id='word_1_87' title='bbox 1021 1210 1177 1281; x_wconf 87' lang='lat' dir='ltr'><strong>Resp.</strong></span> <span class='ocrx_word' id='word_1_88' title='bbox 1226 1212 1627 1283; x_wconf 85' lang='lat' dir='ltr'><strong>Intelligendum</strong></span> <span class='ocrx_word' id='word_1_89' title='bbox 1669 1223 1774 1275; x_wconf 89' lang='lat' dir='ltr'><strong>est,</strong></span> 
     </span>
    </p>
   </div>
   <div class='ocr_carea' id='block_1_12' title="bbox 194 1299 1771 1370">
    <p class='ocr_par' dir='ltr' id='par_1_12' title="bbox 194 1299 1771 1370">
     <span class='ocr_line' id='line_1_12' title="bbox 194 1299 1771 1370; baseline -0.002 -15"><span class='ocrx_word' id='word_1_90' title='bbox 194 1300 299 1355; x_wconf 88' lang='lat' dir='ltr'><strong>has</strong></span> <span class='ocrx_word' id='word_1_91' title='bbox 344 1300 560 1355; x_wconf 82' lang='lat' dir='ltr'><strong>inaures</strong></span> <span class='ocrx_word' id='word_1_92' title='bbox 603 1300 934 1370; x_wconf 85' lang='lat' dir='ltr'><strong>phylacteria</strong></span> <span class='ocrx_word' id='word_1_93' title='bbox 981 1299 1145 1354; x_wconf 91' lang='lat' dir='ltr'><strong>fuisse</strong></span> <span class='ocrx_word' id='word_1_94' title='bbox 1189 1300 1409 1355; x_wconf 92' lang='lat' dir='ltr'><strong>deorum</strong></span> <span class='ocrx_word' id='word_1_95' title='bbox 1457 1300 1771 1355; x_wconf 89' lang='lat' dir='ltr'><strong>alienorum.</strong></span> 
     </span>
    </p>
   </div>
   <div class='ocr_carea' id='block_1_13' title="bbox 191 1371 1776 1469">
    <p class='ocr_par' dir='ltr' id='par_1_13' title="bbox 191 1371 1776 1469">
     <span class='ocr_line' id='line_1_13' title="bbox 191 1371 1776 1469; baseline -0.001 -26"><span class='ocrx_word' id='word_1_96' title='bbox 191 1388 334 1444; x_wconf 81' lang='lat' dir='ltr'><strong>Nam</strong></span> <span class='ocrx_word' id='word_1_97' title='bbox 370 1387 665 1443; x_wconf 78' lang='lat' dir='ltr'><strong>Rebeccam</strong></span> <span class='ocrx_word' id='word_1_98' title='bbox 703 1404 733 1442; x_wconf 89' lang='lat' dir='ltr'><strong>a</strong></span> <span class='ocrx_word' id='word_1_99' title='bbox 774 1403 929 1443; x_wconf 85' lang='lat' dir='ltr'><strong>servo</strong></span> <span class='ocrx_word' id='word_1_100' title='bbox 975 1371 1203 1443; x_wconf 51' lang='lat' dir='ltr'><strong>Abrahie</strong></span> <span class='ocrx_word' id='word_1_101' title='bbox 1246 1390 1458 1443; x_wconf 86' lang='lat' dir='ltr'><strong>inaures</strong></span> <span class='ocrx_word' id='word_1_102' title='bbox 1508 1390 1776 1469; x_wconf 81' lang='lat' dir='ltr'><strong>accepisse</strong></span> 
     </span>
    </p>
   </div>
   <div class='ocr_carea' id='block_1_14' title="bbox 194 1468 1776 1550">
    <p class='ocr_par' dir='ltr' id='par_1_14' title="bbox 194 1468 1776 1550">
     <span class='ocr_line' id='line_1_14' title="bbox 194 1468 1776 1550; baseline -0.002 -16"><span class='ocrx_word' id='word_1_103' title='bbox 194 1477 477 1550; x_wconf 86' lang='lat' dir='ltr'><strong>Scriptura</strong></span> <span class='ocrx_word' id='word_1_104' title='bbox 505 1487 772 1533; x_wconf 88' lang='lat' dir='ltr'><strong>testatur:</strong></span> <span class='ocrx_word' id='word_1_105' title='bbox 804 1479 945 1549; x_wconf 89' lang='lat' dir='ltr'><strong>quod</strong></span> <span class='ocrx_word' id='word_1_106' title='bbox 990 1495 1095 1533; x_wconf 91' lang='lat' dir='ltr'><strong>non</strong></span> <span class='ocrx_word' id='word_1_107' title='bbox 1127 1479 1299 1543; x_wconf 84' lang='lat' dir='ltr'><strong>ﬁeret,</strong></span> <span class='ocrx_word' id='word_1_108' title='bbox 1348 1480 1392 1533; x_wconf 90' lang='lat' dir='ltr'><strong>si</strong></span> <span class='ocrx_word' id='word_1_109' title='bbox 1440 1480 1520 1535; x_wconf 90' lang='lat' dir='ltr'><strong>eis</strong></span> <span class='ocrx_word' id='word_1_110' title='bbox 1562 1468 1776 1533; x_wconf 85' lang='lat' dir='ltr'><strong>inaures</strong></span> 
     </span>
    </p>
   </div>
   <div class='ocr_carea' id='block_1_15' title="bbox 190 1568 1775 1638">
    <p class='ocr_par' dir='ltr' id='par_1_15' title="bbox 190 1568 1775 1638">
     <span class='ocr_line' id='line_1_15' title="bbox 190 1568 1775 1638; baseline -0.001 -15"><span class='ocrx_word' id='word_1_111' title='bbox 190 1568 393 1623; x_wconf 85' lang='lat' dir='ltr'><strong>habere</strong></span> <span class='ocrx_word' id='word_1_112' title='bbox 429 1568 733 1623; x_wconf 84' lang='lat' dir='ltr'><strong>ornamenti</strong></span> <span class='ocrx_word' id='word_1_113' title='bbox 778 1569 952 1638; x_wconf 89' lang='lat' dir='ltr'><strong>gratia</strong></span> <span class='ocrx_word' id='word_1_114' title='bbox 1000 1584 1104 1623; x_wconf 92' lang='lat' dir='ltr'><strong>non</strong></span> <span class='ocrx_word' id='word_1_115' title='bbox 1152 1568 1355 1623; x_wconf 82' lang='lat' dir='ltr'><strong>liceret.</strong></span> <span class='ocrx_word' id='word_1_116' title='bbox 1391 1569 1531 1638; x_wconf 84' lang='lat' dir='ltr'><strong>Ergo</strong></span> <span class='ocrx_word' id='word_1_117' title='bbox 1557 1568 1660 1622; x_wconf 70' lang='lat' dir='ltr'><strong>illa:</strong></span> <span class='ocrx_word' id='word_1_118' title='bbox 1695 1569 1775 1622; x_wconf 91' lang='lat' dir='ltr'><strong>in-</strong></span> 
     </span>
    </p>
   </div>
   <div class='ocr_carea' id='block_1_16' title="bbox 189 1659 1770 1732">
    <p class='ocr_par' dir='ltr' id='par_1_16' title="bbox 189 1659 1770 1732">
     <span class='ocr_line' id='line_1_16' title="bbox 189 1659 1770 1732; baseline -0.002 -16"><span class='ocrx_word' id='word_1_119' title='bbox 189 1676 377 1726; x_wconf 83' lang='lat' dir='ltr'><strong>aures,</strong></span> <span class='ocrx_word' id='word_1_120' title='bbox 400 1675 731 1732; x_wconf 78' lang='lat' dir='ltr'><strong>quzecunque</strong></span> <span class='ocrx_word' id='word_1_121' title='bbox 756 1660 947 1731; x_wconf 74' lang='lat' dir='ltr'><strong>[h‘dit.,</strong></span> <span class='ocrx_word' id='word_1_122' title='bbox 974 1676 1091 1729; x_wconf 72' lang='lat' dir='ltr'><strong>qua:</strong></span> <span class='ocrx_word' id='word_1_123' title='bbox 1110 1659 1257 1732; x_wconf 92' lang='lat' dir='ltr'><strong>cum]</strong></span> <span class='ocrx_word' id='word_1_124' title='bbox 1291 1659 1446 1714; x_wconf 88' lang='lat' dir='ltr'><strong>idolis</strong></span> <span class='ocrx_word' id='word_1_125' title='bbox 1473 1661 1609 1719; x_wconf 80' lang='lat' dir='ltr'><strong>datae</strong></span> <span class='ocrx_word' id='word_1_126' title='bbox 1628 1669 1770 1722; x_wconf 89' lang='lat' dir='ltr'><strong>sunt,</strong></span> 
     </span>
    </p>
   </div>
   <div class='ocr_carea' id='block_1_17' title="bbox 187 1750 1523 1823">
    <p class='ocr_par' dir='ltr' id='par_1_17' title="bbox 187 1750 1523 1823">
     <span class='ocr_line' id='line_1_17' title="bbox 187 1750 1523 1823; baseline -0.004 -15"><span class='ocrx_word' id='word_1_127' title='bbox 187 1760 255 1808; x_wconf 81' lang='lat' dir='ltr'><strong>ut</strong></span> <span class='ocrx_word' id='word_1_128' title='bbox 282 1752 485 1807; x_wconf 89' lang='lat' dir='ltr'><strong>dictum</strong></span> <span class='ocrx_word' id='word_1_129' title='bbox 514 1761 617 1816; x_wconf 90' lang='lat' dir='ltr'><strong>est,</strong></span> <span class='ocrx_word' id='word_1_130' title='bbox 639 1751 903 1806; x_wconf 84' lang='lat' dir='ltr'><strong>idolorum</strong></span> <span class='ocrx_word' id='word_1_131' title='bbox 932 1751 1261 1823; x_wconf 82' lang='lat' dir='ltr'><strong>phylaeteria</strong></span> <span class='ocrx_word' id='word_1_132' title='bbox 1287 1750 1523 1806; x_wconf 86' lang='lat' dir='ltr'><strong>fuerunt.</strong></span> 
     </span>
    </p>
   </div>
   <div class='ocr_carea' id='block_1_18' title="bbox 262 1841 1765 1912">
    <p class='ocr_par' dir='ltr' id='par_1_18' title="bbox 262 1841 1765 1912">
     <span class='ocr_line' id='line_1_18' title="bbox 262 1841 1765 1912; baseline -0.003 -13"><span class='ocrx_word' id='word_1_133' title='bbox 262 1843 427 1901; x_wconf 91' lang='lat' dir='ltr'><strong>Inter.</strong></span> <span class='ocrx_word' id='word_1_134' title='bbox 455 1844 578 1899; x_wconf 71' lang='grc'><strong>248.</strong></span> <span class='ocrx_word' id='word_1_135' title='bbox 612 1844 789 1910; x_wconf 81' lang='lat' dir='ltr'><strong>Quare</strong></span> <span class='ocrx_word' id='word_1_136' title='bbox 814 1844 1048 1899; x_wconf 90' lang='lat' dir='ltr'><strong>secundo</strong></span> <span class='ocrx_word' id='word_1_137' title='bbox 1083 1844 1280 1898; x_wconf 89' lang='lat' dir='ltr'><strong>dicitur</strong></span> <span class='ocrx_word' id='word_1_138' title='bbox 1318 1842 1386 1896; x_wconf 90' lang='lat' dir='ltr'><strong>ad</strong></span> <span class='ocrx_word' id='word_1_139' title='bbox 1424 1841 1588 1897; x_wconf 86' lang='lat' dir='ltr'><strong>Iacob</strong></span> <span class='ocrx_word' id='word_1_140' title='bbox 1615 1843 1765 1912; x_wconf 71' lang='lat' dir='ltr'><strong>(vers.</strong></span> 
     </span>
    </p>
   </div>
   <div class='ocr_carea' id='block_1_19' title="bbox 1790 664 3456 741">
    <p class='ocr_par' dir='ltr' id='par_1_19' title="bbox 1790 664 3456 741">
     <span class='ocr_line' id='line_1_19' title="bbox 1790 664 3456 741; baseline 0.008 -28"><span class='ocrx_word' id='word_1_141' title='bbox 1790 674 1793 677; x_wconf 92' lang='grc'><strong>·</strong></span> <span class='ocrx_word' id='word_1_142' title='bbox 1881 665 2299 719; x_wconf 86' lang='lat' dir='ltr'><strong>commutatione</strong></span> <span class='ocrx_word' id='word_1_143' title='bbox 2353 664 2503 737; x_wconf 66' lang='grc' dir='ltr'><strong>[ιιι.</strong></span> <span class='ocrx_word' id='word_1_144' title='bbox 2558 669 2944 741; x_wconf 86' lang='lat' dir='ltr'><strong>commotione]</strong></span> <span class='ocrx_word' id='word_1_145' title='bbox 2995 686 3098 740; x_wconf 80' lang='lat' dir='ltr'><strong>qua</strong></span> <span class='ocrx_word' id='word_1_146' title='bbox 3155 672 3369 729; x_wconf 76' lang='lat' dir='ltr'><strong>dolebat</strong></span> <span class='ocrx_word' id='word_1_147' title='bbox 3400 692 3456 730; x_wconf 73' lang='lat' dir='ltr'><strong>se</strong></span> 
     </span>
    </p>
   </div>
   <div class='ocr_carea' id='block_1_20' title="bbox 1878 751 3456 823">
    <p class='ocr_par' dir='ltr' id='par_1_20' title="bbox 1878 751 3456 823">
     <span class='ocr_line' id='line_1_20' title="bbox 1878 751 3456 823; baseline 0.009 -18"><span class='ocrx_word' id='word_1_148' title='bbox 1878 751 2249 810; x_wconf 85' lang='lat' dir='ltr'><strong>benedictione</strong></span> <span class='ocrx_word' id='word_1_149' title='bbox 2296 754 2647 823; x_wconf 81' lang='lat' dir='ltr'><strong>fraudatum;</strong></span> <span class='ocrx_word' id='word_1_150' title='bbox 2680 761 2791 814; x_wconf 88' lang='lat' dir='ltr'><strong>sive</strong></span> <span class='ocrx_word' id='word_1_151' title='bbox 2850 776 3014 818; x_wconf 86' lang='lat' dir='ltr'><strong>causa</strong></span> <span class='ocrx_word' id='word_1_152' title='bbox 3067 778 3297 818; x_wconf 81' lang='lat' dir='ltr'><strong>uxorum</strong></span> <span class='ocrx_word' id='word_1_153' title='bbox 3332 780 3456 821; x_wconf 85' lang='lat' dir='ltr'><strong>sus-</strong></span> 
     </span>
    </p>
   </div>
   <div class='ocr_carea' id='block_1_21' title="bbox 1879 842 3457 919">
    <p class='ocr_par' dir='ltr' id='par_1_21' title="bbox 1879 842 3457 919">
     <span class='ocr_line' id='line_1_21' title="bbox 1879 842 3457 919; baseline 0.01 -26"><span class='ocrx_word' id='word_1_154' title='bbox 1879 855 2020 905; x_wconf 86' lang='lat' dir='ltr'><strong>rum,</strong></span> <span class='ocrx_word' id='word_1_155' title='bbox 2048 855 2183 910; x_wconf 88' lang='lat' dir='ltr'><strong>quas</strong></span> <span class='ocrx_word' id='word_1_156' title='bbox 2223 842 2438 899; x_wconf 81' lang='lat' dir='ltr'><strong>odiosas</strong></span> <span class='ocrx_word' id='word_1_157' title='bbox 2484 846 2699 900; x_wconf 81' lang='lat' dir='ltr'><strong>videbat</strong></span> <span class='ocrx_word' id='word_1_158' title='bbox 2728 862 2849 903; x_wconf 88' lang='lat' dir='ltr'><strong>esse</strong></span> <span class='ocrx_word' id='word_1_159' title='bbox 2889 852 3225 919; x_wconf 87' lang='lat' dir='ltr'><strong>parentibus,</strong></span> <span class='ocrx_word' id='word_1_160' title='bbox 3255 861 3311 907; x_wconf 86' lang='lat' dir='ltr'><strong>et</strong></span> <span class='ocrx_word' id='word_1_161' title='bbox 3347 868 3457 910; x_wconf 73' lang='lat' dir='ltr'><strong>cm-</strong></span> 
     </span>
    </p>
   </div>
   <div class='ocr_carea' id='block_1_22' title="bbox 1877 932 3456 1009">
    <p class='ocr_par' dir='ltr' id='par_1_22' title="bbox 1877 932 3456 1009">
     <span class='ocr_line' id='line_1_22' title="bbox 1877 932 3456 1009; baseline 0.009 -27"><span class='ocrx_word' id='word_1_162' title='bbox 1877 938 2037 999; x_wconf 80' lang='lat' dir='ltr'><strong>perat</strong></span> <span class='ocrx_word' id='word_1_163' title='bbox 2058 932 2304 987; x_wconf 90' lang='lat' dir='ltr'><strong>habitare</strong></span> <span class='ocrx_word' id='word_1_164' title='bbox 2328 934 2379 987; x_wconf 92' lang='lat' dir='ltr'><strong>in</strong></span> <span class='ocrx_word' id='word_1_165' title='bbox 2427 943 2605 989; x_wconf 87' lang='lat' dir='ltr'><strong>monte</strong></span> <span class='ocrx_word' id='word_1_166' title='bbox 2630 934 2769 990; x_wconf 87' lang='lat' dir='ltr'><strong>Seir.</strong></span> <span class='ocrx_word' id='word_1_167' title='bbox 2819 937 3021 993; x_wconf 87' lang='lat' dir='ltr'><strong>Deinde</strong></span> <span class='ocrx_word' id='word_1_168' title='bbox 3062 951 3184 1009; x_wconf 87' lang='lat' dir='ltr'><strong>post</strong></span> <span class='ocrx_word' id='word_1_169' title='bbox 3225 942 3456 998; x_wconf 88' lang='lat' dir='ltr'><strong>reditum</strong></span> 
     </span>
    </p>
   </div>
   <div class='ocr_carea' id='block_1_23' title="bbox 1875 1016 3457 1097">
    <p class='ocr_par' dir='ltr' id='par_1_23' title="bbox 1875 1016 3457 1097">
     <span class='ocr_line' id='line_1_23' title="bbox 1875 1016 3457 1097; baseline 0.009 -24"><span class='ocrx_word' id='word_1_170' title='bbox 1875 1016 2042 1075; x_wconf 86' lang='lat' dir='ltr'><strong>Iacob</strong></span> <span class='ocrx_word' id='word_1_171' title='bbox 2073 1021 2258 1076; x_wconf 75' lang='lat' dir='ltr'><strong>fratris</strong></span> <span class='ocrx_word' id='word_1_172' title='bbox 2286 1023 2391 1086; x_wconf 90' lang='lat' dir='ltr'><strong>sui,</strong></span> <span class='ocrx_word' id='word_1_173' title='bbox 2452 1024 2593 1078; x_wconf 87' lang='lat' dir='ltr'><strong>facta</strong></span> <span class='ocrx_word' id='word_1_174' title='bbox 2640 1027 2781 1080; x_wconf 86' lang='lat' dir='ltr'><strong>inter</strong></span> <span class='ocrx_word' id='word_1_175' title='bbox 2808 1042 2901 1082; x_wconf 90' lang='lat' dir='ltr'><strong>eos</strong></span> <span class='ocrx_word' id='word_1_176' title='bbox 2929 1032 3237 1097; x_wconf 81' lang='lat' dir='ltr'><strong>concordia,</strong></span> <span class='ocrx_word' id='word_1_177' title='bbox 3275 1048 3457 1095; x_wconf 65' lang='grc' dir='ltr'><strong>γει-εις</strong></span> 
     </span>
    </p>
   </div>
   <div class='ocr_carea' id='block_1_24' title="bbox 1877 1111 3454 1193">
    <p class='ocr_par' dir='ltr' id='par_1_24' title="bbox 1877 1111 3454 1193">
     <span class='ocr_line' id='line_1_24' title="bbox 1877 1111 3454 1193; baseline 0.011 -32"><span class='ocrx_word' id='word_1_178' title='bbox 1877 1122 1969 1162; x_wconf 89' lang='lat' dir='ltr'><strong>sus</strong></span> <span class='ocrx_word' id='word_1_179' title='bbox 1999 1116 2082 1163; x_wconf 87' lang='lat' dir='ltr'><strong>est</strong></span> <span class='ocrx_word' id='word_1_180' title='bbox 2110 1118 2164 1163; x_wconf 92' lang='lat' dir='ltr'><strong>et</strong></span> <span class='ocrx_word' id='word_1_181' title='bbox 2213 1111 2326 1180; x_wconf 88' lang='lat' dir='ltr'><strong>ipse</strong></span> <span class='ocrx_word' id='word_1_182' title='bbox 2358 1112 2426 1166; x_wconf 91' lang='lat' dir='ltr'><strong>ad</strong></span> <span class='ocrx_word' id='word_1_183' title='bbox 2460 1122 2753 1183; x_wconf 85' lang='lat' dir='ltr'><strong>parentes;</strong></span> <span class='ocrx_word' id='word_1_184' title='bbox 2791 1125 2845 1171; x_wconf 89' lang='lat' dir='ltr'><strong>et</strong></span> <span class='ocrx_word' id='word_1_185' title='bbox 2889 1133 3012 1172; x_wconf 89' lang='lat' dir='ltr'><strong>cum</strong></span> <span class='ocrx_word' id='word_1_186' title='bbox 3062 1130 3333 1177; x_wconf 89' lang='lat' dir='ltr'><strong>mortuum</strong></span> <span class='ocrx_word' id='word_1_187' title='bbox 3358 1138 3454 1193; x_wconf 82' lang='lat' dir='ltr'><strong>pa-</strong></span> 
     </span>
    </p>
   </div>
   <div class='ocr_carea' id='block_1_25' title="bbox 1876 1198 3456 1278">
    <p class='ocr_par' dir='ltr' id='par_1_25' title="bbox 1876 1198 3456 1278">
     <span class='ocr_line' id='line_1_25' title="bbox 1876 1198 3456 1278; baseline 0.009 -26"><span class='ocrx_word' id='word_1_188' title='bbox 1876 1206 2012 1252; x_wconf 89' lang='lat' dir='ltr'><strong>trem</strong></span> <span class='ocrx_word' id='word_1_189' title='bbox 2044 1198 2201 1253; x_wconf 89' lang='lat' dir='ltr'><strong>simul</strong></span> <span class='ocrx_word' id='word_1_190' title='bbox 2251 1202 2588 1272; x_wconf 87' lang='lat' dir='ltr'><strong>sepelissent,</strong></span> <span class='ocrx_word' id='word_1_191' title='bbox 2635 1206 2760 1275; x_wconf 89' lang='lat' dir='ltr'><strong>quia</strong></span> <span class='ocrx_word' id='word_1_192' title='bbox 2785 1222 2876 1261; x_wconf 89' lang='lat' dir='ltr'><strong>eos</strong></span> <span class='ocrx_word' id='word_1_193' title='bbox 2924 1208 3213 1278; x_wconf 90' lang='lat' dir='ltr'><strong>plurimum</strong></span> <span class='ocrx_word' id='word_1_194' title='bbox 3258 1213 3456 1269; x_wconf 84' lang='lat' dir='ltr'><strong>ditatos</strong></span> 
     </span>
    </p>
   </div>
   <div class='ocr_carea' id='block_1_26' title="bbox 1875 1289 3454 1371">
    <p class='ocr_par' dir='ltr' id='par_1_26' title="bbox 1875 1289 3454 1371">
     <span class='ocr_line' id='line_1_26' title="bbox 1875 1289 3454 1371; baseline 0.011 -30"><span class='ocrx_word' id='word_1_195' title='bbox 1875 1296 2021 1342; x_wconf 90' lang='lat' dir='ltr'><strong>terra</strong></span> <span class='ocrx_word' id='word_1_196' title='bbox 2052 1289 2164 1355; x_wconf 91' lang='lat' dir='ltr'><strong>illa,</strong></span> <span class='ocrx_word' id='word_1_197' title='bbox 2195 1293 2335 1346; x_wconf 86' lang='lat' dir='ltr'><strong>sicut</strong></span> <span class='ocrx_word' id='word_1_198' title='bbox 2358 1296 2613 1364; x_wconf 89' lang='lat' dir='ltr'><strong>scriptum</strong></span> <span class='ocrx_word' id='word_1_199' title='bbox 2634 1305 2738 1361; x_wconf 88' lang='lat' dir='ltr'><strong>est,</strong></span> <span class='ocrx_word' id='word_1_200' title='bbox 2768 1297 2987 1353; x_wconf 81' lang='lat' dir='ltr'><strong>minime</strong></span> <span class='ocrx_word' id='word_1_201' title='bbox 3033 1303 3303 1371; x_wconf 80' lang='lat' dir='ltr'><strong>capiebat,</strong></span> <span class='ocrx_word' id='word_1_202' title='bbox 3334 1306 3454 1357; x_wconf 77' lang='lat' dir='ltr'><strong>abs-</strong></span> 
     </span>
    </p>
   </div>
   <div class='ocr_carea' id='block_1_27' title="bbox 1874 1379 3453 1461">
    <p class='ocr_par' dir='ltr' id='par_1_27' title="bbox 1874 1379 3453 1461">
     <span class='ocr_line' id='line_1_27' title="bbox 1874 1379 3453 1461; baseline 0.01 -29"><span class='ocrx_word' id='word_1_203' title='bbox 1874 1379 2036 1433; x_wconf 87' lang='lat' dir='ltr'><strong>cessit</strong></span> <span class='ocrx_word' id='word_1_204' title='bbox 2068 1395 2257 1435; x_wconf 86' lang='lat' dir='ltr'><strong>rursus</strong></span> <span class='ocrx_word' id='word_1_205' title='bbox 2285 1382 2336 1437; x_wconf 92' lang='lat' dir='ltr'><strong>in</strong></span> <span class='ocrx_word' id='word_1_206' title='bbox 2363 1381 2504 1447; x_wconf 88' lang='lat' dir='ltr'><strong>Scir,</strong></span> <span class='ocrx_word' id='word_1_207' title='bbox 2534 1393 2588 1439; x_wconf 93' lang='lat' dir='ltr'><strong>et</strong></span> <span class='ocrx_word' id='word_1_208' title='bbox 2628 1386 2696 1440; x_wconf 91' lang='lat' dir='ltr'><strong>ibi</strong></span> <span class='ocrx_word' id='word_1_209' title='bbox 2740 1390 3054 1457; x_wconf 76' lang='lat' dir='ltr'><strong>propagavit</strong></span> <span class='ocrx_word' id='word_1_210' title='bbox 3093 1400 3304 1461; x_wconf 77' lang='lat' dir='ltr'><strong>gentem</strong></span> <span class='ocrx_word' id='word_1_211' title='bbox 3335 1394 3453 1447; x_wconf 89' lang='lat' dir='ltr'><strong>ldu—</strong></span> 
     </span>
    </p>
   </div>
   <div class='ocr_carea' id='block_1_28' title="bbox 1876 1483 2155 1524">
    <p class='ocr_par' dir='ltr' id='par_1_28' title="bbox 1876 1483 2155 1524">
     <span class='ocr_line' id='line_1_28' title="bbox 1876 1483 2155 1524; baseline 0.011 -3"><span class='ocrx_word' id='word_1_212' title='bbox 1876 1483 2155 1524; x_wconf 70' lang='lat' dir='ltr'><strong>meorum.</strong></span> 
     </span>
    </p>
   </div>
   <div class='ocr_carea' id='block_1_29' title="bbox 1946 1560 3450 1642">
    <p class='ocr_par' dir='ltr' id='par_1_29' title="bbox 1946 1560 3450 1642">
     <span class='ocr_line' id='line_1_29' title="bbox 1946 1560 3450 1642; baseline 0.007 -27"><span class='ocrx_word' id='word_1_213' title='bbox 1946 1560 2111 1618; x_wconf 81' lang='lat' dir='ltr'><strong>Inter.</strong></span> <span class='ocrx_word' id='word_1_214' title='bbox 2163 1564 2287 1620; x_wconf 76' lang='grc'><strong>255.</strong></span> <span class='ocrx_word' id='word_1_215' title='bbox 2341 1564 2506 1619; x_wconf 79' lang='lat' dir='ltr'><strong>Erant</strong></span> <span class='ocrx_word' id='word_1_216' title='bbox 2548 1565 2767 1642; x_wconf 85' lang='lat' dir='ltr'><strong>[autem]</strong></span> <span class='ocrx_word' id='word_1_217' title='bbox 2817 1571 2915 1638; x_wconf 79' lang='lat' dir='ltr'><strong>ﬁlii</strong></span> <span class='ocrx_word' id='word_1_218' title='bbox 2965 1572 3130 1626; x_wconf 77' lang='lat' dir='ltr'><strong>Iacob</strong></span> <span class='ocrx_word' id='word_1_219' title='bbox 3179 1574 3450 1628; x_wconf 84' lang='lat' dir='ltr'><strong>duoderim</strong></span> 
     </span>
    </p>
   </div>
   <div class='ocr_carea' id='block_1_30' title="bbox 1876 1647 3449 1733">
    <p class='ocr_par' dir='ltr' id='par_1_30' title="bbox 1876 1647 3449 1733">
     <span class='ocr_line' id='line_1_30' title="bbox 1876 1647 3449 1733; baseline 0.01 -30"><span class='ocrx_word' id='word_1_220' title='bbox 1876 1647 2029 1717; x_wconf 84' lang='lat' dir='ltr'><strong>(Gen.</strong></span> <span class='ocrx_word' id='word_1_221' title='bbox 2056 1667 2221 1717; x_wconf 83' lang='lat' dir='ltr'><strong>xxxv,</strong></span> <span class='ocrx_word' id='word_1_222' title='bbox 2253 1653 2353 1725; x_wconf 62' lang='grc' dir='ltr'><strong>εἰ)</strong></span> <span class='ocrx_word' id='word_1_223' title='bbox 2377 1672 2392 1721; x_wconf 78' lang='grc' dir='ltr'>ς</span> <span class='ocrx_word' id='word_1_224' title='bbox 2423 1665 2476 1710; x_wconf 92' lang='lat' dir='ltr'><strong>et</strong></span> <span class='ocrx_word' id='word_1_225' title='bbox 2506 1660 2830 1728; x_wconf 86' lang='lat' dir='ltr'><strong>computatis</strong></span> <span class='ocrx_word' id='word_1_226' title='bbox 2850 1662 3119 1727; x_wconf 90' lang='lat' dir='ltr'><strong>omnibus,</strong></span> <span class='ocrx_word' id='word_1_227' title='bbox 3143 1663 3449 1733; x_wconf 84' lang='lat' dir='ltr'><strong>Benjamin-</strong></span> 
     </span>
    </p>
   </div>
   <div class='ocr_carea' id='block_1_31' title="bbox 1872 1743 3453 1819">
    <p class='ocr_par' dir='ltr' id='par_1_31' title="bbox 1872 1743 3453 1819">
     <span class='ocr_line' id='line_1_31' title="bbox 1872 1743 3453 1819; baseline 0.009 -25"><span class='ocrx_word' id='word_1_228' title='bbox 1872 1755 2001 1809; x_wconf 89' lang='lat' dir='ltr'><strong>que,</strong></span> <span class='ocrx_word' id='word_1_229' title='bbox 2030 1750 2086 1795; x_wconf 91' lang='lat' dir='ltr'><strong>et</strong></span> <span class='ocrx_word' id='word_1_230' title='bbox 2108 1743 2339 1798; x_wconf 86' lang='lat' dir='ltr'><strong>addidit:</strong></span> <span class='ocrx_word' id='word_1_231' title='bbox 2374 1744 2444 1799; x_wconf 80' lang='lat' dir='ltr'><strong>Ili</strong></span> <span class='ocrx_word' id='word_1_232' title='bbox 2466 1746 2564 1807; x_wconf 75' lang='lat' dir='ltr'><strong>filii</strong></span> <span class='ocrx_word' id='word_1_233' title='bbox 2590 1747 2774 1814; x_wconf 74' lang='lat' dir='ltr'><strong>Iatob,</strong></span> <span class='ocrx_word' id='word_1_234' title='bbox 2803 1752 2892 1819; x_wconf 87' lang='lat' dir='ltr'><strong>qui</strong></span> <span class='ocrx_word' id='word_1_235' title='bbox 2921 1753 3030 1805; x_wconf 86' lang='lat' dir='ltr'><strong>nati</strong></span> <span class='ocrx_word' id='word_1_236' title='bbox 3056 1763 3174 1807; x_wconf 88' lang='lat' dir='ltr'><strong>sunt</strong></span> <span class='ocrx_word' id='word_1_237' title='bbox 3199 1756 3313 1808; x_wconf 81' lang='lat' dir='ltr'><strong>eiin</strong></span> <span class='ocrx_word' id='word_1_238' title='bbox 3343 1755 3453 1808; x_wconf 79' lang='lat' dir='ltr'><strong>Mr-</strong></span> 
     </span>
    </p>
   </div>
   <div class='ocr_carea' id='block_1_32' title="bbox 1872 1832 3449 1914">
    <p class='ocr_par' dir='ltr' id='par_1_32' title="bbox 1872 1832 3449 1914">
     <span class='ocr_line' id='line_1_32' title="bbox 1872 1832 3449 1914; baseline 0.012 -32"><span class='ocrx_word' id='word_1_239' title='bbox 1872 1832 2160 1897; x_wconf 86' lang='lat' dir='ltr'><strong>sopotamia</strong></span> <span class='ocrx_word' id='word_1_240' title='bbox 2211 1832 2384 1902; x_wconf 80' lang='lat' dir='ltr'><strong>Syria:</strong></span> <span class='ocrx_word' id='word_1_241' title='bbox 2435 1838 2589 1904; x_wconf 70' lang='lat' dir='ltr'><strong>(vers.</strong></span> <span class='ocrx_word' id='word_1_242' title='bbox 2620 1837 2749 1902; x_wconf 74' lang='lat'><strong>26);</strong></span> <span class='ocrx_word' id='word_1_243' title='bbox 2802 1854 2827 1880; x_wconf 73' lang='grc' dir='ltr'><strong>ι</strong></span> <span class='ocrx_word' id='word_1_244' title='bbox 2859 1842 2985 1896; x_wconf 88' lang='lat' dir='ltr'><strong>dum</strong></span> <span class='ocrx_word' id='word_1_245' title='bbox 3014 1854 3229 1899; x_wconf 89' lang='lat' dir='ltr'><strong>constat</strong></span> <span class='ocrx_word' id='word_1_246' title='bbox 3260 1846 3449 1914; x_wconf 80' lang='lat' dir='ltr'><strong>Benja-</strong></span> 
     </span>
    </p>
   </div>
   <div class='ocr_carea' id='block_1_33' title="bbox 189 1919 3449 2007">
    <p class='ocr_par' dir='ltr' id='par_1_33' title="bbox 189 1919 3449 2007">
     <span class='ocr_line' id='line_1_33' title="bbox 189 1919 3449 2007; baseline 0.003 -17"><span class='ocrx_word' id='word_1_247' title='bbox 189 1933 283 2007; x_wconf 74' lang='lat' dir='ltr'><strong>lO)</strong></span> <span class='ocrx_word' id='word_1_248' title='bbox 330 1953 345 1989; x_wconf 92' lang='lat'><strong>:</strong></span> <span class='ocrx_word' id='word_1_249' title='bbox 383 1933 506 1989; x_wconf 74' lang='lat' dir='ltr'><strong>Non</strong></span> <span class='ocrx_word' id='word_1_250' title='bbox 546 1933 1031 2001; x_wconf 65' lang='lat' dir='ltr'><strong>vocaberislacob,</strong></span> <span class='ocrx_word' id='word_1_251' title='bbox 1088 1933 1178 1987; x_wconf 82' lang='lat' dir='ltr'><strong>sed</strong></span> <span class='ocrx_word' id='word_1_252' title='bbox 1224 1931 1395 1991; x_wconf 82' lang='lat' dir='ltr'><strong>Israel</strong></span> <span class='ocrx_word' id='word_1_253' title='bbox 1438 1934 1535 1985; x_wconf 85' lang='lat' dir='ltr'><strong>erit</strong></span> <span class='ocrx_word' id='word_1_254' title='bbox 1584 1949 1769 1986; x_wconf 83' lang='lat' dir='ltr'><strong>nomen</strong></span> <span class='ocrx_word' id='word_1_255' title='bbox 1800 1920 1847 1980; x_wconf 78' lang='grc' dir='ltr'><strong><em>Β</em></strong></span> <span class='ocrx_word' id='word_1_256' title='bbox 1875 1919 1983 1972; x_wconf 68' lang='lat' dir='ltr'><strong>mi&quot;</strong></span> <span class='ocrx_word' id='word_1_257' title='bbox 2007 1930 2192 1976; x_wconf 70' lang='lat' dir='ltr'><strong>03mm</strong></span> <span class='ocrx_word' id='word_1_258' title='bbox 2219 1937 2340 1979; x_wconf 59' lang='lat' dir='ltr'><strong>esse</strong></span> <span class='ocrx_word' id='word_1_259' title='bbox 2362 1926 2414 1979; x_wconf 72' lang='lat' dir='ltr'><strong>in</strong></span> <span class='ocrx_word' id='word_1_260' title='bbox 2441 1925 2770 1991; x_wconf 55' lang='lat' dir='ltr'><strong>Chanana’ao</strong></span> <span class='ocrx_word' id='word_1_261' title='bbox 2800 1933 3067 1999; x_wconf 75' lang='grc' dir='ltr'><strong>(Ιηοπιοάο</strong></span> <span class='ocrx_word' id='word_1_262' title='bbox 3097 1943 3223 1989; x_wconf 79' lang='grc' dir='ltr'><strong>ιυηο</strong></span> <span class='ocrx_word' id='word_1_263' title='bbox 3251 1936 3449 1990; x_wconf 63' lang='grc' dir='ltr'><strong>ἀυοάθ·</strong></span> 
     </span>
    </p>
   </div>
   <div class='ocr_carea' id='block_1_34' title="bbox 185 2018 1769 2093">
    <p class='ocr_par' dir='ltr' id='par_1_34' title="bbox 185 2018 1769 2093">
     <span class='ocr_line' id='line_1_34' title="bbox 185 2018 1769 2093; baseline -0.001 -15"><span class='ocrx_word' id='word_1_264' title='bbox 185 2033 339 2078; x_wconf 80' lang='lat' dir='ltr'><strong>tuum</strong></span> <span class='ocrx_word' id='word_1_265' title='bbox 366 2039 385 2077; x_wconf 83' lang='lat'><strong><em>:</em></strong></span> <span class='ocrx_word' id='word_1_266' title='bbox 410 2032 459 2077; x_wconf 86' lang='lat' dir='ltr'><strong>et</strong></span> <span class='ocrx_word' id='word_1_267' title='bbox 485 2018 898 2093; x_wconf 70' lang='lat' dir='ltr'><strong>appellavil‘eutn</strong></span> <span class='ocrx_word' id='word_1_268' title='bbox 932 2022 1102 2076; x_wconf 88' lang='lat' dir='ltr'><strong>Israel</strong></span> <span class='ocrx_word' id='word_1_269' title='bbox 1118 2023 1143 2075; x_wconf 69' lang='grc' dir='ltr'><em>ἵ</em></span> <span class='ocrx_word' id='word_1_270' title='bbox 1162 2052 1233 2071; x_wconf 85' lang='lat'><strong>-.-</strong></span> <span class='ocrx_word' id='word_1_271' title='bbox 1256 2020 1413 2091; x_wconf 85' lang='lat' dir='ltr'><strong>Resp.</strong></span> <span class='ocrx_word' id='word_1_272' title='bbox 1441 2022 1649 2077; x_wconf 91' lang='lat' dir='ltr'><strong>Dudum</strong></span> <span class='ocrx_word' id='word_1_273' title='bbox 1681 2040 1769 2077; x_wconf 83' lang='lat' dir='ltr'><strong>ne-</strong></span> 
     </span>
    </p>
   </div>
   <div class='ocr_carea' id='block_1_35' title="bbox 186 2100 1769 2182">
    <p class='ocr_par' dir='ltr' id='par_1_35' title="bbox 186 2100 1769 2182">
     <span class='ocr_line' id='line_1_35' title="bbox 186 2100 1769 2182; baseline -0.001 -16"><span class='ocrx_word' id='word_1_274' title='bbox 186 2100 457 2182; x_wconf 81' lang='lat' dir='ltr'><strong>quaquam</strong></span> <span class='ocrx_word' id='word_1_275' title='bbox 492 2112 543 2166; x_wconf 89' lang='lat' dir='ltr'><strong>ei</strong></span> <span class='ocrx_word' id='word_1_276' title='bbox 580 2112 647 2165; x_wconf 91' lang='lat' dir='ltr'><strong>ab</strong></span> <span class='ocrx_word' id='word_1_277' title='bbox 679 2110 869 2181; x_wconf 80' lang='lat' dir='ltr'><strong>angelo</strong></span> <span class='ocrx_word' id='word_1_278' title='bbox 903 2125 1097 2164; x_wconf 85' lang='lat' dir='ltr'><strong>nomen</strong></span> <span class='ocrx_word' id='word_1_279' title='bbox 1146 2110 1457 2178; x_wconf 89' lang='lat' dir='ltr'><strong>imponitur,</strong></span> <span class='ocrx_word' id='word_1_280' title='bbox 1497 2111 1590 2164; x_wconf 92' lang='lat' dir='ltr'><strong>sed</strong></span> <span class='ocrx_word' id='word_1_281' title='bbox 1627 2111 1769 2179; x_wconf 87' lang='lat' dir='ltr'><strong>quod</strong></span> 
     </span>
    </p>
   </div>
   <div class='ocr_carea' id='block_1_36' title="bbox 186 2199 1769 2270">
    <p class='ocr_par' dir='ltr' id='par_1_36' title="bbox 186 2199 1769 2270">
     <span class='ocr_line' id='line_1_36' title="bbox 186 2199 1769 2270; baseline -0.002 -14"><span class='ocrx_word' id='word_1_282' title='bbox 186 2200 572 2269; x_wconf 89' lang='lat' dir='ltr'><strong>imponendum</strong></span> <span class='ocrx_word' id='word_1_283' title='bbox 618 2201 689 2254; x_wconf 92' lang='lat' dir='ltr'><strong>sit</strong></span> <span class='ocrx_word' id='word_1_284' title='bbox 730 2201 780 2255; x_wconf 88' lang='lat' dir='ltr'><strong>ei</strong></span> <span class='ocrx_word' id='word_1_285' title='bbox 819 2216 849 2254; x_wconf 91' lang='lat' dir='ltr'><strong>a</strong></span> <span class='ocrx_word' id='word_1_286' title='bbox 895 2202 1002 2255; x_wconf 88' lang='lat' dir='ltr'><strong>Deo</strong></span> <span class='ocrx_word' id='word_1_287' title='bbox 1045 2201 1376 2270; x_wconf 65' lang='lat' dir='ltr'><strong>praedicitur.</strong></span> <span class='ocrx_word' id='word_1_288' title='bbox 1412 2199 1565 2267; x_wconf 87' lang='lat' dir='ltr'><strong>Quod</strong></span> <span class='ocrx_word' id='word_1_289' title='bbox 1606 2202 1769 2269; x_wconf 80' lang='lat' dir='ltr'><strong>igitur</strong></span> 
     </span>
    </p>
   </div>
   <div class='ocr_carea' id='block_1_37' title="bbox 186 2289 1765 2363">
    <p class='ocr_par' dir='ltr' id='par_1_37' title="bbox 186 2289 1765 2363">
     <span class='ocr_line' id='line_1_37' title="bbox 186 2289 1765 2363; baseline -0.001 -18"><span class='ocrx_word' id='word_1_290' title='bbox 186 2289 311 2363; x_wconf 88' lang='lat' dir='ltr'><strong>[ibi]</strong></span> <span class='ocrx_word' id='word_1_291' title='bbox 340 2290 577 2345; x_wconf 90' lang='lat' dir='ltr'><strong>futurum</strong></span> <span class='ocrx_word' id='word_1_292' title='bbox 602 2292 952 2360; x_wconf 77' lang='lat' dir='ltr'><strong>promittitur,</strong></span> <span class='ocrx_word' id='word_1_293' title='bbox 978 2292 1105 2346; x_wconf 91' lang='lat' dir='ltr'><strong>hinc</strong></span> <span class='ocrx_word' id='word_1_294' title='bbox 1128 2292 1325 2345; x_wconf 91' lang='lat' dir='ltr'><strong>dicitur</strong></span> <span class='ocrx_word' id='word_1_295' title='bbox 1358 2292 1645 2361; x_wconf 80' lang='lat' dir='ltr'><strong>expletum.</strong></span> <span class='ocrx_word' id='word_1_296' title='bbox 1672 2291 1765 2344; x_wconf 77' lang='lat' dir='ltr'><strong>Ni-</strong></span> 
     </span>
    </p>
   </div>
   <div class='ocr_carea' id='block_1_38' title="bbox 184 2379 1764 2449">
    <p class='ocr_par' dir='ltr' id='par_1_38' title="bbox 184 2379 1764 2449">
     <span class='ocr_line' id='line_1_38' title="bbox 184 2379 1764 2449; baseline -0.001 -13"><span class='ocrx_word' id='word_1_297' title='bbox 184 2379 387 2436; x_wconf 86' lang='lat' dir='ltr'><strong>tuirum</strong></span> <span class='ocrx_word' id='word_1_298' title='bbox 416 2394 611 2435; x_wconf 88' lang='lat' dir='ltr'><strong>nomen</strong></span> <span class='ocrx_word' id='word_1_299' title='bbox 648 2381 751 2435; x_wconf 91' lang='lat' dir='ltr'><strong>hoc</strong></span> <span class='ocrx_word' id='word_1_300' title='bbox 773 2380 841 2434; x_wconf 89' lang='lat' dir='ltr'><strong>ad</strong></span> <span class='ocrx_word' id='word_1_301' title='bbox 867 2379 1012 2434; x_wconf 89' lang='lat' dir='ltr'><strong>illam</strong></span> <span class='ocrx_word' id='word_1_302' title='bbox 1058 2388 1203 2436; x_wconf 90' lang='lat' dir='ltr'><strong>recte</strong></span> <span class='ocrx_word' id='word_1_303' title='bbox 1239 2379 1555 2449; x_wconf 80' lang='lat' dir='ltr'><strong>intelligitur</strong></span> <span class='ocrx_word' id='word_1_304' title='bbox 1596 2381 1764 2449; x_wconf 89' lang='lat' dir='ltr'><strong>perti-</strong></span> 
     </span>
    </p>
   </div>
   <div class='ocr_carea' id='block_1_39' title="bbox 184 2469 1766 2539">
    <p class='ocr_par' dir='ltr' id='par_1_39' title="bbox 184 2469 1766 2539">
     <span class='ocr_line' id='line_1_39' title="bbox 184 2469 1766 2539; baseline -0.001 -15"><span class='ocrx_word' id='word_1_305' title='bbox 184 2484 319 2525; x_wconf 88' lang='lat' dir='ltr'><strong>nere</strong></span> <span class='ocrx_word' id='word_1_306' title='bbox 347 2470 783 2539; x_wconf 82' lang='lat' dir='ltr'><strong>promissionem,</strong></span> <span class='ocrx_word' id='word_1_307' title='bbox 802 2470 892 2523; x_wconf 88' lang='lat' dir='ltr'><strong>ubi</strong></span> <span class='ocrx_word' id='word_1_308' title='bbox 915 2470 993 2522; x_wconf 93' lang='lat' dir='ltr'><strong>sic</strong></span> <span class='ocrx_word' id='word_1_309' title='bbox 1019 2469 1287 2525; x_wconf 73' lang='lat' dir='ltr'><strong>videbitur</strong></span> <span class='ocrx_word' id='word_1_310' title='bbox 1310 2469 1470 2532; x_wconf 89' lang='lat' dir='ltr'><strong>Deus,</strong></span> <span class='ocrx_word' id='word_1_311' title='bbox 1499 2470 1766 2537; x_wconf 88' lang='lat' dir='ltr'><strong>quomodo</strong></span> 
     </span>
    </p>
   </div>
   <div class='ocr_carea' id='block_1_40' title="bbox 184 2560 1228 2627">
    <p class='ocr_par' dir='ltr' id='par_1_40' title="bbox 184 2560 1228 2627">
     <span class='ocr_line' id='line_1_40' title="bbox 184 2560 1228 2627; baseline -0.002 -14"><span class='ocrx_word' id='word_1_312' title='bbox 184 2566 407 2620; x_wconf 68' lang='lat' dir='ltr'><strong>nonest</strong></span> <span class='ocrx_word' id='word_1_313' title='bbox 439 2567 564 2611; x_wconf 87' lang='lat' dir='ltr'><strong>ante</strong></span> <span class='ocrx_word' id='word_1_314' title='bbox 597 2574 626 2611; x_wconf 92' lang='lat' dir='ltr'><strong>a</strong></span> <span class='ocrx_word' id='word_1_315' title='bbox 655 2560 899 2627; x_wconf 84' lang='lat' dir='ltr'><strong>patrihus</strong></span> <span class='ocrx_word' id='word_1_316' title='bbox 922 2560 1035 2615; x_wconf 88' lang='lat' dir='ltr'><strong>suis</strong></span> <span class='ocrx_word' id='word_1_317' title='bbox 1062 2560 1228 2614; x_wconf 89' lang='lat' dir='ltr'><strong>visus.</strong></span> 
     </span>
    </p>
   </div>
   <div class='ocr_carea' id='block_1_41' title="bbox 257 2648 1764 2715">
    <p class='ocr_par' dir='ltr' id='par_1_41' title="bbox 257 2648 1764 2715">
     <span class='ocr_line' id='line_1_41' title="bbox 257 2648 1764 2715; baseline 0.001 -13"><span class='ocrx_word' id='word_1_318' title='bbox 257 2648 423 2703; x_wconf 85' lang='lat' dir='ltr'><strong>Inter.</strong></span> <span class='ocrx_word' id='word_1_319' title='bbox 452 2649 578 2703; x_wconf 69' lang='grc'><strong>249.</strong></span> <span class='ocrx_word' id='word_1_320' title='bbox 606 2648 733 2715; x_wconf 60' lang='lat' dir='ltr'><strong>Quae</strong></span> <span class='ocrx_word' id='word_1_321' title='bbox 756 2659 839 2704; x_wconf 91' lang='lat' dir='ltr'><strong>est</strong></span> <span class='ocrx_word' id='word_1_322' title='bbox 862 2648 1085 2714; x_wconf 71' lang='lat' dir='ltr'><strong>Ell‘rata,</strong></span> <span class='ocrx_word' id='word_1_323' title='bbox 1112 2651 1200 2704; x_wconf 94' lang='lat' dir='ltr'><strong>ubi</strong></span> <span class='ocrx_word' id='word_1_324' title='bbox 1225 2648 1390 2704; x_wconf 87' lang='lat' dir='ltr'><strong>Iacob</strong></span> <span class='ocrx_word' id='word_1_325' title='bbox 1414 2650 1609 2704; x_wconf 77' lang='lat' dir='ltr'><strong>Rachel</strong></span> <span class='ocrx_word' id='word_1_326' title='bbox 1635 2665 1764 2704; x_wconf 79' lang='lat' dir='ltr'><strong>uxo-</strong></span> 
     </span>
    </p>
   </div>
   <div class='ocr_carea' id='block_1_42' title="bbox 182 2739 1761 2811">
    <p class='ocr_par' dir='ltr' id='par_1_42' title="bbox 182 2739 1761 2811">
     <span class='ocr_line' id='line_1_42' title="bbox 182 2739 1761 2811; baseline 0 -17"><span class='ocrx_word' id='word_1_327' title='bbox 182 2753 302 2794; x_wconf 87' lang='lat' dir='ltr'><strong>rem</strong></span> <span class='ocrx_word' id='word_1_328' title='bbox 338 2754 490 2794; x_wconf 91' lang='lat' dir='ltr'><strong>suam</strong></span> <span class='ocrx_word' id='word_1_329' title='bbox 521 2739 823 2794; x_wconf 87' lang='lat' dir='ltr'><strong>condidisse</strong></span> <span class='ocrx_word' id='word_1_330' title='bbox 848 2740 1046 2794; x_wconf 90' lang='lat' dir='ltr'><strong>dicitur</strong></span> <span class='ocrx_word' id='word_1_331' title='bbox 1075 2740 1224 2810; x_wconf 84' lang='lat' dir='ltr'><strong>(vers.</strong></span> <span class='ocrx_word' id='word_1_332' title='bbox 1252 2741 1338 2803; x_wconf 80' lang='lat' dir='ltr'><strong>l9,</strong></span> <span class='ocrx_word' id='word_1_333' title='bbox 1362 2741 1489 2810; x_wconf 68' lang='lat'><strong>20)?</strong></span> <span class='ocrx_word' id='word_1_334' title='bbox 1515 2771 1583 2779; x_wconf 97' lang='lat'><strong>—</strong></span> <span class='ocrx_word' id='word_1_335' title='bbox 1609 2740 1761 2811; x_wconf 84' lang='lat' dir='ltr'><strong>Resp.</strong></span> 
     </span>
    </p>
   </div>
   <div class='ocr_carea' id='block_1_43' title="bbox 180 2828 1764 2888">
    <p class='ocr_par' dir='ltr' id='par_1_43' title="bbox 180 2828 1764 2888">
     <span class='ocr_line' id='line_1_43' title="bbox 180 2828 1764 2888; baseline 0.001 -4"><span class='ocrx_word' id='word_1_336' title='bbox 180 2828 387 2885; x_wconf 74' lang='lat' dir='ltr'><strong>Eﬂ‘rata</strong></span> <span class='ocrx_word' id='word_1_337' title='bbox 421 2838 477 2882; x_wconf 89' lang='lat' dir='ltr'><strong>et</strong></span> <span class='ocrx_word' id='word_1_338' title='bbox 504 2830 775 2883; x_wconf 87' lang='lat' dir='ltr'><strong>Bethleem</strong></span> <span class='ocrx_word' id='word_1_339' title='bbox 820 2831 977 2884; x_wconf 91' lang='lat' dir='ltr'><strong>unius</strong></span> <span class='ocrx_word' id='word_1_340' title='bbox 1018 2831 1168 2885; x_wconf 84' lang='lat' dir='ltr'><strong>verbi</strong></span> <span class='ocrx_word' id='word_1_341' title='bbox 1210 2832 1526 2888; x_wconf 81' lang='lat' dir='ltr'><strong>vocabulum</strong></span> <span class='ocrx_word' id='word_1_342' title='bbox 1555 2840 1637 2886; x_wconf 84' lang='lat' dir='ltr'><strong>est</strong></span> <span class='ocrx_word' id='word_1_343' title='bbox 1663 2833 1764 2886; x_wconf 91' lang='lat' dir='ltr'><strong>sub</strong></span> 
     </span>
    </p>
   </div>
   <div class='ocr_carea' id='block_1_44' title="bbox 182 2919 1763 2991">
    <p class='ocr_par' dir='ltr' id='par_1_44' title="bbox 182 2919 1763 2991">
     <span class='ocr_line' id='line_1_44' title="bbox 182 2919 1763 2991; baseline 0.001 -16"><span class='ocrx_word' id='word_1_344' title='bbox 182 2919 628 2988; x_wconf 76' lang='lat' dir='ltr'><strong>interpretatione</strong></span> <span class='ocrx_word' id='word_1_345' title='bbox 667 2920 931 2974; x_wconf 84' lang='lat' dir='ltr'><strong>consimili</strong></span> <span class='ocrx_word' id='word_1_346' title='bbox 976 2938 988 2973; x_wconf 87' lang='lat'><strong>:</strong></span> <span class='ocrx_word' id='word_1_347' title='bbox 1040 2920 1303 2990; x_wconf 88' lang='lat' dir='ltr'><strong>siquidem</strong></span> <span class='ocrx_word' id='word_1_348' title='bbox 1347 2922 1400 2974; x_wconf 86' lang='lat' dir='ltr'><strong>iu</strong></span> <span class='ocrx_word' id='word_1_349' title='bbox 1453 2921 1763 2991; x_wconf 78' lang='lat' dir='ltr'><strong>frugiferam</strong></span> 
     </span>
    </p>
   </div>
   <div class='ocr_carea' id='block_1_45' title="bbox 183 3008 1763 3083">
    <p class='ocr_par' dir='ltr' id='par_1_45' title="bbox 183 3008 1763 3083">
     <span class='ocr_line' id='line_1_45' title="bbox 183 3008 1763 3083; baseline 0.003 -19"><span class='ocrx_word' id='word_1_350' title='bbox 183 3008 428 3074; x_wconf 90' lang='lat' dir='ltr'><strong>domum,</strong></span> <span class='ocrx_word' id='word_1_351' title='bbox 464 3017 518 3064; x_wconf 91' lang='lat' dir='ltr'><strong>et</strong></span> <span class='ocrx_word' id='word_1_352' title='bbox 546 3010 760 3065; x_wconf 89' lang='lat' dir='ltr'><strong>domum</strong></span> <span class='ocrx_word' id='word_1_353' title='bbox 785 3012 939 3080; x_wconf 90' lang='lat' dir='ltr'><strong>panis</strong></span> <span class='ocrx_word' id='word_1_354' title='bbox 978 3013 1223 3077; x_wconf 82' lang='lat' dir='ltr'><strong>vertitur,</strong></span> <span class='ocrx_word' id='word_1_355' title='bbox 1252 3021 1470 3083; x_wconf 84' lang='lat' dir='ltr'><strong>propter</strong></span> <span class='ocrx_word' id='word_1_356' title='bbox 1508 3027 1629 3067; x_wconf 90' lang='lat' dir='ltr'><strong>eum</strong></span> <span class='ocrx_word' id='word_1_357' title='bbox 1667 3029 1763 3083; x_wconf 77' lang='lat' dir='ltr'><strong>pa-</strong></span> 
     </span>
    </p>
   </div>
   <div class='ocr_carea' id='block_1_46' title="bbox 184 3099 1277 3171">
    <p class='ocr_par' dir='ltr' id='par_1_46' title="bbox 184 3099 1277 3171">
     <span class='ocr_line' id='line_1_46' title="bbox 184 3099 1277 3171; baseline 0.003 -17"><span class='ocrx_word' id='word_1_358' title='bbox 184 3114 312 3155; x_wconf 87' lang='lat' dir='ltr'><strong>nem</strong></span> <span class='ocrx_word' id='word_1_359' title='bbox 336 3099 427 3171; x_wconf 85' lang='lat' dir='ltr'><strong>qui</strong></span> <span class='ocrx_word' id='word_1_360' title='bbox 453 3101 520 3156; x_wconf 91' lang='lat' dir='ltr'><strong>de</strong></span> <span class='ocrx_word' id='word_1_361' title='bbox 540 3100 677 3155; x_wconf 77' lang='lat' dir='ltr'><strong>cmlo</strong></span> <span class='ocrx_word' id='word_1_362' title='bbox 700 3101 1038 3156; x_wconf 86' lang='lat' dir='ltr'><strong>descendisse</strong></span> <span class='ocrx_word' id='word_1_363' title='bbox 1065 3102 1277 3157; x_wconf 91' lang='lat' dir='ltr'><strong>dicitur.</strong></span> 
     </span>
    </p>
   </div>
   <div class='ocr_carea' id='block_1_47' title="bbox 257 3209 1830 3306">
    <p class='ocr_par' dir='ltr' id='par_1_47' title="bbox 257 3209 1830 3306">
     <span class='ocr_line' id='line_1_47' title="bbox 257 3209 1830 3306; baseline 0.002 -41"><span class='ocrx_word' id='word_1_364' title='bbox 257 3212 426 3265; x_wconf 83' lang='lat' dir='ltr'><strong>Inter.</strong></span> <span class='ocrx_word' id='word_1_365' title='bbox 446 3209 572 3265; x_wconf 75' lang='lat'><strong>250.</strong></span> <span class='ocrx_word' id='word_1_366' title='bbox 613 3209 714 3265; x_wconf 91' lang='lat' dir='ltr'><strong>Ubi</strong></span> <span class='ocrx_word' id='word_1_367' title='bbox 748 3218 830 3264; x_wconf 91' lang='lat' dir='ltr'><strong>est</strong></span> <span class='ocrx_word' id='word_1_368' title='bbox 851 3210 1014 3264; x_wconf 89' lang='lat' dir='ltr'><strong>turris</strong></span> <span class='ocrx_word' id='word_1_369' title='bbox 1040 3212 1237 3281; x_wconf 89' lang='lat' dir='ltr'><strong>gregis,</strong></span> <span class='ocrx_word' id='word_1_370' title='bbox 1258 3211 1757 3306; x_wconf 60' lang='lat' dir='ltr'><strong>juxtaquamdici-</strong></span> <span class='ocrx_word' id='word_1_371' title='bbox 1784 3242 1830 3306; x_wconf 66' lang='grc' dir='ltr'>ο</span> 
     </span>
    </p>
   </div>
   <div class='ocr_carea' id='block_1_48' title="bbox 180 3303 1761 3376">
    <p class='ocr_par' dir='ltr' id='par_1_48' title="bbox 180 3303 1761 3376">
     <span class='ocr_line' id='line_1_48' title="bbox 180 3303 1761 3376; baseline 0.001 -16"><span class='ocrx_word' id='word_1_372' title='bbox 180 3314 274 3360; x_wconf 81' lang='lat' dir='ltr'><strong>tur</strong></span> <span class='ocrx_word' id='word_1_373' title='bbox 307 3303 475 3359; x_wconf 85' lang='lat' dir='ltr'><strong>Iacob</strong></span> <span class='ocrx_word' id='word_1_374' title='bbox 506 3304 771 3359; x_wconf 88' lang='lat' dir='ltr'><strong>habitasse</strong></span> <span class='ocrx_word' id='word_1_375' title='bbox 795 3304 946 3375; x_wconf 83' lang='lat' dir='ltr'><strong>(vers.</strong></span> <span class='ocrx_word' id='word_1_376' title='bbox 979 3304 1102 3376; x_wconf 73' lang='lat' dir='ltr'><strong>2i)?</strong></span> <span class='ocrx_word' id='word_1_377' title='bbox 1128 3328 1196 3345; x_wconf 74' lang='grc' dir='ltr'><strong>-ι-</strong></span> <span class='ocrx_word' id='word_1_378' title='bbox 1224 3305 1377 3376; x_wconf 83' lang='lat' dir='ltr'><strong>Resp.</strong></span> <span class='ocrx_word' id='word_1_379' title='bbox 1408 3304 1565 3361; x_wconf 88' lang='lat' dir='ltr'><strong>quta</strong></span> <span class='ocrx_word' id='word_1_380' title='bbox 1599 3305 1761 3362; x_wconf 88' lang='lat' dir='ltr'><strong>Beth-</strong></span> 
     </span>
    </p>
   </div>
   <div class='ocr_carea' id='block_1_49' title="bbox 183 3394 1757 3468">
    <p class='ocr_par' dir='ltr' id='par_1_49' title="bbox 183 3394 1757 3468">
     <span class='ocr_line' id='line_1_49' title="bbox 183 3394 1757 3468; baseline 0.004 -19"><span class='ocrx_word' id='word_1_381' title='bbox 183 3395 346 3462; x_wconf 87' lang='lat' dir='ltr'><strong>leem,</strong></span> <span class='ocrx_word' id='word_1_382' title='bbox 375 3396 465 3452; x_wconf 90' lang='lat' dir='ltr'><strong>ubi</strong></span> <span class='ocrx_word' id='word_1_383' title='bbox 492 3394 616 3468; x_wconf 85' lang='lat' dir='ltr'><strong>[vel]</strong></span> <span class='ocrx_word' id='word_1_384' title='bbox 642 3396 951 3467; x_wconf 86' lang='lat' dir='ltr'><strong>angelorum</strong></span> <span class='ocrx_word' id='word_1_385' title='bbox 979 3413 1109 3468; x_wconf 84' lang='lat' dir='ltr'><strong>grex</strong></span> <span class='ocrx_word' id='word_1_386' title='bbox 1140 3398 1193 3452; x_wconf 92' lang='lat' dir='ltr'><strong>in</strong></span> <span class='ocrx_word' id='word_1_387' title='bbox 1228 3398 1438 3453; x_wconf 89' lang='lat' dir='ltr'><strong>Domini</strong></span> <span class='ocrx_word' id='word_1_388' title='bbox 1464 3410 1583 3455; x_wconf 91' lang='lat' dir='ltr'><strong>ortu</strong></span> <span class='ocrx_word' id='word_1_389' title='bbox 1614 3402 1757 3455; x_wconf 86' lang='lat' dir='ltr'><strong>ceci-</strong></span> 
     </span>
    </p>
   </div>
   <div class='ocr_carea' id='block_1_50' title="bbox 180 3480 1759 3556">
    <p class='ocr_par' dir='ltr' id='par_1_50' title="bbox 180 3480 1759 3556">
     <span class='ocr_line' id='line_1_50' title="bbox 180 3480 1759 3556; baseline 0.001 -15"><span class='ocrx_word' id='word_1_390' title='bbox 180 3484 267 3541; x_wconf 85' lang='lat' dir='ltr'><strong>nit</strong></span> <span class='ocrx_word' id='word_1_391' title='bbox 296 3502 310 3538; x_wconf 89' lang='lat'>:</span> <span class='ocrx_word' id='word_1_392' title='bbox 338 3485 423 3540; x_wconf 89' lang='lat' dir='ltr'><strong>vel</strong></span> <span class='ocrx_word' id='word_1_393' title='bbox 456 3485 548 3540; x_wconf 91' lang='lat' dir='ltr'><strong>ubi</strong></span> <span class='ocrx_word' id='word_1_394' title='bbox 572 3480 749 3551; x_wconf 86' lang='lat' dir='ltr'><strong>&#39;Iacob</strong></span> <span class='ocrx_word' id='word_1_395' title='bbox 777 3500 999 3555; x_wconf 89' lang='lat' dir='ltr'><strong>pascens</strong></span> <span class='ocrx_word' id='word_1_396' title='bbox 1045 3501 1241 3556; x_wconf 85' lang='lat' dir='ltr'><strong>pecora</strong></span> <span class='ocrx_word' id='word_1_397' title='bbox 1279 3502 1374 3541; x_wconf 90' lang='lat' dir='ltr'><strong>sua</strong></span> <span class='ocrx_word' id='word_1_398' title='bbox 1411 3487 1529 3542; x_wconf 90' lang='lat' dir='ltr'><strong>loco</strong></span> <span class='ocrx_word' id='word_1_399' title='bbox 1564 3503 1759 3543; x_wconf 89' lang='lat' dir='ltr'><strong>nomen</strong></span> 
     </span>
    </p>
   </div>
   <div class='ocr_carea' id='block_1_51' title="bbox 180 3574 1756 3645">
    <p class='ocr_par' dir='ltr' id='par_1_51' title="bbox 180 3574 1756 3645">
     <span class='ocr_line' id='line_1_51' title="bbox 180 3574 1756 3645; baseline 0.001 -16"><span class='ocrx_word' id='word_1_400' title='bbox 180 3574 439 3644; x_wconf 82' lang='lat' dir='ltr'><strong>imposuit</strong></span> <span class='ocrx_word' id='word_1_401' title='bbox 468 3591 481 3627; x_wconf 86' lang='lat'><strong>:</strong></span> <span class='ocrx_word' id='word_1_402' title='bbox 512 3574 617 3637; x_wconf 92' lang='lat' dir='ltr'><strong>vel,</strong></span> <span class='ocrx_word' id='word_1_403' title='bbox 640 3575 782 3643; x_wconf 90' lang='lat' dir='ltr'><strong>quod</strong></span> <span class='ocrx_word' id='word_1_404' title='bbox 816 3576 1120 3639; x_wconf 79' lang='lat' dir='ltr'><strong>veriusest,</strong></span> <span class='ocrx_word' id='word_1_405' title='bbox 1155 3576 1297 3645; x_wconf 89' lang='lat' dir='ltr'><strong>quod</strong></span> <span class='ocrx_word' id='word_1_406' title='bbox 1334 3578 1589 3631; x_wconf 85' lang='lat' dir='ltr'><strong>vaticinio</strong></span> <span class='ocrx_word' id='word_1_407' title='bbox 1612 3576 1756 3631; x_wconf 90' lang='lat' dir='ltr'><strong>futu-</strong></span> 
     </span>
    </p>
   </div>
   <div class='ocr_carea' id='block_1_52' title="bbox 114 3666 1757 3740">
    <p class='ocr_par' dir='ltr' id='par_1_52' title="bbox 114 3666 1757 3740">
     <span class='ocr_line' id='line_1_52' title="bbox 114 3666 1757 3740; baseline 0.002 -21"><span class='ocrx_word' id='word_1_408' title='bbox 114 3726 117 3731; x_wconf 20' lang='lat'><strong>,</strong></span> <span class='ocrx_word' id='word_1_409' title='bbox 180 3681 370 3720; x_wconf 85' lang='lat' dir='ltr'><strong>rorum</strong></span> <span class='ocrx_word' id='word_1_410' title='bbox 420 3674 550 3720; x_wconf 91' lang='lat' dir='ltr'><strong>tunc</strong></span> <span class='ocrx_word' id='word_1_411' title='bbox 596 3667 913 3734; x_wconf 83' lang='lat' dir='ltr'><strong>mysterium</strong></span> <span class='ocrx_word' id='word_1_412' title='bbox 972 3666 1371 3722; x_wconf 83' lang='lat' dir='ltr'><strong>monstrabatur</strong></span> <span class='ocrx_word' id='word_1_413' title='bbox 1429 3667 1583 3740; x_wconf 74' lang='lat' dir='ltr'><strong>[.lfs.,</strong></span> <span class='ocrx_word' id='word_1_414' title='bbox 1634 3669 1757 3738; x_wconf 82' lang='lat' dir='ltr'><strong>quia</strong></span> 
     </span>
    </p>
   </div>
   <div class='ocr_carea' id='block_1_53' title="bbox 181 3756 1757 3828">
    <p class='ocr_par' dir='ltr' id='par_1_53' title="bbox 181 3756 1757 3828">
     <span class='ocr_line' id='line_1_53' title="bbox 181 3756 1757 3828; baseline 0.002 -18"><span class='ocrx_word' id='word_1_415' title='bbox 181 3758 495 3813; x_wconf 83' lang='lat' dir='ltr'><strong>vaticinatio</strong></span> <span class='ocrx_word' id='word_1_416' title='bbox 523 3756 824 3812; x_wconf 90' lang='lat' dir='ltr'><strong>futurorum</strong></span> <span class='ocrx_word' id='word_1_417' title='bbox 845 3756 958 3825; x_wconf 88' lang='lat' dir='ltr'><strong>jam</strong></span> <span class='ocrx_word' id='word_1_418' title='bbox 985 3765 1112 3812; x_wconf 90' lang='lat' dir='ltr'><strong>tunc</strong></span> <span class='ocrx_word' id='word_1_419' title='bbox 1138 3774 1235 3828; x_wconf 83' lang='lat' dir='ltr'><strong>per</strong></span> <span class='ocrx_word' id='word_1_420' title='bbox 1261 3761 1575 3828; x_wconf 83' lang='lat' dir='ltr'><strong>mysterium</strong></span> <span class='ocrx_word' id='word_1_421' title='bbox 1607 3776 1757 3815; x_wconf 81' lang='lat' dir='ltr'><strong>mon-</strong></span> 
     </span>
    </p>
   </div>
   <div class='ocr_carea' id='block_1_54' title="bbox 179 3847 777 3925">
    <p class='ocr_par' dir='ltr' id='par_1_54' title="bbox 179 3847 777 3925">
     <span class='ocr_line' id='line_1_54' title="bbox 179 3847 777 3925; baseline -0.003 -21"><span class='ocrx_word' id='word_1_422' title='bbox 179 3847 521 3925; x_wconf 64' lang='lat' dir='ltr'><strong>strabatur].</strong></span> <span class='ocrx_word' id='word_1_423' title='bbox 760 3909 777 3924; x_wconf 31' lang='grc' dir='ltr'>ι</span> 
     </span>
    </p>
   </div>
   <div class='ocr_carea' id='block_1_55' title="bbox 253 3937 1754 4009">
    <p class='ocr_par' dir='ltr' id='par_1_55' title="bbox 253 3937 1754 4009">
     <span class='ocr_line' id='line_1_55' title="bbox 253 3937 1754 4009; baseline 0.002 -17"><span class='ocrx_word' id='word_1_424' title='bbox 253 3937 417 3992; x_wconf 89' lang='lat' dir='ltr'><strong>Inter.</strong></span> <span class='ocrx_word' id='word_1_425' title='bbox 465 3938 591 3993; x_wconf 74' lang='lat'><strong>251.</strong></span> <span class='ocrx_word' id='word_1_426' title='bbox 633 3938 771 4005; x_wconf 89' lang='lat' dir='ltr'><strong>Quid</strong></span> <span class='ocrx_word' id='word_1_427' title='bbox 813 3948 895 3994; x_wconf 88' lang='lat' dir='ltr'><strong>est</strong></span> <span class='ocrx_word' id='word_1_428' title='bbox 926 3940 1067 4009; x_wconf 90' lang='lat' dir='ltr'><strong>quod</strong></span> <span class='ocrx_word' id='word_1_429' title='bbox 1117 3941 1182 3997; x_wconf 89' lang='lat' dir='ltr'><strong>de</strong></span> <span class='ocrx_word' id='word_1_430' title='bbox 1227 3941 1376 3996; x_wconf 76' lang='lat' dir='ltr'><strong>Isaac</strong></span> <span class='ocrx_word' id='word_1_431' title='bbox 1419 3942 1651 3996; x_wconf 88' lang='lat' dir='ltr'><strong>dicitur:</strong></span> <span class='ocrx_word' id='word_1_432' title='bbox 1687 3942 1754 3996; x_wconf 87' lang='lat' dir='ltr'><strong>Et</strong></span> 
     </span>
    </p>
   </div>
   <div class='ocr_carea' id='block_1_56' title="bbox 179 4033 1755 4101">
    <p class='ocr_par' dir='ltr' id='par_1_56' title="bbox 179 4033 1755 4101">
     <span class='ocr_line' id='line_1_56' title="bbox 179 4033 1755 4101; baseline 0.004 -22"><span class='ocrx_word' id='word_1_433' title='bbox 179 4035 516 4095; x_wconf 82' lang='lat' dir='ltr'><strong>consumptus</strong></span> <span class='ocrx_word' id='word_1_434' title='bbox 546 4036 698 4081; x_wconf 71' lang='lat' dir='ltr'><strong>estate</strong></span> <span class='ocrx_word' id='word_1_435' title='bbox 734 4040 969 4083; x_wconf 87' lang='lat' dir='ltr'><strong>mortuus</strong></span> <span class='ocrx_word' id='word_1_436' title='bbox 1017 4040 1110 4092; x_wconf 88' lang='lat' dir='ltr'><strong>est,</strong></span> <span class='ocrx_word' id='word_1_437' title='bbox 1168 4040 1214 4083; x_wconf 86' lang='lat' dir='ltr'><strong>et</strong></span> <span class='ocrx_word' id='word_1_438' title='bbox 1262 4033 1525 4101; x_wconf 85' lang='lat' dir='ltr'><strong>appositus</strong></span> <span class='ocrx_word' id='word_1_439' title='bbox 1565 4033 1755 4101; x_wconf 81' lang='lat' dir='ltr'><strong>papula</strong></span> 
     </span>
    </p>
   </div>
   <div class='ocr_carea' id='block_1_57' title="bbox 177 4113 1754 4189">
    <p class='ocr_par' dir='ltr' id='par_1_57' title="bbox 177 4113 1754 4189">
     <span class='ocr_line' id='line_1_57' title="bbox 177 4113 1754 4189; baseline 0.005 -22"><span class='ocrx_word' id='word_1_440' title='bbox 177 4130 276 4174; x_wconf 83' lang='lat' dir='ltr'><strong>suo</strong></span> <span class='ocrx_word' id='word_1_441' title='bbox 306 4113 461 4187; x_wconf 82' lang='lat' dir='ltr'><strong>(Gen.</strong></span> <span class='ocrx_word' id='word_1_442' title='bbox 493 4131 654 4183; x_wconf 87' lang='lat' dir='ltr'><strong>xxxv,</strong></span> <span class='ocrx_word' id='word_1_443' title='bbox 684 4116 815 4189; x_wconf 73' lang='lat'><strong>29)?</strong></span> <span class='ocrx_word' id='word_1_444' title='bbox 842 4118 1119 4185; x_wconf 87' lang='lat' dir='ltr'><strong>Quomodo</strong></span> <span class='ocrx_word' id='word_1_445' title='bbox 1148 4129 1515 4189; x_wconf 89' lang='lat' dir='ltr'><strong>consumptus,</strong></span> <span class='ocrx_word' id='word_1_446' title='bbox 1545 4122 1630 4175; x_wconf 91' lang='lat' dir='ltr'><strong>vel</strong></span> <span class='ocrx_word' id='word_1_447' title='bbox 1666 4122 1754 4177; x_wconf 90' lang='lat' dir='ltr'><strong>cui</strong></span> 
     </span>
    </p>
   </div>
   <div class='ocr_carea' id='block_1_58' title="bbox 177 4205 1748 4281">
    <p class='ocr_par' dir='ltr' id='par_1_58' title="bbox 177 4205 1748 4281">
     <span class='ocr_line' id='line_1_58' title="bbox 177 4205 1748 4281; baseline 0.004 -22"><span class='ocrx_word' id='word_1_448' title='bbox 177 4205 376 4276; x_wconf 81' lang='lat' dir='ltr'><strong>populo</strong></span> <span class='ocrx_word' id='word_1_449' title='bbox 404 4209 707 4277; x_wconf 84' lang='lat' dir='ltr'><strong>appositus?</strong></span> <span class='ocrx_word' id='word_1_450' title='bbox 732 4210 887 4280; x_wconf 79' lang='lat'><strong>331</strong></span> <span class='ocrx_word' id='word_1_451' title='bbox 913 4240 982 4250; x_wconf 91' lang='lat'>—</span> <span class='ocrx_word' id='word_1_452' title='bbox 1006 4209 1161 4281; x_wconf 85' lang='lat' dir='ltr'><strong>Resp.</strong></span> <span class='ocrx_word' id='word_1_453' title='bbox 1186 4210 1547 4279; x_wconf 88' lang='lat' dir='ltr'><strong>Consumptus</strong></span> <span class='ocrx_word' id='word_1_454' title='bbox 1572 4220 1748 4275; x_wconf 65' lang='lat' dir='ltr'><strong>astate,</strong></span> 
     </span>
    </p>
   </div>
   <div class='ocr_carea' id='block_1_59' title="bbox 179 4288 1753 4371">
    <p class='ocr_par' dir='ltr' id='par_1_59' title="bbox 179 4288 1753 4371">
     <span class='ocr_line' id='line_1_59' title="bbox 179 4288 1753 4371; baseline 0.003 -20"><span class='ocrx_word' id='word_1_455' title='bbox 179 4296 236 4351; x_wconf 91' lang='lat' dir='ltr'><strong>id</strong></span> <span class='ocrx_word' id='word_1_456' title='bbox 258 4306 362 4365; x_wconf 88' lang='lat' dir='ltr'><strong>est,</strong></span> <span class='ocrx_word' id='word_1_457' title='bbox 384 4296 654 4368; x_wconf 82' lang='lat' dir='ltr'><strong>perfectus</strong></span> <span class='ocrx_word' id='word_1_458' title='bbox 672 4288 848 4354; x_wconf 56' lang='lat' dir='ltr'><strong>astate.</strong></span> <span class='ocrx_word' id='word_1_459' title='bbox 882 4298 1079 4358; x_wconf 65' lang='lat' dir='ltr'><strong>Verum</strong></span> <span class='ocrx_word' id='word_1_460' title='bbox 1111 4299 1422 4368; x_wconf 84' lang='lat' dir='ltr'><strong>angelorum</strong></span> <span class='ocrx_word' id='word_1_461' title='bbox 1452 4301 1646 4371; x_wconf 89' lang='lat' dir='ltr'><strong>populo</strong></span> <span class='ocrx_word' id='word_1_462' title='bbox 1670 4301 1753 4355; x_wconf 86' lang='lat' dir='ltr'><strong>vel</strong></span> 
     </span>
    </p>
   </div>
   <div class='ocr_carea' id='block_1_60' title="bbox 176 4389 1751 4463">
    <p class='ocr_par' dir='ltr' id='par_1_60' title="bbox 176 4389 1751 4463">
     <span class='ocr_line' id='line_1_60' title="bbox 176 4389 1751 4463; baseline 0.005 -22"><span class='ocrx_word' id='word_1_463' title='bbox 176 4394 489 4447; x_wconf 83' lang='lat' dir='ltr'><strong>sanctarum</strong></span> <span class='ocrx_word' id='word_1_464' title='bbox 531 4389 831 4449; x_wconf 88' lang='lat' dir='ltr'><strong>animarum</strong></span> <span class='ocrx_word' id='word_1_465' title='bbox 873 4400 1239 4461; x_wconf 89' lang='lat' dir='ltr'><strong>apponuntur,</strong></span> <span class='ocrx_word' id='word_1_466' title='bbox 1275 4393 1365 4463; x_wconf 89' lang='lat' dir='ltr'><strong>qui</strong></span> <span class='ocrx_word' id='word_1_467' title='bbox 1412 4393 1552 4448; x_wconf 90' lang='lat' dir='ltr'><strong>hanc</strong></span> <span class='ocrx_word' id='word_1_468' title='bbox 1586 4394 1751 4449; x_wconf 89' lang='lat' dir='ltr'><strong>vitam</strong></span> 
     </span>
    </p>
   </div>
   <div class='ocr_carea' id='block_1_61' title="bbox 176 4479 1751 4555">
    <p class='ocr_par' dir='ltr' id='par_1_61' title="bbox 176 4479 1751 4555">
     <span class='ocr_line' id='line_1_61' title="bbox 176 4479 1751 4555; baseline 0.003 -20"><span class='ocrx_word' id='word_1_469' title='bbox 176 4481 291 4535; x_wconf 83' lang='lat' dir='ltr'><strong>Deo</strong></span> <span class='ocrx_word' id='word_1_470' title='bbox 310 4479 581 4548; x_wconf 77' lang='lat' dir='ltr'><strong>placentes</strong></span> <span class='ocrx_word' id='word_1_471' title='bbox 607 4480 819 4536; x_wconf 77' lang='lat' dir='ltr'><strong>ﬁniunt.</strong></span> <span class='ocrx_word' id='word_1_472' title='bbox 851 4482 1005 4538; x_wconf 88' lang='lat' dir='ltr'><strong>Tunc</strong></span> <span class='ocrx_word' id='word_1_473' title='bbox 1023 4483 1277 4538; x_wconf 91' lang='lat' dir='ltr'><strong>dicuntur</strong></span> <span class='ocrx_word' id='word_1_474' title='bbox 1298 4484 1511 4554; x_wconf 86' lang='lat' dir='ltr'><strong>apponi,</strong></span> <span class='ocrx_word' id='word_1_475' title='bbox 1536 4486 1751 4555; x_wconf 91' lang='lat' dir='ltr'><strong>quando</strong></span> 
     </span>
    </p>
   </div>
   <div class='ocr_carea' id='block_1_62' title="bbox 177 4567 1826 4662">
    <p class='ocr_par' dir='ltr' id='par_1_62' title="bbox 177 4567 1826 4662">
     <span class='ocr_line' id='line_1_62' title="bbox 177 4567 1826 4662; baseline 0.004 -38"><span class='ocrx_word' id='word_1_476' title='bbox 177 4568 327 4625; x_wconf 83' lang='lat' dir='ltr'><strong>nulla</strong></span> <span class='ocrx_word' id='word_1_477' title='bbox 352 4567 466 4637; x_wconf 82' lang='lat' dir='ltr'><strong>jam</strong></span> <span class='ocrx_word' id='word_1_478' title='bbox 500 4578 740 4626; x_wconf 85' lang='lat' dir='ltr'><strong>remanet</strong></span> <span class='ocrx_word' id='word_1_479' title='bbox 775 4571 1075 4662; x_wconf 86' lang='lat' dir='ltr'><strong>sollicitudo</strong></span> <span class='ocrx_word' id='word_1_480' title='bbox 1110 4575 1486 4640; x_wconf 85' lang='lat' dir='ltr'><strong>tentationum,</strong></span> <span class='ocrx_word' id='word_1_481' title='bbox 1522 4585 1576 4631; x_wconf 85' lang='lat' dir='ltr'><strong>et</strong></span> <span class='ocrx_word' id='word_1_482' title='bbox 1608 4578 1750 4645; x_wconf 88' lang='lat' dir='ltr'><strong>peri-</strong></span> <span class='ocrx_word' id='word_1_483' title='bbox 1776 4602 1826 4662; x_wconf 73' lang='grc' dir='ltr'><strong>ι)</strong></span> 
     </span>
    </p>
   </div>
   <div class='ocr_carea' id='block_1_63' title="bbox 176 4659 1747 4735">
    <p class='ocr_par' dir='ltr' id='par_1_63' title="bbox 176 4659 1747 4735">
     <span class='ocr_line' id='line_1_63' title="bbox 176 4659 1747 4735; baseline 0.004 -20"><span class='ocrx_word' id='word_1_484' title='bbox 176 4659 359 4715; x_wconf 86' lang='lat' dir='ltr'><strong>culum</strong></span> <span class='ocrx_word' id='word_1_485' title='bbox 380 4669 739 4730; x_wconf 89' lang='lat' dir='ltr'><strong>peccatorum.</strong></span> <span class='ocrx_word' id='word_1_486' title='bbox 766 4661 917 4728; x_wconf 91' lang='lat' dir='ltr'><strong>Quod</strong></span> <span class='ocrx_word' id='word_1_487' title='bbox 945 4663 1157 4719; x_wconf 91' lang='lat' dir='ltr'><strong>intuens</strong></span> <span class='ocrx_word' id='word_1_488' title='bbox 1178 4664 1456 4735; x_wconf 90' lang='lat' dir='ltr'><strong>Scriptura</strong></span> <span class='ocrx_word' id='word_1_489' title='bbox 1482 4668 1592 4721; x_wconf 88' lang='lat' dir='ltr'><strong>ait:</strong></span> <span class='ocrx_word' id='word_1_490' title='bbox 1617 4669 1747 4722; x_wconf 80' lang='lat' dir='ltr'><strong>Ante</strong></span> 
     </span>
    </p>
   </div>
   <div class='ocr_carea' id='block_1_64' title="bbox 175 4752 1741 4827">
    <p class='ocr_par' dir='ltr' id='par_1_64' title="bbox 175 4752 1741 4827">
     <span class='ocr_line' id='line_1_64' title="bbox 175 4752 1741 4827; baseline 0.004 -22"><span class='ocrx_word' id='word_1_491' title='bbox 175 4760 397 4805; x_wconf 71' lang='lat' dir='ltr'><strong>mortem</strong></span> <span class='ocrx_word' id='word_1_492' title='bbox 441 4768 503 4809; x_wconf 86' lang='lat' dir='ltr'><strong>ne</strong></span> <span class='ocrx_word' id='word_1_493' title='bbox 540 4752 719 4813; x_wconf 83' lang='lat' dir='ltr'><strong>laudes</strong></span> <span class='ocrx_word' id='word_1_494' title='bbox 766 4754 1371 4825; x_wconf 13' lang='lat' dir='ltr'><strong>hominetnrqnemquam</strong></span> <span class='ocrx_word' id='word_1_495' title='bbox 1417 4757 1606 4827; x_wconf 85' lang='lat' dir='ltr'><strong>(Eceli.</strong></span> <span class='ocrx_word' id='word_1_496' title='bbox 1669 4774 1741 4821; x_wconf 85' lang='lat' dir='ltr'><strong>xI,</strong></span> 
     </span>
    </p>
   </div>
   <div class='ocr_carea' id='block_1_65' title="bbox 249 4936 1746 5013">
    <p class='ocr_par' dir='ltr' id='par_1_65' title="bbox 249 4936 1746 5013">
     <span class='ocr_line' id='line_1_65' title="bbox 249 4936 1746 5013; baseline 0.003 -20"><span class='ocrx_word' id='word_1_497' title='bbox 249 4938 416 4993; x_wconf 84' lang='lat' dir='ltr'><strong>Inter.</strong></span> <span class='ocrx_word' id='word_1_498' title='bbox 446 4936 572 4994; x_wconf 67' lang='lat'><strong>253.</strong></span> <span class='ocrx_word' id='word_1_499' title='bbox 620 4936 901 5004; x_wconf 71' lang='lat' dir='ltr'><strong>Quomorb</strong></span> <span class='ocrx_word' id='word_1_500' title='bbox 940 4940 1221 5012; x_wconf 87' lang='lat' dir='ltr'><strong>Scriptura</strong></span> <span class='ocrx_word' id='word_1_501' title='bbox 1264 4944 1420 5007; x_wconf 90' lang='lat' dir='ltr'><strong>dicit,</strong></span> <span class='ocrx_word' id='word_1_502' title='bbox 1445 4954 1566 5013; x_wconf 89' lang='lat' dir='ltr'><strong>post</strong></span> <span class='ocrx_word' id='word_1_503' title='bbox 1608 4959 1746 4999; x_wconf 55' lang='lat' dir='ltr'><strong>mor.</strong></span> 
     </span>
    </p>
   </div>
   <div class='ocr_carea' id='block_1_66' title="bbox 176 5028 1744 5099">
    <p class='ocr_par' dir='ltr' id='par_1_66' title="bbox 176 5028 1744 5099">
     <span class='ocr_line' id='line_1_66' title="bbox 176 5028 1744 5099; baseline 0.002 -15"><span class='ocrx_word' id='word_1_504' title='bbox 176 5039 287 5085; x_wconf 87' lang='lat' dir='ltr'><strong>tem</strong></span> <span class='ocrx_word' id='word_1_505' title='bbox 319 5028 470 5084; x_wconf 83' lang='lat' dir='ltr'><strong>Isaac</strong></span> <span class='ocrx_word' id='word_1_506' title='bbox 493 5029 662 5099; x_wconf 85' lang='lat' dir='ltr'><strong>patris</strong></span> <span class='ocrx_word' id='word_1_507' title='bbox 690 5029 793 5093; x_wconf 91' lang='lat' dir='ltr'><strong>sui,</strong></span> <span class='ocrx_word' id='word_1_508' title='bbox 826 5028 968 5084; x_wconf 84' lang='lat' dir='ltr'><strong>Esau</strong></span> <span class='ocrx_word' id='word_1_509' title='bbox 993 5032 1319 5087; x_wconf 74' lang='lat' dir='ltr'><strong>abscessisse</strong></span> <span class='ocrx_word' id='word_1_510' title='bbox 1340 5035 1407 5089; x_wconf 85' lang='lat' dir='ltr'><strong>de</strong></span> <span class='ocrx_word' id='word_1_511' title='bbox 1435 5042 1580 5089; x_wconf 89' lang='lat' dir='ltr'><strong>terra</strong></span> <span class='ocrx_word' id='word_1_512' title='bbox 1604 5034 1744 5089; x_wconf 85' lang='lat' dir='ltr'><strong>Cha-</strong></span> 
     </span>
    </p>
   </div>
   <div class='ocr_carea' id='block_1_67' title="bbox 178 5118 1754 5194">
    <p class='ocr_par' dir='ltr' id='par_1_67' title="bbox 178 5118 1754 5194">
     <span class='ocr_line' id='line_1_67' title="bbox 178 5118 1754 5194; baseline 0.006 -23"><span class='ocrx_word' id='word_1_513' title='bbox 178 5134 342 5182; x_wconf 91' lang='lat' dir='ltr'><strong>naan,</strong></span> <span class='ocrx_word' id='word_1_514' title='bbox 367 5126 423 5173; x_wconf 85' lang='lat' dir='ltr'><strong>et</strong></span> <span class='ocrx_word' id='word_1_515' title='bbox 455 5118 727 5174; x_wconf 86' lang='lat' dir='ltr'><strong>habitasse</strong></span> <span class='ocrx_word' id='word_1_516' title='bbox 775 5118 829 5173; x_wconf 93' lang='lat' dir='ltr'><strong>in</strong></span> <span class='ocrx_word' id='word_1_517' title='bbox 862 5126 1043 5175; x_wconf 87' lang='lat' dir='ltr'><strong>monte</strong></span> <span class='ocrx_word' id='word_1_518' title='bbox 1078 5120 1202 5174; x_wconf 76' lang='lat' dir='ltr'><strong>Seir</strong></span> <span class='ocrx_word' id='word_1_519' title='bbox 1252 5120 1404 5189; x_wconf 79' lang='lat' dir='ltr'><strong>(Gen.</strong></span> <span class='ocrx_word' id='word_1_520' title='bbox 1430 5139 1616 5188; x_wconf 76' lang='lat' dir='ltr'><strong>xxxvi,</strong></span> <span class='ocrx_word' id='word_1_521' title='bbox 1648 5125 1754 5194; x_wconf 85' lang='lat'><strong>8);.</strong></span> 
     </span>
    </p>
   </div>
   <div class='ocr_carea' id='block_1_68' title="bbox 177 5207 1742 5283">
    <p class='ocr_par' dir='ltr' id='par_1_68' title="bbox 177 5207 1742 5283">
     <span class='ocr_line' id='line_1_68' title="bbox 177 5207 1742 5283; baseline 0.004 -22"><span class='ocrx_word' id='word_1_522' title='bbox 177 5221 305 5269; x_wconf 80' lang='lat' dir='ltr'><strong>eum</strong></span> <span class='ocrx_word' id='word_1_523' title='bbox 340 5207 589 5275; x_wconf 72' lang='lat' dir='ltr'><strong>veniente</strong></span> <span class='ocrx_word' id='word_1_524' title='bbox 633 5208 700 5263; x_wconf 91' lang='lat' dir='ltr'><strong>de</strong></span> <span class='ocrx_word' id='word_1_525' title='bbox 728 5207 1108 5277; x_wconf 79' lang='lat' dir='ltr'><strong>Mesopotamia</strong></span> <span class='ocrx_word' id='word_1_526' title='bbox 1146 5209 1311 5268; x_wconf 88' lang='lat' dir='ltr'><strong>Iacob</strong></span> <span class='ocrx_word' id='word_1_527' title='bbox 1359 5212 1568 5281; x_wconf 88' lang='lat' dir='ltr'><strong>legatur</strong></span> <span class='ocrx_word' id='word_1_528' title='bbox 1591 5212 1742 5283; x_wconf 81' lang='lat' dir='ltr'><strong>(Gen.</strong></span> 
     </span>
    </p>
   </div>
   <div class='ocr_carea' id='block_1_69' title="bbox 176 5294 1745 5364">
    <p class='ocr_par' dir='ltr' id='par_1_69' title="bbox 176 5294 1745 5364">
     <span class='ocr_line' id='line_1_69' title="bbox 176 5294 1745 5364; baseline 0.006 -16"><span class='ocrx_word' id='word_1_529' title='bbox 176 5310 353 5358; x_wconf 82' lang='lat' dir='ltr'><strong>xxxn,</strong></span> <span class='ocrx_word' id='word_1_530' title='bbox 382 5294 439 5364; x_wconf 79' lang='lat'><strong>3)</strong></span> <span class='ocrx_word' id='word_1_531' title='bbox 466 5309 590 5354; x_wconf 84' lang='lat' dir='ltr'><strong>eum</strong></span> <span class='ocrx_word' id='word_1_532' title='bbox 637 5297 849 5353; x_wconf 88' lang='lat' dir='ltr'><strong>misisse</strong></span> <span class='ocrx_word' id='word_1_533' title='bbox 893 5300 1105 5355; x_wconf 89' lang='lat' dir='ltr'><strong>nuntios</strong></span> <span class='ocrx_word' id='word_1_534' title='bbox 1133 5300 1201 5354; x_wconf 90' lang='lat' dir='ltr'><strong>ad</strong></span> <span class='ocrx_word' id='word_1_535' title='bbox 1250 5298 1474 5356; x_wconf 78' lang='lat' dir='ltr'><strong>fratrem</strong></span> <span class='ocrx_word' id='word_1_536' title='bbox 1505 5318 1660 5357; x_wconf 91' lang='lat' dir='ltr'><strong>suum</strong></span> <span class='ocrx_word' id='word_1_537' title='bbox 1693 5305 1745 5357; x_wconf 90' lang='lat' dir='ltr'><strong>in</strong></span> 
     </span>
    </p>
   </div>
   <div class='ocr_carea' id='block_1_70' title="bbox 176 5387 1747 5460">
    <p class='ocr_par' dir='ltr' id='par_1_70' title="bbox 176 5387 1747 5460">
     <span class='ocr_line' id='line_1_70' title="bbox 176 5387 1747 5460; baseline 0.005 -17"><span class='ocrx_word' id='word_1_538' title='bbox 176 5398 326 5444; x_wconf 85' lang='lat' dir='ltr'><strong>terra</strong></span> <span class='ocrx_word' id='word_1_539' title='bbox 353 5387 494 5453; x_wconf 85' lang='lat' dir='ltr'><strong>Seir,</strong></span> <span class='ocrx_word' id='word_1_540' title='bbox 543 5390 777 5460; x_wconf 86' lang='lat' dir='ltr'><strong>regionis</strong></span> <span class='ocrx_word' id='word_1_541' title='bbox 820 5392 1010 5458; x_wconf 86' lang='lat' dir='ltr'><strong>Edom,</strong></span> <span class='ocrx_word' id='word_1_542' title='bbox 1041 5406 1163 5448; x_wconf 88' lang='lat' dir='ltr'><strong>cum</strong></span> <span class='ocrx_word' id='word_1_543' title='bbox 1216 5394 1287 5449; x_wconf 91' lang='lat' dir='ltr'><strong>ibi</strong></span> <span class='ocrx_word' id='word_1_544' title='bbox 1314 5394 1585 5451; x_wconf 81' lang='lat' dir='ltr'><strong>habitaret</strong></span> <span class='ocrx_word' id='word_1_545' title='bbox 1613 5404 1747 5451; x_wconf 86' lang='lat' dir='ltr'><strong>tunc</strong></span> 
     </span>
    </p>
   </div>
   <div class='ocr_carea' id='block_1_71' title="bbox 107 5479 1747 5563">
    <p class='ocr_par' dir='ltr' id='par_1_71' title="bbox 107 5479 1747 5563">
     <span class='ocr_line' id='line_1_71' title="bbox 107 5479 1747 5563; baseline 0.005 -29"><span class='ocrx_word' id='word_1_546' title='bbox 107 5520 113 5526; x_wconf 86' lang='lat'><strong>.</strong></span> <span class='ocrx_word' id='word_1_547' title='bbox 177 5480 438 5552; x_wconf 79' lang='lat' dir='ltr'><strong>temporis</strong></span> <span class='ocrx_word' id='word_1_548' title='bbox 464 5479 619 5555; x_wconf 74' lang='lat' dir='ltr'><strong>[Hs.,</strong></span> <span class='ocrx_word' id='word_1_549' title='bbox 637 5494 870 5554; x_wconf 82' lang='lat' dir='ltr'><strong>eumque</strong></span> <span class='ocrx_word' id='word_1_550' title='bbox 886 5484 957 5540; x_wconf 91' lang='lat' dir='ltr'><strong>ibi</strong></span> <span class='ocrx_word' id='word_1_551' title='bbox 979 5482 1267 5541; x_wconf 79' lang='lat' dir='ltr'><strong>habitasse</strong></span> <span class='ocrx_word' id='word_1_552' title='bbox 1281 5492 1410 5543; x_wconf 89' lang='lat' dir='ltr'><strong>tunc</strong></span> <span class='ocrx_word' id='word_1_553' title='bbox 1430 5489 1747 5563; x_wconf 78' lang='lat' dir='ltr'><strong>temporis]?</strong></span> 
     </span>
    </p>
   </div>
   <div class='ocr_carea' id='block_1_72' title="bbox 175 5567 1756 5646">
    <p class='ocr_par' dir='ltr' id='par_1_72' title="bbox 175 5567 1756 5646">
     <span class='ocr_line' id='line_1_72' title="bbox 175 5567 1756 5646; baseline 0.008 -23"><span class='ocrx_word' id='word_1_554' title='bbox 175 5567 408 5640; x_wconf 83' lang='lat' dir='ltr'><strong>——Resp.</strong></span> <span class='ocrx_word' id='word_1_555' title='bbox 435 5570 495 5629; x_wconf 86' lang='lat' dir='ltr'><strong>In</strong></span> <span class='ocrx_word' id='word_1_556' title='bbox 523 5578 771 5643; x_wconf 90' lang='lat' dir='ltr'><strong>promptu</strong></span> <span class='ocrx_word' id='word_1_557' title='bbox 793 5580 879 5628; x_wconf 88' lang='lat' dir='ltr'><strong>est</strong></span> <span class='ocrx_word' id='word_1_558' title='bbox 902 5574 1142 5646; x_wconf 85' lang='lat' dir='ltr'><strong>cogitare</strong></span> <span class='ocrx_word' id='word_1_559' title='bbox 1182 5574 1323 5645; x_wconf 89' lang='lat' dir='ltr'><strong>quod</strong></span> <span class='ocrx_word' id='word_1_560' title='bbox 1352 5575 1556 5633; x_wconf 86' lang='lat' dir='ltr'><strong>scilicet</strong></span> <span class='ocrx_word' id='word_1_561' title='bbox 1581 5578 1756 5643; x_wconf 63' lang='lat' dir='ltr'><strong>Esau;</strong></span> 
     </span>
    </p>
   </div>
   <div class='ocr_carea' id='block_1_73' title="bbox 175 5658 1744 5734">
    <p class='ocr_par' dir='ltr' id='par_1_73' title="bbox 175 5658 1744 5734">
     <span class='ocr_line' id='line_1_73' title="bbox 175 5658 1744 5734; baseline 0.006 -21"><span class='ocrx_word' id='word_1_562' title='bbox 175 5666 527 5731; x_wconf 81' lang='lat' dir='ltr'><strong>posteaquam</strong></span> <span class='ocrx_word' id='word_1_563' title='bbox 556 5659 612 5715; x_wconf 83' lang='lat' dir='ltr'><strong>in</strong></span> <span class='ocrx_word' id='word_1_564' title='bbox 645 5658 1276 5731; x_wconf 70' lang='lat' dir='ltr'><strong>Mesopotamiamfrater</strong></span> <span class='ocrx_word' id='word_1_565' title='bbox 1323 5662 1439 5733; x_wconf 87' lang='lat' dir='ltr'><strong>ejus</strong></span> <span class='ocrx_word' id='word_1_566' title='bbox 1463 5666 1744 5734; x_wconf 81' lang='lat' dir='ltr'><strong>abscessit,</strong></span> 
     </span>
    </p>
   </div>
   <div class='ocr_carea' id='block_1_74' title="bbox 249 5853 1091 5914">
    <p class='ocr_par' dir='ltr' id='par_1_74' title="bbox 249 5853 1091 5914">
     <span class='ocr_line' id='line_1_74' title="bbox 249 5853 1091 5914; baseline 0.004 -5"><span class='ocrx_word' id='word_1_567' title='bbox 249 5867 277 5909; x_wconf 75' lang='grc' dir='ltr'><strong>Ι</strong></span> <span class='ocrx_word' id='word_1_568' title='bbox 313 5855 491 5914; x_wconf 83' lang='lat' dir='ltr'><strong>Locus</strong></span> <span class='ocrx_word' id='word_1_569' title='bbox 518 5853 606 5912; x_wconf 85' lang='lat' dir='ltr'><strong>hic</strong></span> <span class='ocrx_word' id='word_1_570' title='bbox 638 5864 857 5912; x_wconf 65' lang='lat' dir='ltr'><strong>senatus</strong></span> <span class='ocrx_word' id='word_1_571' title='bbox 884 5872 946 5911; x_wconf 76' lang='lat' dir='ltr'><strong>ex</strong></span> <span class='ocrx_word' id='word_1_572' title='bbox 984 5874 1091 5912; x_wconf 89' lang='lat' dir='ltr'><strong>ms.</strong></span> 
     </span>
    </p>
   </div>
   <div class='ocr_carea' id='block_1_75' title="bbox 502 5949 881 6014">
    <p class='ocr_par' dir='ltr' id='par_1_75' title="bbox 502 5949 881 6014">
     <span class='ocr_line' id='line_1_75' title="bbox 502 5949 881 6014; baseline -0.005 0"><span class='ocrx_word' id='word_1_573' title='bbox 502 5951 769 6014; x_wconf 72' lang='grc' dir='ltr'><strong>ΡΑτιιοι.</strong></span> <span class='ocrx_word' id='word_1_574' title='bbox 815 5949 881 6013; x_wconf 90' lang='lat' dir='ltr'><strong>C.</strong></span> 
     </span>
    </p>
   </div>
   <div class='ocr_carea' id='block_1_76' title="bbox 1872 2008 3443 2094">
    <p class='ocr_par' dir='ltr' id='par_1_76' title="bbox 1872 2008 3443 2094">
     <span class='ocr_line' id='line_1_76' title="bbox 1872 2008 3443 2094; baseline 0.011 -33"><span class='ocrx_word' id='word_1_575' title='bbox 1872 2008 1975 2063; x_wconf 85' lang='lat' dir='ltr'><strong>cim</strong></span> <span class='ocrx_word' id='word_1_576' title='bbox 2002 2013 2151 2065; x_wconf 90' lang='lat' dir='ltr'><strong>nasci</strong></span> <span class='ocrx_word' id='word_1_577' title='bbox 2174 2013 2427 2067; x_wconf 90' lang='lat' dir='ltr'><strong>dicuntur</strong></span> <span class='ocrx_word' id='word_1_578' title='bbox 2452 2017 2505 2069; x_wconf 93' lang='lat' dir='ltr'><strong>in</strong></span> <span class='ocrx_word' id='word_1_579' title='bbox 2540 2017 2968 2088; x_wconf 82' lang='lat' dir='ltr'><strong>Mesopotamia?</strong></span> <span class='ocrx_word' id='word_1_580' title='bbox 3002 2051 3074 2063; x_wconf 92' lang='lat'><strong>--</strong></span> <span class='ocrx_word' id='word_1_581' title='bbox 3113 2023 3266 2094; x_wconf 83' lang='lat' dir='ltr'><strong>Resp.</strong></span> <span class='ocrx_word' id='word_1_582' title='bbox 3293 2025 3443 2079; x_wconf 65' lang='lat' dir='ltr'><strong>Nulla</strong></span> 
     </span>
    </p>
   </div>
   <div class='ocr_carea' id='block_1_77' title="bbox 1869 2098 3447 2185">
    <p class='ocr_par' dir='ltr' id='par_1_77' title="bbox 1869 2098 3447 2185">
     <span class='ocr_line' id='line_1_77' title="bbox 1869 2098 3447 2185; baseline 0.013 -35"><span class='ocrx_word' id='word_1_583' title='bbox 1869 2107 1951 2152; x_wconf 80' lang='lat' dir='ltr'><strong>est</strong></span> <span class='ocrx_word' id='word_1_584' title='bbox 1998 2098 2174 2173; x_wconf 80' lang='lat' dir='ltr'><strong>[ergo]</strong></span> <span class='ocrx_word' id='word_1_585' title='bbox 2207 2101 2418 2158; x_wconf 80' lang='lat' dir='ltr'><strong>facilior</strong></span> <span class='ocrx_word' id='word_1_586' title='bbox 2454 2106 2650 2163; x_wconf 85' lang='lat' dir='ltr'><strong>solutio</strong></span> <span class='ocrx_word' id='word_1_587' title='bbox 2706 2109 2864 2185; x_wconf 68' lang='lat' dir='ltr'><strong>hujus</strong></span> <span class='ocrx_word' id='word_1_588' title='bbox 2908 2115 3243 2179; x_wconf 79' lang='lat' dir='ltr'><strong>quzcstionis,</strong></span> <span class='ocrx_word' id='word_1_589' title='bbox 3286 2132 3447 2185; x_wconf 83' lang='lat' dir='ltr'><strong>quam</strong></span> 
     </span>
    </p>
   </div>
   <div class='ocr_carea' id='block_1_78' title="bbox 1868 2172 3449 2278">
    <p class='ocr_par' dir='ltr' id='par_1_78' title="bbox 1868 2172 3449 2278">
     <span class='ocr_line' id='line_1_78' title="bbox 1868 2172 3449 2278; baseline 0.009 -34"><span class='ocrx_word' id='word_1_590' title='bbox 1868 2200 1927 2245; x_wconf 91' lang='lat' dir='ltr'><strong>ut</strong></span> <span class='ocrx_word' id='word_1_591' title='bbox 1960 2208 2057 2262; x_wconf 89' lang='lat' dir='ltr'><strong>per</strong></span> <span class='ocrx_word' id='word_1_592' title='bbox 2083 2172 2455 2264; x_wconf 84' lang='lat' dir='ltr'><strong>synecdochen</strong></span> <span class='ocrx_word' id='word_1_593' title='bbox 2480 2172 2795 2270; x_wconf 49' lang='lat' dir='ltr'><strong>accipiatur:</strong></span> <span class='ocrx_word' id='word_1_594' title='bbox 2826 2172 2941 2257; x_wconf 52' lang='lat' dir='ltr'><strong>{ibi</strong></span> <span class='ocrx_word' id='word_1_595' title='bbox 2963 2205 3105 2259; x_wconf 87' lang='lat' dir='ltr'><strong>enim</strong></span> <span class='ocrx_word' id='word_1_596' title='bbox 3131 2172 3449 2278; x_wconf 39' lang='lat' dir='ltr'><strong>niaj&#39;orpars</strong></span> 
     </span>
    </p>
   </div>
   <div class='ocr_carea' id='block_1_79' title="bbox 1866 2285 3449 2363">
    <p class='ocr_par' dir='ltr' id='par_1_79' title="bbox 1866 2285 3449 2363">
     <span class='ocr_line' id='line_1_79' title="bbox 1866 2285 3449 2363; baseline 0.01 -26"><span class='ocrx_word' id='word_1_597' title='bbox 1866 2292 1950 2338; x_wconf 88' lang='lat' dir='ltr'><strong>est</strong></span> <span class='ocrx_word' id='word_1_598' title='bbox 1986 2294 2078 2337; x_wconf 88' lang='lat' dir='ltr'><strong>aut</strong></span> <span class='ocrx_word' id='word_1_599' title='bbox 2106 2285 2296 2341; x_wconf 82' lang='lat' dir='ltr'><strong>fortior</strong></span> <span class='ocrx_word' id='word_1_600' title='bbox 2326 2287 2478 2358; x_wconf 62' lang='grc' dir='ltr'><strong>μη,</strong></span> <span class='ocrx_word' id='word_1_601' title='bbox 2504 2290 2727 2363; x_wconf 86' lang='lat' dir='ltr'><strong>potior],</strong></span> <span class='ocrx_word' id='word_1_602' title='bbox 2777 2293 2914 2347; x_wconf 86' lang='lat' dir='ltr'><strong>solet</strong></span> <span class='ocrx_word' id='word_1_603' title='bbox 2944 2294 3183 2361; x_wconf 87' lang='lat' dir='ltr'><strong>ejusdem</strong></span> <span class='ocrx_word' id='word_1_604' title='bbox 3233 2301 3449 2353; x_wconf 72' lang='lat' dir='ltr'><strong>nomine.</strong></span> 
     </span>
    </p>
   </div>
   <div class='ocr_carea' id='block_1_80' title="bbox 1867 2373 3445 2452">
    <p class='ocr_par' dir='ltr' id='par_1_80' title="bbox 1867 2373 3445 2452">
     <span class='ocr_line' id='line_1_80' title="bbox 1867 2373 3445 2452; baseline 0.009 -26"><span class='ocrx_word' id='word_1_605' title='bbox 1867 2373 2031 2428; x_wconf 87' lang='lat' dir='ltr'><strong>etiam</strong></span> <span class='ocrx_word' id='word_1_606' title='bbox 2089 2374 2218 2438; x_wconf 75' lang='lat' dir='ltr'><strong>illud</strong></span> <span class='ocrx_word' id='word_1_607' title='bbox 2274 2379 2652 2447; x_wconf 79' lang='lat' dir='ltr'><strong>comprehendi</strong></span> <span class='ocrx_word' id='word_1_608' title='bbox 2706 2382 2848 2451; x_wconf 87' lang='lat' dir='ltr'><strong>quod</strong></span> <span class='ocrx_word' id='word_1_609' title='bbox 2902 2384 2966 2435; x_wconf 81' lang='lat' dir='ltr'><strong>ad</strong></span> <span class='ocrx_word' id='word_1_610' title='bbox 3028 2385 3197 2452; x_wconf 79' lang='lat' dir='ltr'><strong>ipsum</strong></span> <span class='ocrx_word' id='word_1_611' title='bbox 3250 2402 3445 2440; x_wconf 81' lang='lat' dir='ltr'><strong>nomen</strong></span> 
     </span>
    </p>
   </div>
   <div class='ocr_carea' id='block_1_81' title="bbox 1868 2461 2307 2536">
    <p class='ocr_par' dir='ltr' id='par_1_81' title="bbox 1868 2461 2307 2536">
     <span class='ocr_line' id='line_1_81' title="bbox 1868 2461 2307 2536; baseline 0.005 -19"><span class='ocrx_word' id='word_1_612' title='bbox 1868 2461 2021 2536; x_wconf 90' lang='lat' dir='ltr'><strong>[non]</strong></span> <span class='ocrx_word' id='word_1_613' title='bbox 2050 2469 2307 2536; x_wconf 80' lang='lat' dir='ltr'><strong>pertinet.</strong></span> 
     </span>
    </p>
   </div>
   <div class='ocr_carea' id='block_1_82' title="bbox 1938 2555 3444 2638">
    <p class='ocr_par' dir='ltr' id='par_1_82' title="bbox 1938 2555 3444 2638">
     <span class='ocr_line' id='line_1_82' title="bbox 1938 2555 3444 2638; baseline 0.011 -30"><span class='ocrx_word' id='word_1_614' title='bbox 1938 2555 2099 2610; x_wconf 80' lang='lat' dir='ltr'><strong>Inter.</strong></span> <span class='ocrx_word' id='word_1_615' title='bbox 2134 2558 2258 2612; x_wconf 63' lang='lat'><strong>254.</strong></span> <span class='ocrx_word' id='word_1_616' title='bbox 2303 2560 2581 2625; x_wconf 77' lang='lat' dir='ltr'><strong>Quomodo</strong></span> <span class='ocrx_word' id='word_1_617' title='bbox 2630 2564 2906 2634; x_wconf 86' lang='lat' dir='ltr'><strong>impletum</strong></span> <span class='ocrx_word' id='word_1_618' title='bbox 2930 2569 3193 2625; x_wconf 75' lang='lat' dir='ltr'><strong>somnium</strong></span> <span class='ocrx_word' id='word_1_619' title='bbox 3226 2568 3444 2638; x_wconf 65' lang='lat' dir='ltr'><strong>Ioseph.</strong></span> 
     </span>
    </p>
   </div>
   <div class='ocr_carea' id='block_1_83' title="bbox 1864 2647 3445 2719">
    <p class='ocr_par' dir='ltr' id='par_1_83' title="bbox 1864 2647 3445 2719">
     <span class='ocr_line' id='line_1_83' title="bbox 1864 2647 3445 2719; baseline 0.009 -22"><span class='ocrx_word' id='word_1_620' title='bbox 1864 2660 1970 2715; x_wconf 87' lang='lat' dir='ltr'><strong>quo</strong></span> <span class='ocrx_word' id='word_1_621' title='bbox 1996 2647 2124 2702; x_wconf 88' lang='lat' dir='ltr'><strong>dicit</strong></span> <span class='ocrx_word' id='word_1_622' title='bbox 2161 2664 2220 2703; x_wconf 90' lang='lat' dir='ltr'><strong>se</strong></span> <span class='ocrx_word' id='word_1_623' title='bbox 2246 2651 2442 2705; x_wconf 81' lang='lat' dir='ltr'><strong>vidisse</strong></span> <span class='ocrx_word' id='word_1_624' title='bbox 2473 2652 2635 2706; x_wconf 88' lang='lat' dir='ltr'><strong>solem</strong></span> <span class='ocrx_word' id='word_1_625' title='bbox 2660 2662 2713 2705; x_wconf 86' lang='lat' dir='ltr'><strong>et</strong></span> <span class='ocrx_word' id='word_1_626' title='bbox 2746 2653 2947 2719; x_wconf 89' lang='lat' dir='ltr'><strong>lunam,</strong></span> <span class='ocrx_word' id='word_1_627' title='bbox 2972 2666 3027 2710; x_wconf 87' lang='lat' dir='ltr'><strong>ct</strong></span> <span class='ocrx_word' id='word_1_628' title='bbox 3051 2660 3298 2712; x_wconf 88' lang='lat' dir='ltr'><strong>undecim</strong></span> <span class='ocrx_word' id='word_1_629' title='bbox 3322 2661 3445 2715; x_wconf 72' lang='grc' dir='ltr'><strong>δια-ι-</strong></span> 
     </span>
    </p>
   </div>
   <div class='ocr_carea' id='block_1_84' title="bbox 1865 2736 3445 2813">
    <p class='ocr_par' dir='ltr' id='par_1_84' title="bbox 1865 2736 3445 2813">
     <span class='ocr_line' id='line_1_84' title="bbox 1865 2736 3445 2813; baseline 0.01 -24"><span class='ocrx_word' id='word_1_630' title='bbox 1865 2736 1943 2790; x_wconf 86' lang='lat' dir='ltr'><strong>las</strong></span> <span class='ocrx_word' id='word_1_631' title='bbox 1967 2739 2219 2795; x_wconf 82' lang='lat' dir='ltr'><strong>adorasse</strong></span> <span class='ocrx_word' id='word_1_632' title='bbox 2245 2756 2302 2795; x_wconf 87' lang='lat' dir='ltr'><strong>se</strong></span> <span class='ocrx_word' id='word_1_633' title='bbox 2355 2739 2510 2810; x_wconf 83' lang='lat' dir='ltr'><strong>(Cen.</strong></span> <span class='ocrx_word' id='word_1_634' title='bbox 2561 2759 2769 2809; x_wconf 74' lang='lat' dir='ltr'><strong>xxxvii,</strong></span> <span class='ocrx_word' id='word_1_635' title='bbox 2799 2747 2852 2813; x_wconf 85' lang='lat'><strong>9)</strong></span> <span class='ocrx_word' id='word_1_636' title='bbox 2882 2763 2895 2807; x_wconf 87' lang='lat'><strong>;</strong></span> <span class='ocrx_word' id='word_1_637' title='bbox 2935 2746 3062 2799; x_wconf 90' lang='lat' dir='ltr'><strong>dum</strong></span> <span class='ocrx_word' id='word_1_638' title='bbox 3115 2759 3349 2813; x_wconf 84' lang='lat' dir='ltr'><strong>constat,</strong></span> <span class='ocrx_word' id='word_1_639' title='bbox 3380 2766 3445 2805; x_wconf 79' lang='lat' dir='ltr'><strong>eo</strong></span> 
     </span>
    </p>
   </div>
   <div class='ocr_carea' id='block_1_85' title="bbox 1865 2832 3446 2907">
    <p class='ocr_par' dir='ltr' id='par_1_85' title="bbox 1865 2832 3446 2907">
     <span class='ocr_line' id='line_1_85' title="bbox 1865 2832 3446 2907; baseline 0.011 -25"><span class='ocrx_word' id='word_1_640' title='bbox 1865 2840 2125 2899; x_wconf 87' lang='lat' dir='ltr'><strong>regnante</strong></span> <span class='ocrx_word' id='word_1_641' title='bbox 2178 2833 2231 2887; x_wconf 91' lang='lat' dir='ltr'><strong>in</strong></span> <span class='ocrx_word' id='word_1_642' title='bbox 2258 2832 2511 2904; x_wconf 49' lang='lat' dir='ltr'><strong>.Itlgypto,</strong></span> <span class='ocrx_word' id='word_1_643' title='bbox 2571 2846 2801 2892; x_wconf 87' lang='lat' dir='ltr'><strong>matrem</strong></span> <span class='ocrx_word' id='word_1_644' title='bbox 2858 2838 2975 2907; x_wconf 86' lang='lat' dir='ltr'><strong>ejus</strong></span> <span class='ocrx_word' id='word_1_645' title='bbox 3023 2839 3225 2896; x_wconf 75' lang='lat' dir='ltr'><strong>Rachel</strong></span> <span class='ocrx_word' id='word_1_646' title='bbox 3279 2844 3446 2899; x_wconf 87' lang='lat' dir='ltr'><strong>mnl&#39;o</strong></span> 
     </span>
    </p>
   </div>
   <div class='ocr_carea' id='block_1_86' title="bbox 1863 2922 3443 3002">
    <p class='ocr_par' dir='ltr' id='par_1_86' title="bbox 1863 2922 3443 3002">
     <span class='ocr_line' id='line_1_86' title="bbox 1863 2922 3443 3002; baseline 0.01 -30"><span class='ocrx_word' id='word_1_647' title='bbox 1863 2928 1990 2972; x_wconf 85' lang='lat' dir='ltr'><strong>ante</strong></span> <span class='ocrx_word' id='word_1_648' title='bbox 2029 2934 2149 2976; x_wconf 89' lang='lat' dir='ltr'><strong>esse</strong></span> <span class='ocrx_word' id='word_1_649' title='bbox 2178 2922 2525 2988; x_wconf 88' lang='lat' dir='ltr'><strong>defunctam;</strong></span> <span class='ocrx_word' id='word_1_650' title='bbox 2559 2926 2666 2980; x_wconf 91' lang='lat' dir='ltr'><strong>imo</strong></span> <span class='ocrx_word' id='word_1_651' title='bbox 2702 2942 2803 2982; x_wconf 88' lang='lat' dir='ltr'><strong>nec</strong></span> <span class='ocrx_word' id='word_1_652' title='bbox 2848 2939 3056 2997; x_wconf 79' lang='lat' dir='ltr'><strong>patrem</strong></span> <span class='ocrx_word' id='word_1_653' title='bbox 3108 2930 3266 3001; x_wconf 80' lang='lat' dir='ltr'><strong>[ejus]</strong></span> <span class='ocrx_word' id='word_1_654' title='bbox 3313 2933 3443 3002; x_wconf 75' lang='lat' dir='ltr'><strong>legi-</strong></span> 
     </span>
    </p>
   </div>
   <div class='ocr_carea' id='block_1_87' title="bbox 1861 3012 3437 3089">
    <p class='ocr_par' dir='ltr' id='par_1_87' title="bbox 1861 3012 3437 3089">
     <span class='ocr_line' id='line_1_87' title="bbox 1861 3012 3437 3089; baseline 0.009 -27"><span class='ocrx_word' id='word_1_655' title='bbox 1861 3024 1981 3064; x_wconf 91' lang='lat' dir='ltr'><strong>mus</strong></span> <span class='ocrx_word' id='word_1_656' title='bbox 2012 3026 2134 3065; x_wconf 91' lang='lat' dir='ltr'><strong>eum</strong></span> <span class='ocrx_word' id='word_1_657' title='bbox 2158 3012 2458 3067; x_wconf 83' lang='lat' dir='ltr'><strong>adorasse?</strong></span> <span class='ocrx_word' id='word_1_658' title='bbox 2492 3044 2561 3053; x_wconf 91' lang='grc'><strong><em>--</em></strong></span> <span class='ocrx_word' id='word_1_659' title='bbox 2609 3014 2760 3086; x_wconf 79' lang='lat' dir='ltr'><strong>Resp.</strong></span> <span class='ocrx_word' id='word_1_660' title='bbox 2813 3016 2998 3089; x_wconf 83' lang='lat' dir='ltr'><strong>[Ergo]</strong></span> <span class='ocrx_word' id='word_1_661' title='bbox 3032 3019 3085 3073; x_wconf 91' lang='lat' dir='ltr'><strong>in</strong></span> <span class='ocrx_word' id='word_1_662' title='bbox 3122 3018 3335 3075; x_wconf 85' lang='lat' dir='ltr'><strong>Christo</strong></span> <span class='ocrx_word' id='word_1_663' title='bbox 3357 3021 3437 3076; x_wconf 89' lang='lat' dir='ltr'><strong>fa-</strong></span> 
     </span>
    </p>
   </div>
   <div class='ocr_carea' id='block_1_88' title="bbox 1858 3099 3433 3180">
    <p class='ocr_par' dir='ltr' id='par_1_88' title="bbox 1858 3099 3433 3180">
     <span class='ocr_line' id='line_1_88' title="bbox 1858 3099 3433 3180; baseline 0.007 -27"><span class='ocrx_word' id='word_1_664' title='bbox 1858 3100 2016 3157; x_wconf 85' lang='lat' dir='ltr'><strong>cilius</strong></span> <span class='ocrx_word' id='word_1_665' title='bbox 2042 3099 2236 3173; x_wconf 82' lang='lat' dir='ltr'><strong>[Edit.,</strong></span> <span class='ocrx_word' id='word_1_666' title='bbox 2259 3101 2439 3175; x_wconf 88' lang='lat' dir='ltr'><strong>facile]</strong></span> <span class='ocrx_word' id='word_1_667' title='bbox 2468 3113 2550 3159; x_wconf 88' lang='lat' dir='ltr'><strong>est</strong></span> <span class='ocrx_word' id='word_1_668' title='bbox 2582 3107 2776 3166; x_wconf 89' lang='lat' dir='ltr'><strong>somnii</strong></span> <span class='ocrx_word' id='word_1_669' title='bbox 2822 3108 3119 3179; x_wconf 80' lang='lat' dir='ltr'><strong>intelligere</strong></span> <span class='ocrx_word' id='word_1_670' title='bbox 3146 3112 3433 3180; x_wconf 84' lang='lat' dir='ltr'><strong>pet&#39;lectio-</strong></span> 
     </span>
    </p>
   </div>
   <div class='ocr_carea' id='block_1_89' title="bbox 1860 3194 3439 3275">
    <p class='ocr_par' dir='ltr' id='par_1_89' title="bbox 1860 3194 3439 3275">
     <span class='ocr_line' id='line_1_89' title="bbox 1860 3194 3439 3275; baseline 0.009 -28"><span class='ocrx_word' id='word_1_671' title='bbox 1860 3209 2026 3248; x_wconf 85' lang='lat' dir='ltr'><strong>nem:</strong></span> <span class='ocrx_word' id='word_1_672' title='bbox 2070 3194 2193 3247; x_wconf 91' lang='lat' dir='ltr'><strong>huic</strong></span> <span class='ocrx_word' id='word_1_673' title='bbox 2238 3196 2381 3248; x_wconf 87' lang='lat' dir='ltr'><strong>enim</strong></span> <span class='ocrx_word' id='word_1_674' title='bbox 2411 3196 2591 3248; x_wconf 82' lang='lat' dir='ltr'><strong>datum</strong></span> <span class='ocrx_word' id='word_1_675' title='bbox 2619 3208 2693 3250; x_wconf 85' lang='lat' dir='ltr'><strong>est</strong></span> <span class='ocrx_word' id='word_1_676' title='bbox 2748 3215 2955 3262; x_wconf 86' lang='lat' dir='ltr'><strong>nomen,</strong></span> <span class='ocrx_word' id='word_1_677' title='bbox 3003 3202 3143 3272; x_wconf 84' lang='lat' dir='ltr'><strong>quod</strong></span> <span class='ocrx_word' id='word_1_678' title='bbox 3186 3215 3259 3257; x_wconf 77' lang='lat' dir='ltr'><strong>est</strong></span> <span class='ocrx_word' id='word_1_679' title='bbox 3283 3223 3439 3275; x_wconf 82' lang='lat' dir='ltr'><strong>super</strong></span> 
     </span>
    </p>
   </div>
   <div class='ocr_carea' id='block_1_90' title="bbox 1863 3285 3442 3365">
    <p class='ocr_par' dir='ltr' id='par_1_90' title="bbox 1863 3285 3442 3365">
     <span class='ocr_line' id='line_1_90' title="bbox 1863 3285 3442 3365; baseline 0.006 -29"><span class='ocrx_word' id='word_1_680' title='bbox 1863 3297 2013 3341; x_wconf 73' lang='lat' dir='ltr'><strong>omne</strong></span> <span class='ocrx_word' id='word_1_681' title='bbox 2034 3299 2237 3345; x_wconf 84' lang='lat' dir='ltr'><strong>nomen,</strong></span> <span class='ocrx_word' id='word_1_682' title='bbox 2282 3292 2337 3336; x_wconf 87' lang='lat' dir='ltr'><strong>ut</strong></span> <span class='ocrx_word' id='word_1_683' title='bbox 2366 3285 2420 3336; x_wconf 85' lang='lat' dir='ltr'><strong>in</strong></span> <span class='ocrx_word' id='word_1_684' title='bbox 2451 3286 2656 3338; x_wconf 83' lang='lat' dir='ltr'><strong>nomine</strong></span> <span class='ocrx_word' id='word_1_685' title='bbox 2695 3286 2807 3355; x_wconf 83' lang='lat' dir='ltr'><strong>ejus</strong></span> <span class='ocrx_word' id='word_1_686' title='bbox 2837 3286 2979 3359; x_wconf 78' lang='lat' dir='ltr'><strong>[Ms.,</strong></span> <span class='ocrx_word' id='word_1_687' title='bbox 3010 3290 3159 3365; x_wconf 76' lang='lat' dir='ltr'><strong>Iesu]</strong></span> <span class='ocrx_word' id='word_1_688' title='bbox 3200 3294 3442 3361; x_wconf 79' lang='lat' dir='ltr'><strong>ﬂectatur</strong></span> 
     </span>
    </p>
   </div>
   <div class='ocr_carea' id='block_1_91' title="bbox 1864 3372 3441 3453">
    <p class='ocr_par' dir='ltr' id='par_1_91' title="bbox 1864 3372 3441 3453">
     <span class='ocr_line' id='line_1_91' title="bbox 1864 3372 3441 3453; baseline 0.01 -29"><span class='ocrx_word' id='word_1_689' title='bbox 1864 3388 2015 3425; x_wconf 84' lang='lat' dir='ltr'><strong>omne</strong></span> <span class='ocrx_word' id='word_1_690' title='bbox 2039 3388 2171 3442; x_wconf 83' lang='lat' dir='ltr'><strong>genu</strong></span> <span class='ocrx_word' id='word_1_691' title='bbox 2198 3372 2498 3435; x_wconf 72' lang='lat' dir='ltr'><strong>caelestium,</strong></span> <span class='ocrx_word' id='word_1_692' title='bbox 2523 3378 2843 3430; x_wconf 80' lang='lat' dir='ltr'><strong>terrestrium</strong></span> <span class='ocrx_word' id='word_1_693' title='bbox 2859 3391 2906 3443; x_wconf 76' lang='lat' dir='ltr'><strong>ct</strong></span> <span class='ocrx_word' id='word_1_694' title='bbox 2934 3380 3260 3447; x_wconf 78' lang='lat' dir='ltr'><strong>infernarum</strong></span> <span class='ocrx_word' id='word_1_695' title='bbox 3288 3384 3441 3453; x_wconf 72' lang='lat' dir='ltr'><strong>(Phi-</strong></span> 
     </span>
    </p>
   </div>
   <div class='ocr_carea' id='block_1_92' title="bbox 1860 3464 2174 3536">
    <p class='ocr_par' dir='ltr' id='par_1_92' title="bbox 1860 3464 2174 3536">
     <span class='ocr_line' id='line_1_92' title="bbox 1860 3464 2174 3536; baseline 0.006 -19"><span class='ocrx_word' id='word_1_696' title='bbox 1860 3464 1953 3536; x_wconf 87' lang='lat' dir='ltr'><strong>lip.</strong></span> <span class='ocrx_word' id='word_1_697' title='bbox 1979 3482 2040 3530; x_wconf 88' lang='grc' dir='ltr'><strong>ιι,</strong></span> <span class='ocrx_word' id='word_1_698' title='bbox 2069 3464 2174 3535; x_wconf 75' lang='grc'><strong>10).</strong></span> 
     </span>
    </p>
   </div>
   <div class='ocr_carea' id='block_1_93' title="bbox 1934 3557 3432 3634">
    <p class='ocr_par' dir='ltr' id='par_1_93' title="bbox 1934 3557 3432 3634">
     <span class='ocr_line' id='line_1_93' title="bbox 1934 3557 3432 3634; baseline 0.007 -23"><span class='ocrx_word' id='word_1_699' title='bbox 1934 3557 2098 3614; x_wconf 82' lang='lat' dir='ltr'><strong>Inter.</strong></span> <span class='ocrx_word' id='word_1_700' title='bbox 2291 3557 2559 3624; x_wconf 70' lang='lat' dir='ltr'><strong>Qutcritur</strong></span> <span class='ocrx_word' id='word_1_701' title='bbox 2584 3575 2753 3629; x_wconf 79' lang='lat' dir='ltr'><strong>quare</strong></span> <span class='ocrx_word' id='word_1_702' title='bbox 2784 3561 3081 3617; x_wconf 75' lang='lat' dir='ltr'><strong>lsmaclitas</strong></span> <span class='ocrx_word' id='word_1_703' title='bbox 3134 3564 3432 3634; x_wconf 86' lang='lat' dir='ltr'><strong>Scriptura,</strong></span> 
     </span>
    </p>
   </div>
   <div class='ocr_carea' id='block_1_94' title="bbox 1859 3647 3437 3722">
    <p class='ocr_par' dir='ltr' id='par_1_94' title="bbox 1859 3647 3437 3722">
     <span class='ocr_line' id='line_1_94' title="bbox 1859 3647 3437 3722; baseline 0.008 -23"><span class='ocrx_word' id='word_1_704' title='bbox 1859 3649 2055 3716; x_wconf 88' lang='lat' dir='ltr'><strong>quibus</strong></span> <span class='ocrx_word' id='word_1_705' title='bbox 2082 3663 2112 3700; x_wconf 94' lang='lat' dir='ltr'><strong>a</strong></span> <span class='ocrx_word' id='word_1_706' title='bbox 2147 3647 2406 3701; x_wconf 84' lang='lat' dir='ltr'><strong>fratribus</strong></span> <span class='ocrx_word' id='word_1_707' title='bbox 2453 3651 2700 3705; x_wconf 75' lang='lat' dir='ltr'><strong>venditus</strong></span> <span class='ocrx_word' id='word_1_708' title='bbox 2748 3661 2831 3706; x_wconf 90' lang='lat' dir='ltr'><strong>est</strong></span> <span class='ocrx_word' id='word_1_709' title='bbox 2870 3652 3088 3722; x_wconf 76' lang='lat' dir='ltr'><strong>Ioseph,</strong></span> <span class='ocrx_word' id='word_1_710' title='bbox 3139 3657 3302 3711; x_wconf 85' lang='lat' dir='ltr'><strong>etiam</strong></span> <span class='ocrx_word' id='word_1_711' title='bbox 3329 3657 3437 3712; x_wconf 73' lang='lat' dir='ltr'><strong>Illa—</strong></span> 
     </span>
    </p>
   </div>
   <div class='ocr_carea' id='block_1_95' title="bbox 1859 3730 3438 3809">
    <p class='ocr_par' dir='ltr' id='par_1_95' title="bbox 1859 3730 3438 3809">
     <span class='ocr_line' id='line_1_95' title="bbox 1859 3730 3438 3809; baseline 0.005 -19"><span class='ocrx_word' id='word_1_712' title='bbox 1859 3738 2091 3797; x_wconf 74' lang='lat' dir='ltr'><strong>dianitas</strong></span> <span class='ocrx_word' id='word_1_713' title='bbox 2117 3747 2273 3792; x_wconf 85' lang='lat' dir='ltr'><strong>vocet</strong></span> <span class='ocrx_word' id='word_1_714' title='bbox 2294 3737 2444 3807; x_wconf 68' lang='lat' dir='ltr'><strong>(Gen.</strong></span> <span class='ocrx_word' id='word_1_715' title='bbox 2485 3754 2692 3803; x_wconf 74' lang='lat' dir='ltr'><strong>xxxvii,</strong></span> <span class='ocrx_word' id='word_1_716' title='bbox 2723 3741 2853 3809; x_wconf 64' lang='lat'><strong>98);</strong></span> <span class='ocrx_word' id='word_1_717' title='bbox 2896 3759 3017 3795; x_wconf 91' lang='lat' dir='ltr'><strong>cum</strong></span> <span class='ocrx_word' id='word_1_718' title='bbox 3065 3744 3254 3801; x_wconf 88' lang='lat' dir='ltr'><strong>lsmael</strong></span> <span class='ocrx_word' id='word_1_719' title='bbox 3282 3730 3351 3800; x_wconf 81' lang='lat' dir='ltr'><strong>sit</strong></span> <span class='ocrx_word' id='word_1_720' title='bbox 3373 3750 3438 3799; x_wconf 71' lang='lat' dir='ltr'><strong>de</strong></span> 
     </span>
    </p>
   </div>
   <div class='ocr_carea' id='block_1_96' title="bbox 1858 3828 3436 3898">
    <p class='ocr_par' dir='ltr' id='par_1_96' title="bbox 1858 3828 3436 3898">
     <span class='ocr_line' id='line_1_96' title="bbox 1858 3828 3436 3898; baseline 0.005 -17"><span class='ocrx_word' id='word_1_721' title='bbox 1858 3828 2002 3898; x_wconf 85' lang='lat' dir='ltr'><strong>Agar</strong></span> <span class='ocrx_word' id='word_1_722' title='bbox 2033 3829 2173 3884; x_wconf 83' lang='lat' dir='ltr'><strong>filius</strong></span> <span class='ocrx_word' id='word_1_723' title='bbox 2221 3830 2472 3892; x_wconf 54' lang='lat' dir='ltr'><strong>Abrahae,</strong></span> <span class='ocrx_word' id='word_1_724' title='bbox 2527 3830 2830 3887; x_wconf 72' lang='lat' dir='ltr'><strong>Madianiue</strong></span> <span class='ocrx_word' id='word_1_725' title='bbox 2878 3849 3007 3887; x_wconf 84' lang='lat' dir='ltr'><strong>vero</strong></span> <span class='ocrx_word' id='word_1_726' title='bbox 3060 3835 3126 3889; x_wconf 90' lang='lat' dir='ltr'><strong>dc</strong></span> <span class='ocrx_word' id='word_1_727' title='bbox 3155 3836 3387 3891; x_wconf 77' lang='lat' dir='ltr'><strong>Cethura</strong></span> <span class='ocrx_word' id='word_1_728' title='bbox 3415 3840 3436 3889; x_wconf 68' lang='grc' dir='ltr'><strong>’ἒ</strong></span> 
     </span>
    </p>
   </div>
   <div class='ocr_carea' id='block_1_97' title="bbox 1858 3918 3433 3997">
    <p class='ocr_par' dir='ltr' id='par_1_97' title="bbox 1858 3918 3433 3997">
     <span class='ocr_line' id='line_1_97' title="bbox 1858 3918 3433 3997; baseline 0.006 -26"><span class='ocrx_word' id='word_1_729' title='bbox 1858 3949 1926 3958; x_wconf 91' lang='lat'><strong>—</strong></span> <span class='ocrx_word' id='word_1_730' title='bbox 1954 3918 2105 3989; x_wconf 90' lang='lat' dir='ltr'><strong>Resp.</strong></span> <span class='ocrx_word' id='word_1_731' title='bbox 2147 3920 2281 3985; x_wconf 82' lang='lat' dir='ltr'><strong>Quia</strong></span> <span class='ocrx_word' id='word_1_732' title='bbox 2330 3919 2607 3990; x_wconf 89' lang='lat' dir='ltr'><strong>Scriptura</strong></span> <span class='ocrx_word' id='word_1_733' title='bbox 2638 3924 2703 3976; x_wconf 86' lang='lat' dir='ltr'><strong>de</strong></span> <span class='ocrx_word' id='word_1_734' title='bbox 2747 3922 3022 3981; x_wconf 80' lang='lat' dir='ltr'><strong>Abraham</strong></span> <span class='ocrx_word' id='word_1_735' title='bbox 3046 3926 3257 3979; x_wconf 83' lang='lat' dir='ltr'><strong>dixerat</strong></span> <span class='ocrx_word' id='word_1_736' title='bbox 3281 3926 3433 3997; x_wconf 81' lang='lat' dir='ltr'><strong>(Cen.</strong></span> 
     </span>
    </p>
   </div>
   <div class='ocr_carea' id='block_1_98' title="bbox 1858 4011 3435 4081">
    <p class='ocr_par' dir='ltr' id='par_1_98' title="bbox 1858 4011 3435 4081">
     <span class='ocr_line' id='line_1_98' title="bbox 1858 4011 3435 4081; baseline 0.008 -17"><span class='ocrx_word' id='word_1_737' title='bbox 1858 4027 1987 4075; x_wconf 75' lang='lat' dir='ltr'><strong>xxv,</strong></span> <span class='ocrx_word' id='word_1_738' title='bbox 2017 4011 2070 4081; x_wconf 81' lang='lat'><strong>6)</strong></span> <span class='ocrx_word' id='word_1_739' title='bbox 2126 4012 2269 4081; x_wconf 87' lang='lat' dir='ltr'><strong>quod</strong></span> <span class='ocrx_word' id='word_1_740' title='bbox 2313 4028 2535 4067; x_wconf 87' lang='lat' dir='ltr'><strong>munera</strong></span> <span class='ocrx_word' id='word_1_741' title='bbox 2582 4014 2817 4069; x_wconf 81' lang='lat' dir='ltr'><strong>dedisset</strong></span> <span class='ocrx_word' id='word_1_742' title='bbox 2862 4016 2986 4071; x_wconf 79' lang='lat' dir='ltr'><strong>ﬁliis</strong></span> <span class='ocrx_word' id='word_1_743' title='bbox 3015 4020 3435 4077; x_wconf 85' lang='lat' dir='ltr'><strong>concubinarum</strong></span> 
     </span>
    </p>
   </div>
   <div class='ocr_carea' id='block_1_99' title="bbox 1856 4103 3431 4181">
    <p class='ocr_par' dir='ltr' id='par_1_99' title="bbox 1856 4103 3431 4181">
     <span class='ocr_line' id='line_1_99' title="bbox 1856 4103 3431 4181; baseline 0.006 -26"><span class='ocrx_word' id='word_1_744' title='bbox 1856 4116 2102 4166; x_wconf 88' lang='lat' dir='ltr'><strong>suarum,</strong></span> <span class='ocrx_word' id='word_1_745' title='bbox 2132 4104 2278 4173; x_wconf 85' lang='lat' dir='ltr'><strong>Agar</strong></span> <span class='ocrx_word' id='word_1_746' title='bbox 2304 4103 2511 4159; x_wconf 87' lang='lat' dir='ltr'><strong>scilicet</strong></span> <span class='ocrx_word' id='word_1_747' title='bbox 2530 4113 2584 4159; x_wconf 91' lang='lat' dir='ltr'><strong>et</strong></span> <span class='ocrx_word' id='word_1_748' title='bbox 2624 4105 2913 4170; x_wconf 70' lang='lat' dir='ltr'><strong>Cethurae;</strong></span> <span class='ocrx_word' id='word_1_749' title='bbox 2952 4118 3009 4162; x_wconf 89' lang='lat' dir='ltr'><strong>et</strong></span> <span class='ocrx_word' id='word_1_750' title='bbox 3049 4110 3230 4165; x_wconf 89' lang='lat' dir='ltr'><strong>divisit</strong></span> <span class='ocrx_word' id='word_1_751' title='bbox 3280 4110 3431 4181; x_wconf 65' lang='grc' dir='ltr'><strong>μὴ..</strong></span> 
     </span>
    </p>
   </div>
   <div class='ocr_carea' id='block_1_100' title="bbox 1856 4191 3435 4271">
    <p class='ocr_par' dir='ltr' id='par_1_100' title="bbox 1856 4191 3435 4271">
     <span class='ocr_line' id='line_1_100' title="bbox 1856 4191 3435 4271; baseline 0.006 -26"><span class='ocrx_word' id='word_1_752' title='bbox 1856 4191 2139 4261; x_wconf 88' lang='lat' dir='ltr'><strong>dimiserit]</strong></span> <span class='ocrx_word' id='word_1_753' title='bbox 2192 4207 2286 4247; x_wconf 91' lang='lat' dir='ltr'><strong>eos</strong></span> <span class='ocrx_word' id='word_1_754' title='bbox 2311 4194 2379 4247; x_wconf 89' lang='lat' dir='ltr'><strong>ab</strong></span> <span class='ocrx_word' id='word_1_755' title='bbox 2405 4193 2552 4248; x_wconf 88' lang='lat' dir='ltr'><strong>Isaae</strong></span> <span class='ocrx_word' id='word_1_756' title='bbox 2594 4194 2704 4249; x_wconf 85' lang='lat' dir='ltr'><strong>lilio</strong></span> <span class='ocrx_word' id='word_1_757' title='bbox 2729 4212 2827 4251; x_wconf 88' lang='lat' dir='ltr'><strong>suo</strong></span> <span class='ocrx_word' id='word_1_758' title='bbox 2889 4199 2942 4252; x_wconf 92' lang='lat' dir='ltr'><strong>in</strong></span> <span class='ocrx_word' id='word_1_759' title='bbox 2977 4207 3119 4252; x_wconf 89' lang='lat' dir='ltr'><strong>terra</strong></span> <span class='ocrx_word' id='word_1_760' title='bbox 3146 4199 3300 4271; x_wconf 73' lang='lat' dir='ltr'><strong>[Ms.,</strong></span> <span class='ocrx_word' id='word_1_761' title='bbox 3325 4211 3435 4257; x_wconf 81' lang='lat' dir='ltr'><strong>ter-</strong></span> 
     </span>
    </p>
   </div>
   <div class='ocr_carea' id='block_1_101' title="bbox 1855 4277 3434 4356">
    <p class='ocr_par' dir='ltr' id='par_1_101' title="bbox 1855 4277 3434 4356">
     <span class='ocr_line' id='line_1_101' title="bbox 1855 4277 3434 4356; baseline 0.008 -22"><span class='ocrx_word' id='word_1_762' title='bbox 1855 4277 1993 4349; x_wconf 84' lang='lat' dir='ltr'><strong>ram]</strong></span> <span class='ocrx_word' id='word_1_763' title='bbox 2034 4279 2287 4334; x_wconf 87' lang='lat' dir='ltr'><strong>Orientis.</strong></span> <span class='ocrx_word' id='word_1_764' title='bbox 2324 4280 2507 4351; x_wconf 87' lang='lat' dir='ltr'><strong>itaque</strong></span> <span class='ocrx_word' id='word_1_765' title='bbox 2549 4297 2711 4338; x_wconf 87' lang='lat' dir='ltr'><strong>unam</strong></span> <span class='ocrx_word' id='word_1_766' title='bbox 2761 4294 2973 4356; x_wconf 87' lang='lat' dir='ltr'><strong>gentem</strong></span> <span class='ocrx_word' id='word_1_767' title='bbox 3020 4287 3211 4343; x_wconf 89' lang='lat' dir='ltr'><strong>fecisse</strong></span> <span class='ocrx_word' id='word_1_768' title='bbox 3240 4291 3434 4347; x_wconf 83' lang='lat' dir='ltr'><strong>intelli—</strong></span> 
     </span>
    </p>
   </div>
   <div class='ocr_carea' id='block_1_102' title="bbox 1854 4369 2178 4439">
    <p class='ocr_par' dir='ltr' id='par_1_102' title="bbox 1854 4369 2178 4439">
     <span class='ocr_line' id='line_1_102' title="bbox 1854 4369 2178 4439; baseline -0.003 -16"><span class='ocrx_word' id='word_1_769' title='bbox 1854 4369 2010 4439; x_wconf 85' lang='lat' dir='ltr'><strong>gendi</strong></span> <span class='ocrx_word' id='word_1_770' title='bbox 2037 4379 2178 4423; x_wconf 91' lang='lat' dir='ltr'><strong>sunt.</strong></span> 
     </span>
    </p>
   </div>
   <div class='ocr_carea' id='block_1_103' title="bbox 1928 4458 3429 4546">
    <p class='ocr_par' dir='ltr' id='par_1_103' title="bbox 1928 4458 3429 4546">
     <span class='ocr_line' id='line_1_103' title="bbox 1928 4458 3429 4546; baseline 0.011 -32"><span class='ocrx_word' id='word_1_771' title='bbox 1928 4458 2255 4543; x_wconf 26' lang='lat' dir='ltr'><strong>Inter.&#39;256.</strong></span> <span class='ocrx_word' id='word_1_772' title='bbox 2297 4464 2574 4531; x_wconf 86' lang='lat' dir='ltr'><strong>Quomodo</strong></span> <span class='ocrx_word' id='word_1_773' title='bbox 2618 4469 3030 4540; x_wconf 72' lang='lat' dir='ltr'><strong>intelligendum</strong></span> <span class='ocrx_word' id='word_1_774' title='bbox 3081 4472 3210 4528; x_wconf 88' lang='lat' dir='ltr'><strong>illud</strong></span> <span class='ocrx_word' id='word_1_775' title='bbox 3240 4474 3429 4546; x_wconf 79' lang='lat' dir='ltr'><strong>[quod]</strong></span> 
     </span>
    </p>
   </div>
   <div class='ocr_carea' id='block_1_104' title="bbox 1853 4552 3430 4625">
    <p class='ocr_par' dir='ltr' id='par_1_104' title="bbox 1853 4552 3430 4625">
     <span class='ocr_line' id='line_1_104' title="bbox 1853 4552 3430 4625; baseline 0.008 -17"><span class='ocrx_word' id='word_1_776' title='bbox 1853 4552 2020 4608; x_wconf 91' lang='lat' dir='ltr'><strong>Iacob</strong></span> <span class='ocrx_word' id='word_1_777' title='bbox 2043 4552 2216 4625; x_wconf 83' lang='lat' dir='ltr'><strong>[dicit]</strong></span> <span class='ocrx_word' id='word_1_778' title='bbox 2243 4573 2254 4606; x_wconf 94' lang='lat'>:</span> <span class='ocrx_word' id='word_1_779' title='bbox 2299 4554 2619 4613; x_wconf 73' lang='lat' dir='ltr'><strong>Descendunt</strong></span> <span class='ocrx_word' id='word_1_780' title='bbox 2642 4560 2711 4610; x_wconf 74' lang='lat' dir='ltr'><strong>ad</strong></span> <span class='ocrx_word' id='word_1_781' title='bbox 2758 4560 2927 4625; x_wconf 78' lang='lat' dir='ltr'><strong>ﬁlium</strong></span> <span class='ocrx_word' id='word_1_782' title='bbox 2960 4579 3131 4616; x_wconf 80' lang='lat' dir='ltr'><strong>meum</strong></span> <span class='ocrx_word' id='word_1_783' title='bbox 3176 4563 3355 4620; x_wconf 76' lang='lat' dir='ltr'><strong>lubens</strong></span> <span class='ocrx_word' id='word_1_784' title='bbox 3376 4569 3430 4621; x_wconf 85' lang='lat' dir='ltr'><strong>in</strong></span> 
     </span>
    </p>
   </div>
   <div class='ocr_carea' id='block_1_105' title="bbox 1851 4641 3429 4721">
    <p class='ocr_par' dir='ltr' id='par_1_105' title="bbox 1851 4641 3429 4721">
     <span class='ocr_line' id='line_1_105' title="bbox 1851 4641 3429 4721; baseline 0.011 -28"><span class='ocrx_word' id='word_1_785' title='bbox 1851 4641 2113 4710; x_wconf 80' lang='lat' dir='ltr'><strong>infernum</strong></span> <span class='ocrx_word' id='word_1_786' title='bbox 2160 4641 2321 4714; x_wconf 83' lang='lat' dir='ltr'><strong>(Gen.</strong></span> <span class='ocrx_word' id='word_1_787' title='bbox 2351 4661 2560 4709; x_wconf 75' lang='lat' dir='ltr'><strong>xxxv&quot;,</strong></span> <span class='ocrx_word' id='word_1_788' title='bbox 2591 4647 2702 4711; x_wconf 82' lang='grc'><strong>55).</strong></span> <span class='ocrx_word' id='word_1_789' title='bbox 2743 4678 2813 4688; x_wconf 87' lang='grc'><strong><em>-</em></strong></span> <span class='ocrx_word' id='word_1_790' title='bbox 2853 4649 3004 4721; x_wconf 84' lang='lat' dir='ltr'><strong>Resp.</strong></span> <span class='ocrx_word' id='word_1_791' title='bbox 3050 4652 3429 4710; x_wconf 72' lang='lat' dir='ltr'><strong>Perturbatict</strong></span> 
     </span>
    </p>
   </div>
   <div class='ocr_carea' id='block_1_106' title="bbox 1850 4730 3426 4817">
    <p class='ocr_par' dir='ltr' id='par_1_106' title="bbox 1850 4730 3426 4817">
     <span class='ocr_line' id='line_1_106' title="bbox 1850 4730 3426 4817; baseline 0.01 -32"><span class='ocrx_word' id='word_1_792' title='bbox 1850 4730 2077 4787; x_wconf 81' lang='lat' dir='ltr'><strong>dolentis</strong></span> <span class='ocrx_word' id='word_1_793' title='bbox 2104 4733 2270 4787; x_wconf 88' lang='lat' dir='ltr'><strong>verba</strong></span> <span class='ocrx_word' id='word_1_794' title='bbox 2297 4744 2440 4799; x_wconf 73' lang='lat' dir='ltr'><strong>sunt,</strong></span> <span class='ocrx_word' id='word_1_795' title='bbox 2494 4736 2633 4791; x_wconf 88' lang='lat' dir='ltr'><strong>mala</strong></span> <span class='ocrx_word' id='word_1_796' title='bbox 2675 4753 2772 4794; x_wconf 87' lang='lat' dir='ltr'><strong>sua</strong></span> <span class='ocrx_word' id='word_1_797' title='bbox 2810 4740 2973 4794; x_wconf 89' lang='lat' dir='ltr'><strong>etiam</strong></span> <span class='ocrx_word' id='word_1_798' title='bbox 3025 4742 3150 4796; x_wconf 85' lang='lat' dir='ltr'><strong>hinc</strong></span> <span class='ocrx_word' id='word_1_799' title='bbox 3198 4759 3426 4817; x_wconf 86' lang='lat' dir='ltr'><strong>exagge-</strong></span> 
     </span>
    </p>
   </div>
   <div class='ocr_carea' id='block_1_107' title="bbox 1852 4824 3426 4905">
    <p class='ocr_par' dir='ltr' id='par_1_107' title="bbox 1852 4824 3426 4905">
     <span class='ocr_line' id='line_1_107' title="bbox 1852 4824 3426 4905; baseline 0.009 -28"><span class='ocrx_word' id='word_1_800' title='bbox 1852 4824 2040 4880; x_wconf 86' lang='lat' dir='ltr'><strong>rantis.</strong></span> <span class='ocrx_word' id='word_1_801' title='bbox 2082 4825 2178 4879; x_wconf 79' lang='lat' dir='ltr'><strong>Vel</strong></span> <span class='ocrx_word' id='word_1_802' title='bbox 2206 4827 2369 4880; x_wconf 92' lang='lat' dir='ltr'><strong>etiam</strong></span> <span class='ocrx_word' id='word_1_803' title='bbox 2401 4825 2596 4883; x_wconf 88' lang='lat' dir='ltr'><strong>inferni</strong></span> <span class='ocrx_word' id='word_1_804' title='bbox 2623 4830 2837 4891; x_wconf 88' lang='lat' dir='ltr'><strong>nomine</strong></span> <span class='ocrx_word' id='word_1_805' title='bbox 2878 4830 3183 4901; x_wconf 86' lang='lat' dir='ltr'><strong>sepulcrum</strong></span> <span class='ocrx_word' id='word_1_806' title='bbox 3226 4835 3426 4905; x_wconf 80' lang='lat' dir='ltr'><strong>signiti-</strong></span> 
     </span>
    </p>
   </div>
   <div class='ocr_carea' id='block_1_108' title="bbox 1842 4916 3421 4987">
    <p class='ocr_par' dir='ltr' id='par_1_108' title="bbox 1842 4916 3421 4987">
     <span class='ocr_line' id='line_1_108' title="bbox 1842 4916 3421 4987; baseline 0.009 -22"><span class='ocrx_word' id='word_1_807' title='bbox 1842 4916 2011 4979; x_wconf 84' lang='lat' dir='ltr'><strong>cavit,</strong></span> <span class='ocrx_word' id='word_1_808' title='bbox 2044 4917 2200 4987; x_wconf 86' lang='lat' dir='ltr'><strong>quasi</strong></span> <span class='ocrx_word' id='word_1_809' title='bbox 2225 4918 2429 4975; x_wconf 88' lang='lat' dir='ltr'><strong>diceret</strong></span> <span class='ocrx_word' id='word_1_810' title='bbox 2454 4937 2466 4972; x_wconf 94' lang='lat'><strong>:</strong></span> <span class='ocrx_word' id='word_1_811' title='bbox 2506 4919 2561 4976; x_wconf 93' lang='lat' dir='ltr'><strong>ln</strong></span> <span class='ocrx_word' id='word_1_812' title='bbox 2586 4920 2731 4975; x_wconf 88' lang='lat' dir='ltr'><strong>luctu</strong></span> <span class='ocrx_word' id='word_1_813' title='bbox 2759 4936 2973 4985; x_wconf 91' lang='lat' dir='ltr'><strong>maneo,</strong></span> <span class='ocrx_word' id='word_1_814' title='bbox 3004 4922 3173 4978; x_wconf 88' lang='lat' dir='ltr'><strong>donec</strong></span> <span class='ocrx_word' id='word_1_815' title='bbox 3214 4941 3298 4979; x_wconf 93' lang='lat' dir='ltr'><strong>me</strong></span> <span class='ocrx_word' id='word_1_816' title='bbox 3322 4935 3421 4980; x_wconf 82' lang='lat' dir='ltr'><strong>ter-</strong></span> 
     </span>
    </p>
   </div>
   <div class='ocr_carea' id='block_1_109' title="bbox 1852 5006 2924 5079">
    <p class='ocr_par' dir='ltr' id='par_1_109' title="bbox 1852 5006 2924 5079">
     <span class='ocr_line' id='line_1_109' title="bbox 1852 5006 2924 5079; baseline 0.005 -21"><span class='ocrx_word' id='word_1_817' title='bbox 1852 5021 1909 5058; x_wconf 87' lang='lat' dir='ltr'><strong>ra</strong></span> <span class='ocrx_word' id='word_1_818' title='bbox 1938 5008 2194 5077; x_wconf 80' lang='lat' dir='ltr'><strong>suscipiat</strong></span> <span class='ocrx_word' id='word_1_819' title='bbox 2220 5006 2553 5079; x_wconf 86' lang='lat' dir='ltr'><strong>[sepultum],</strong></span> <span class='ocrx_word' id='word_1_820' title='bbox 2586 5009 2727 5065; x_wconf 87' lang='lat' dir='ltr'><strong>sicut</strong></span> <span class='ocrx_word' id='word_1_821' title='bbox 2756 5009 2924 5066; x_wconf 91' lang='lat' dir='ltr'><strong>illum.</strong></span> 
     </span>
    </p>
   </div>
   <div class='ocr_carea' id='block_1_110' title="bbox 1920 5114 3424 5184">
    <p class='ocr_par' dir='ltr' id='par_1_110' title="bbox 1920 5114 3424 5184">
     <span class='ocr_line' id='line_1_110' title="bbox 1920 5114 3424 5184; baseline 0.007 -15"><span class='ocrx_word' id='word_1_822' title='bbox 1920 5114 2084 5170; x_wconf 76' lang='lat' dir='ltr'><strong>Inter.</strong></span> <span class='ocrx_word' id='word_1_823' title='bbox 2119 5117 2243 5171; x_wconf 73' lang='lat'><strong>257.</strong></span> <span class='ocrx_word' id='word_1_824' title='bbox 2286 5117 2529 5184; x_wconf 82' lang='lat' dir='ltr'><strong>Qualiter</strong></span> <span class='ocrx_word' id='word_1_825' title='bbox 2574 5120 2800 5177; x_wconf 84' lang='lat' dir='ltr'><strong>historia</strong></span> <span class='ocrx_word' id='word_1_826' title='bbox 2856 5124 2922 5179; x_wconf 88' lang='lat' dir='ltr'><strong>dc</strong></span> <span class='ocrx_word' id='word_1_827' title='bbox 2965 5124 3099 5181; x_wconf 83' lang='lat' dir='ltr'><strong>Iuda</strong></span> <span class='ocrx_word' id='word_1_828' title='bbox 3152 5138 3207 5180; x_wconf 86' lang='lat' dir='ltr'><strong>et</strong></span> <span class='ocrx_word' id='word_1_829' title='bbox 3252 5130 3424 5181; x_wconf 53' lang='lat' dir='ltr'><strong>tritus</strong></span> 
     </span>
    </p>
   </div>
   <div class='ocr_carea' id='block_1_111' title="bbox 1850 5208 3423 5287">
    <p class='ocr_par' dir='ltr' id='par_1_111' title="bbox 1850 5208 3423 5287">
     <span class='ocr_line' id='line_1_111' title="bbox 1850 5208 3423 5287; baseline 0.011 -25"><span class='ocrx_word' id='word_1_830' title='bbox 1850 5208 1971 5263; x_wconf 81' lang='lat' dir='ltr'><strong>ﬁliis</strong></span> <span class='ocrx_word' id='word_1_831' title='bbox 2009 5208 2125 5277; x_wconf 86' lang='lat' dir='ltr'><strong>ejus</strong></span> <span class='ocrx_word' id='word_1_832' title='bbox 2150 5218 2207 5265; x_wconf 88' lang='lat' dir='ltr'><strong>et</strong></span> <span class='ocrx_word' id='word_1_833' title='bbox 2228 5225 2398 5267; x_wconf 84' lang='lat' dir='ltr'><strong>uxore</strong></span> <span class='ocrx_word' id='word_1_834' title='bbox 2439 5211 2555 5281; x_wconf 87' lang='lat' dir='ltr'><strong>ejus</strong></span> <span class='ocrx_word' id='word_1_835' title='bbox 2585 5213 2824 5271; x_wconf 82' lang='lat' dir='ltr'><strong>Thamar</strong></span> <span class='ocrx_word' id='word_1_836' title='bbox 2862 5215 3015 5287; x_wconf 86' lang='lat' dir='ltr'><strong>(Gen.</strong></span> <span class='ocrx_word' id='word_1_837' title='bbox 3069 5222 3300 5285; x_wconf 79' lang='lat' dir='ltr'><strong>xxxvm)</strong></span> <span class='ocrx_word' id='word_1_838' title='bbox 3344 5226 3423 5278; x_wconf 87' lang='lat' dir='ltr'><strong>in-</strong></span> 
     </span>
    </p>
   </div>
   <div class='ocr_carea' id='block_1_112' title="bbox 1850 5306 3422 5389">
    <p class='ocr_par' dir='ltr' id='par_1_112' title="bbox 1850 5306 3422 5389">
     <span class='ocr_line' id='line_1_112' title="bbox 1850 5306 3422 5389; baseline 0.01 -35"><span class='ocrx_word' id='word_1_839' title='bbox 1850 5310 1931 5355; x_wconf 93' lang='lat' dir='ltr'><strong>tra</strong></span> <span class='ocrx_word' id='word_1_840' title='bbox 1961 5308 2071 5357; x_wconf 89' lang='lat' dir='ltr'><strong>tam</strong></span> <span class='ocrx_word' id='word_1_841' title='bbox 2098 5316 2301 5373; x_wconf 88' lang='lat' dir='ltr'><strong>paucos</strong></span> <span class='ocrx_word' id='word_1_842' title='bbox 2333 5318 2503 5359; x_wconf 87' lang='lat' dir='ltr'><strong>annos</strong></span> <span class='ocrx_word' id='word_1_843' title='bbox 2548 5306 2806 5375; x_wconf 84' lang='lat' dir='ltr'><strong>compleri</strong></span> <span class='ocrx_word' id='word_1_844' title='bbox 2854 5310 3070 5377; x_wconf 83' lang='lat' dir='ltr'><strong>potuit?</strong></span> <span class='ocrx_word' id='word_1_845' title='bbox 3105 5310 3260 5386; x_wconf 87' lang='lat' dir='ltr'><strong>[Cum</strong></span> <span class='ocrx_word' id='word_1_846' title='bbox 3291 5328 3422 5389; x_wconf 83' lang='lat' dir='ltr'><strong>ergo</strong></span> 
     </span>
    </p>
   </div>
   <div class='ocr_carea' id='block_1_113' title="bbox 1849 5391 3416 5466">
    <p class='ocr_par' dir='ltr' id='par_1_113' title="bbox 1849 5391 3416 5466">
     <span class='ocr_line' id='line_1_113' title="bbox 1849 5391 3416 5466; baseline 0.011 -24"><span class='ocrx_word' id='word_1_847' title='bbox 1849 5405 1990 5446; x_wconf 90' lang='lat' dir='ltr'><strong>anno</strong></span> <span class='ocrx_word' id='word_1_848' title='bbox 2030 5391 2058 5432; x_wconf 72' lang='grc' dir='ltr'>δ</span> <span class='ocrx_word' id='word_1_849' title='bbox 2093 5409 2182 5447; x_wconf 84' lang='lat' dir='ltr'><strong>xtv</strong></span> <span class='ocrx_word' id='word_1_850' title='bbox 2222 5394 2395 5448; x_wconf 71' lang='lat' dir='ltr'><strong>aetatis</strong></span> <span class='ocrx_word' id='word_1_851' title='bbox 2439 5407 2550 5447; x_wconf 71' lang='lat' dir='ltr'><strong>sua:</strong></span> <span class='ocrx_word' id='word_1_852' title='bbox 2614 5397 2862 5453; x_wconf 84' lang='lat' dir='ltr'><strong>venditus</strong></span> <span class='ocrx_word' id='word_1_853' title='bbox 2913 5399 3078 5457; x_wconf 86' lang='lat' dir='ltr'><strong>fuisse</strong></span> <span class='ocrx_word' id='word_1_854' title='bbox 3125 5392 3416 5466; x_wconf 68' lang='lat' dir='ltr'><strong>credatur;</strong></span> 
     </span>
    </p>
   </div>
   <div class='ocr_carea' id='block_1_114' title="bbox 1848 5484 3414 5571">
    <p class='ocr_par' dir='ltr' id='par_1_114' title="bbox 1848 5484 3414 5571">
     <span class='ocr_line' id='line_1_114' title="bbox 1848 5484 3414 5571; baseline 0.009 -35"><span class='ocrx_word' id='word_1_855' title='bbox 1848 5498 1946 5537; x_wconf 86' lang='lat' dir='ltr'><strong>xm</strong></span> <span class='ocrx_word' id='word_1_856' title='bbox 1975 5498 2145 5539; x_wconf 89' lang='lat' dir='ltr'><strong>annos</strong></span> <span class='ocrx_word' id='word_1_857' title='bbox 2188 5492 2471 5553; x_wconf 83' lang='lat' dir='ltr'><strong>peregerat</strong></span> <span class='ocrx_word' id='word_1_858' title='bbox 2496 5484 2550 5539; x_wconf 91' lang='lat' dir='ltr'><strong>in</strong></span> <span class='ocrx_word' id='word_1_859' title='bbox 2578 5485 2811 5560; x_wconf 63' lang='lat' dir='ltr'><strong>Egypto</strong></span> <span class='ocrx_word' id='word_1_860' title='bbox 2843 5489 3058 5562; x_wconf 84' lang='lat' dir='ltr'><strong>ignotus</strong></span> <span class='ocrx_word' id='word_1_861' title='bbox 3105 5486 3414 5571; x_wconf 82' lang='lat' dir='ltr'><strong>Pharaoni;</strong></span> 
     </span>
    </p>
   </div>
   <div class='ocr_carea' id='block_1_115' title="bbox 1849 5573 3418 5641">
    <p class='ocr_par' dir='ltr' id='par_1_115' title="bbox 1849 5573 3418 5641">
     <span class='ocr_line' id='line_1_115' title="bbox 1849 5573 3418 5641; baseline 0.009 -15"><span class='ocrx_word' id='word_1_862' title='bbox 1849 5573 1915 5629; x_wconf 90' lang='lat' dir='ltr'><strong>ad</strong></span> <span class='ocrx_word' id='word_1_863' title='bbox 1941 5574 2040 5630; x_wconf 85' lang='lat' dir='ltr'><strong>bos</strong></span> <span class='ocrx_word' id='word_1_864' title='bbox 2087 5574 2231 5629; x_wconf 89' lang='lat' dir='ltr'><strong>enim</strong></span> <span class='ocrx_word' id='word_1_865' title='bbox 2283 5573 2541 5630; x_wconf 82' lang='lat' dir='ltr'><strong>tredecim</strong></span> <span class='ocrx_word' id='word_1_866' title='bbox 2591 5592 2763 5634; x_wconf 78' lang='lat' dir='ltr'><strong>annos</strong></span> <span class='ocrx_word' id='word_1_867' title='bbox 2790 5590 3138 5638; x_wconf 81' lang='lat' dir='ltr'><strong>accesserunt</strong></span> <span class='ocrx_word' id='word_1_868' title='bbox 3178 5600 3253 5640; x_wconf 80' lang='lat' dir='ltr'><strong>vtt</strong></span> <span class='ocrx_word' id='word_1_869' title='bbox 3292 5589 3418 5641; x_wconf 87' lang='lat' dir='ltr'><strong>anni</strong></span> 
     </span>
    </p>
   </div>
   <div class='ocr_carea' id='block_1_116' title="bbox 1848 5662 3414 5737">
    <p class='ocr_par' dir='ltr' id='par_1_116' title="bbox 1848 5662 3414 5737">
     <span class='ocr_line' id='line_1_116' title="bbox 1848 5662 3414 5737; baseline 0.007 -20"><span class='ocrx_word' id='word_1_870' title='bbox 1848 5664 2126 5724; x_wconf 85' lang='lat' dir='ltr'><strong>ubertatis,</strong></span> <span class='ocrx_word' id='word_1_871' title='bbox 2158 5672 2213 5718; x_wconf 90' lang='lat' dir='ltr'><strong>et</strong></span> <span class='ocrx_word' id='word_1_872' title='bbox 2252 5662 2379 5720; x_wconf 86' lang='lat' dir='ltr'><strong>facti</strong></span> <span class='ocrx_word' id='word_1_873' title='bbox 2405 5676 2530 5721; x_wconf 88' lang='lat' dir='ltr'><strong>sunt</strong></span> <span class='ocrx_word' id='word_1_874' title='bbox 2557 5670 2682 5725; x_wconf 87' lang='lat' dir='ltr'><strong>anni</strong></span> <span class='ocrx_word' id='word_1_875' title='bbox 2711 5687 2778 5724; x_wconf 78' lang='lat' dir='ltr'><strong>xx</strong></span> <span class='ocrx_word' id='word_1_876' title='bbox 2815 5689 2827 5723; x_wconf 90' lang='lat'>:</span> <span class='ocrx_word' id='word_1_877' title='bbox 2863 5674 2945 5726; x_wconf 84' lang='lat' dir='ltr'><strong>his</strong></span> <span class='ocrx_word' id='word_1_878' title='bbox 2985 5674 3254 5730; x_wconf 82' lang='lat' dir='ltr'><strong>adduntur</strong></span> <span class='ocrx_word' id='word_1_879' title='bbox 3279 5678 3414 5737; x_wconf 81' lang='lat' dir='ltr'><strong>duo;</strong></span> 
     </span>
    </p>
   </div>
   <div class='ocr_carea' id='block_1_117' title="bbox 1920 5866 2812 5934">
    <p class='ocr_par' dir='ltr' id='par_1_117' title="bbox 1920 5866 2812 5934">
     <span class='ocr_line' id='line_1_117' title="bbox 1920 5866 2812 5934; baseline 0.012 -22"><span class='ocrx_word' id='word_1_880' title='bbox 1920 5867 1946 5912; x_wconf 73' lang='grc' dir='ltr'><strong>ιι</strong></span> <span class='ocrx_word' id='word_1_881' title='bbox 1986 5866 2244 5934; x_wconf 70' lang='lat' dir='ltr'><strong>Ambigua</strong></span> <span class='ocrx_word' id='word_1_882' title='bbox 2275 5867 2433 5921; x_wconf 77' lang='lat' dir='ltr'><strong>lectio</strong></span> <span class='ocrx_word' id='word_1_883' title='bbox 2461 5887 2470 5920; x_wconf 92' lang='lat'><strong>:</strong></span> <span class='ocrx_word' id='word_1_884' title='bbox 2517 5868 2652 5923; x_wconf 65' lang='lat' dir='ltr'><strong>forte</strong></span> <span class='ocrx_word' id='word_1_885' title='bbox 2683 5887 2812 5925; x_wconf 81' lang='lat' dir='ltr'><strong>xm.</strong></span> 
     </span>
    </p>
   </div>
   <div class='ocr_carea' id='block_1_118' title="bbox 2830 5962 2981 6021">
    <p class='ocr_par' dir='ltr' id='par_1_118' title="bbox 2830 5962 2981 6021">
     <span class='ocr_line' id='line_1_118' title="bbox 2830 5962 2981 6021; baseline 0 0"><span class='ocrx_word' id='word_1_886' title='bbox 2830 5962 2981 6021; x_wconf 63' lang='grc'><strong>’13</strong></span> 
     </span>
    </p>
   </div>
  </div>
