4428 6398
889 412 998 471 ως

1694 419 1754 473 Β.
1790 417 1851 471 ε’.
1889 415 2112 472 ALBL-‘t'l
2150 414 2283 473 εει]
2322 411 2596 469 Αιςωῑδιι
2632 413 2918 475 OPERL‘M
2946 418 3125 475 PARS
3160 420 3221 475 Il.

892 534 1019 604 quis
1042 529 1275 587 sectme
1300 544 1438 583 anno
1459 527 1616 582 famis
1636 525 1803 583 Iacob
1824 527 2063 583 introivit
2080 528 2135 581 in
2160 524 2451 598 Egyptum
2482 525 2528 582 A
2624 524 2790 581 Inter.
2818 527 2941 583 266.
2978 510 3256 596 Quomodo
3287 531 3353 586 de
3381 546 3496 587 \‘tl'O
3520 542 3705 589 sancto
3740 532 3936 604 Ioseph
3964 534 4116 589 intel-

890 636 1016 677 cum
1052 619 1178 675 ﬁliis
1208 618 1341 683 suis,
1372 626 1423 672 et
1445 617 1789 671 inveniuntur
1828 631 1941 671 nu
1972 615 2121 680 anni,
2145 613 2340 685 quibus
2364 614 2458 669 ab-

894 712 994 771 fuit
1042 710 1239 781 Ioseph
1271 725 1303 764 a
1330 719 1483 779 patre
1525 717 1580 761 et
1605 724 1635 762 a
1660 707 1919 763 fratribus
1968 708 2100 762 suis.
2139 705 2257 773 Quo
2282 704 2459 761 medio

890 816 1136 874 tempore
1162 800 1429 873 quomodo
1459 799 1573 853 ﬁeri
1621 796 1980 869 potuerunt]?
2013 827 2085 838 —
2124 794 2274 866 Resp.
2309 793 2457 850 Solet

895 892 1084 969 [enim]
1115 892 1396 961 Scriptura
1415 898 1601 945 sancta
1638 903 1737 959 per
1766 886 2277 956 recapitulationem-
2292 885 2457 940 multa

894 983 1155 1054 proferre.
1194 981 1410 1051 Aliquot
1458 994 1587 1049 ergo
1627 978 1783 1031 annis
1811 976 2233 1031 anteVenditum
2262 973 2457 1043 Ioseph

894 1074 1010 1129 haec
1064 1072 1179 1127 ﬁeri
1228 1071 1456 1139 coepisse
1498 1066 1718 1137 intelligi
1764 1066 1941 1120 datur.
1983 1064 2165 1118 Etiam
2214 1079 2357 1127 mox,
2400 1073 2459 1117 ut

896 1161 1424 1226 adolesceretIudas,
1478 1161 1661 1215 incidit
1710 1157 1865 1231 [ιιι.
1894 1159 2057 1227 cmpit
2101 1155 2373 1228 incidisse]
2405 1156 2458 1211 in

895 1270 1133 1309 amorem
1156 1252 1291 1322 ejus,
1318 1268 1478 1322 quam
1525 1252 1676 1307 duxit
1703 1263 1945 1316 uxorem,
1984 1250 2220 1305 nondum
2246 1250 2462 1303 vendito

892 1342 1090 1413 Ioseph
1120 1344 1171 1397 in
1202 1341 1513 1412 Egyptum.
2074 1396 2077 1397 ν

968 1431 1134 1486 Inter.
1166 1430 1287 1486 258.
1330 1431 1439 1486 Cur
1482 1429 1616 1485 dixit
1643 1428 1709 1484 de
1747 1427 2025 1484 Thamar:
2065 1428 2331 1500 Depositis
2372 1442 2463 1483 ve-

894 1522 1161 1578 stimentis
1188 1521 1460 1576 viduitatis
1496 1536 1608 1575 sua:
1649 1520 1802 1591 (vers.
1836 1520 1922 1591 Ν)
1950 1519 2069 1573 ?—
2090 1518 2243 1588 Resp.
2286 1517 2357 1573 Ut
2384 1519 2464 1573 in-

893 1613 1169 1683 telligatur
1217 1610 1371 1684 μὴ,
1400 1621 1667 1680 quatenus
1705 1609 2073 1683 intelligeres],
2116 1626 2185 1666 ex
2216 1612 2465 1680 tempori-

893 1702 993 1756 bus
1035 1703 1462 1771 patriarcharum
1515 1709 1665 1756 certa
1705 1710 1767 1755 et
1786 1716 1881 1755 sua
1938 1700 2102 1756 fuisse
2146 1703 2464 1756 vestimenta

894 1793 1194 1858 viduarum,
1246 1810 1351 1849 non
1400 1794 1582 1863 utique
1599 1793 1724 1847 talia
1751 1792 1930 1861 qualia
1952 1792 2378 1864 conjugatarum.

2555 616 2718 686 ligere
2740 617 3013 676 debemus.
3040 620 3184 689 quod
3210 620 3530 675 inebriasset
3562 619 3759 677 fratres
3806 637 3932 678 suos
3962 620 4112 695 (Ges.
4192 616 4193 637 ‘

2556 723 2708 773 sun,
2760 709 2849 781 54)
2898 738 2970 751 -
3018 708 3174 780 Resp.
3224 709 3470 765 Ebrietas
3508 712 3797 767 secundum
3840 711 4113 769 Rebraam

2555 796 2790 869 linguam
2814 797 2965 871 [Hs.,
2997 800 3191 855 idioma
3213 798 3489 855 Hebraicm
3513 798 3725 873 linguas]
3749 816 3847 871 pro
3871 802 4115 858 satietate

2554 889 2789 958 ponitur,
2813 890 2952 943 sicut
2974 889 3027 943 in
3057 888 3261 958 psalmo
3286 906 3299 942 :
3344 886 3573 943 Visitasti
3604 899 3795 944 terram
3824 900 3871 944 et
3888 890 4113 945 inebrie-

2554 980 2623 1033 sti
2661 995 2797 1033 eam.
2830 980 2898 1034 Et
2939 980 3135 1035 iterum
3162 995 3178 1035 :
3209 979 3617 1035 Inebriabuntttr
3666 981 3731 1035 ab
3772 981 4114 1037 ubertate“-

2554 1084 2671 1122 πηη
2693 1079 2817 1122 ιιιαν.

2627 1156 2791 1211 Inter.
2821 1157 2944 1213 267.
2972 1157 3111 1225 Quid
3143 1160 3246 1216 sibi
3277 1160 3389 1214 vult
3411 1159 3553 1231 quod
3601 1159 3796 1231 Ioseph
3825 1161 3984 1216 toties
4007 1159 4114 1216 fra-

2559 1257 2668 1303 tres
2688 1264 2815 1303 suos
2852 1250 3165 1329 ludilieavit,
3191 1262 3242 1306 et
3268 1259 3416 1305 tanta
3454 1254 3849 1321 exspectatione
3895 1267 4115 1323 suspen-

2560 1339 2660 1403 dit,
2710 1350 2998 1409 antequam
3049 1341 3394 1397 manifestare
3447 1358 3505 1397 se
3548 1342 3936 1397 voluisset?—
3966 1342 4113 1414 Resp.

2562 1428 2877 1483 Tribulabat
2912 1444 3026 1494 eos,
3055 1446 3161 1485 non
3190 1439 3248 1485 ut
3287 1446 3344 1486 se
3370 1432 3667 1486 vindicaret
3698 1431 3773 1504 [in
3801 1431 3923 1504 eis],
3949 1433 4041 1488 sed
4064 1441 4118 1486 ut

2564 1518 2681 1573 illos
2718 1532 2972 1589 purgaret
2998 1536 3027 1574 a
3049 1522 3273 1576 crimine
3325 1524 3579 1578 transacti
3626 1524 3841 1579 sceleris
3885 1525 3937 1578 in
3958 1539 4114 1578 eum:

2562 1609 2646 1664 vel
2675 1611 2863 1680 magis,
2903 1619 2963 1664 ut
2996 1611 3099 1666 hac
3125 1612 3379 1665 dilatione
3421 1614 3848 1668 accumularetur
3872 1614 4119 1684 gaudium

2563 1713 2773 1763 eorum,
2804 1700 2930 1754 dum
2978 1700 3224 1754 viderent
3253 1710 3454 1755 tantam
3500 1704 3723 1774 gloriam
3773 1701 3904 1771 ejus,
3964 1718 4120 1772 quem

2568 1788 2621 1860 [a
2651 1788 2732 1861 se]
2759 1791 3079 1845 exstinctum
3106 1804 3225 1845 esse
3250 1793 3669 1847 arbitrabantur.

962 1884 1122 1955 332
1165 1883 1329 1937 Ῑιιιεν·
1368 1882 1492 1938 959-
1532 1883 1708 1949 Quare
1756 1882 1892 1936 dixit
1922 1881 2123 1936 Iudas:
2159 1881 2360 1936 IUStior
2382 1892 2465 1937 est
2496 1871 2539 1928 Β
2635 1878 2800 1932 Inter.
2828 1878 3269 1952 268._Quomodo
3315 1880 3510 1936 dicitur
3551 1897 3565 1936 :
3607 1880 3734 1935 Filii
3784 1883 3895 1953 ejus
3920 1892 3967 1937 et
3998 1882 4122 1953 ﬁlia

896 1971 1136 2027 Thamar
1187 1988 1348 2041 quam
1407 1987 1507 2043 ego
1560 1970 1711 2042 (Gen.
1762 1986 1992 2035 xxxvm,
2021 1971 2163 2042 26)?
2200 2001 2269 2011 —
2305 1971 2458 2041 Resp.

894 2061 1132 2117 Thamar
1159 2062 1212 2116 in
1264 2062 1406 2116 bivio
1431 2062 1625 2115 sedens
1648 2061 1733 2115 vel
1776 2070 2000 2129 capeto;
2040 2061 2131 2114 ubi
2162 2062 2465 2132 diligentius

894 2152 1052 2209 debet
1098 2154 1275 2207 viator
1315 2154 1577 2220 aspicere,
1623 2151 1764 2220 quod
1794 2152 1895 2206 iter
1932 2152 2207 2222 gradiendi
2241 2154 2459 2221 capiat;

892 2260 1000 2300 non
1030 2254 1299 2316 utvagam
1342 2244 1687 2313 turpitudinis
1736 2244 2009 2299 libidinem
2062 2244 2322 2312 impleret,
2372 2245 2464 2299 sed

894 2343 953 2391 ut
974 2335 1169 2390 liberos
1210 2350 1240 2388 a
1267 2348 1454 2388 socero
1500 2334 1815 2402 susciperet,
1838 2330 1943 2401 just
1956 2332 2067 2387 iore
2095 2346 2277 2396 causa,
2303 2347 2463 2401 quam

899 2443 1091 2484 socer:
1127 2426 1215 2480 ille
1241 2426 1383 2478 enim
1434 2424 1686 2499 libidinis,
1718 2424 1808 2477 illa
1858 2423 2149 2489 liberorum
2174 2425 2377 2492 gratia:
2411 2434 2464 2479 et

896 2520 1014 2574 Ideo
1041 2519 1095 2571 in
1125 2516 1524 2586 comparatione
1548 2513 1662 2581 ejus
1690 2514 1865 2569 minus
1884 2513 2022 2568 male
2043 2513 2265 2569 fecerat.

968 2604 1134 2660 Inter.
1172 2604 1295 2659 260.
1338 2603 1396 2659 Si
1447 2603 1653 2658 Phares
1700 2603 1823 2657 inde
1870 2602 2090 2658 sortitus
2142 2612 2227 2658 est
2272 2618 2463 2658 nomen

896 2694 1191 2757 divisionis,
1237 2694 1360 2762 quia
1421 2692 1678 2747 diviserat
1753 2686 2121 2745 membranam
2176 2692 2463 2747 secundam

896 2781 1049 2858 [Ms.,
1082 2780 1477 2855 secundarum],
1524 2782 1665 2836 unde
1684 2781 1819 2835 Zara
1869 2780 1992 2854 [sic]
2041 2797 2232 2837 nomen
2258 2784 2465 2853 accepit

896 2875 1048 2948 (vers.
1091 2874 1183 2937 29,
1214 2874 1355 2945 30)?
1412 2872 1563 2944 Resp.
1604 2874 1742 2929 Zara
1799 2874 2215 2945 interpretratur
2256 2874 2462 2932 Oriens.

898 2963 990 3021 Sic
1022 2965 1183 3037 igitur
1219 2975 1463 3028 vocatur,
1517 2964 1599 3019 vel
1642 2965 1764 3033 quia
1791 2965 1995 3033 primus
2048 2967 2333 3037 apparuit,
2381 2966 2466 3022 vel

895 3058 1037 3129 quod
1064 3056 1275 3128 plurimi
1306 3072 1370 3113 ex
1402 3073 1467 3113 eo
1490 3059 1598 3112 nati
1626 3066 1751 3113 sunt
1772 3056 1925 3126 justi,
1946 3058 2087 3114 sicut
2116 3060 2171 3113 in
2191 3058 2467 3128 Paralin

897 3162 1089 3202 menon
1118 3148 1341 3219 legimus
1363 3147 1412 3219 (I
1442 3148 1566 3202 Par.
1599 3164 1661 3213 ιι,
1682 3148 1760 3220 4).

2564 1967 2941 2021 descenderunt
2987 1986 3105 2022 cum
3146 1970 3310 2023 Iacob
3362 1973 3417 2025 in
3454 1971 3741 2042 Ai'gyptunt
3798 1972 3949 2044 (Cen.
3979 1989 4120 2036 XLVI,

2567 2058 2643 2127 7),
2674 2073 2794 2111 cum
2816 2056 2983 2113 Iacob
3010 2059 3190 2129 plures
3241 2074 3347 2114 non
3371 2062 3620 2116 habuerit
3648 2062 3805 2127 ﬁlias,
3841 2078 3999 2131 quam
4037 2063 4123 2117 Dio

2564 2162 2688 2201 nam
2724 2150 3087 2204 tantummodo
3112 2150 3137 2202 ἲ
3172 2180 3243 2190 -
3272 2150 3425 2220 Resp.
3477 2152 3583 2205 Aut
3614 2151 3820 2225 [etiam]
3851 2164 4037 2222 neptes
4064 2153 4121 2207 li-

2566 2237 2758 2291 liarum
2785 2240 3002 2293 nomine
3038 2239 3333 2309 intelligere
3368 2241 3651 2305 debemus;
3676 2250 3767 2294 aut
3789 2242 4008 2310 pluralis
4028 2258 4120 2296 nu-

2564 2341 2744 2382 merus
2772 2343 2869 2398 pro
2913 2329 3169 2399 singulari
3218 2331 3424 2400 positus
3450 2340 3552 2397 est,
3599 2333 3738 2388 sicut
3758 2334 3829 2389 ibi
3857 2349 3870 2387 :
3904 2334 4047 2387 Misit
4072 2338 4122 2388 in

2564 2419 2637 2471 eis
2674 2435 2905 2473 muscam
2935 2422 3196 2474 caninam.

2635 2507 2799 2563 Inter.
2832 2509 2955 2565 2G9.
2997 2510 3148 2577 Quod
3194 2507 3325 2567 dicit
3357 2512 3634 2585 Scriptum
3663 2536 3676 2569 :
3706 2516 3892 2573 Omnes
3936 2522 4121 2574 animat

2563 2614 2679 2667 qua!
2733 2616 2950 2669 egressi:
2999 2613 3115 2656 sunt
3142 2604 3205 2657 de
3248 2604 3527 2673 femoribus
3576 2607 3739 2662 Iacob
3777 2609 3924 2678 (vers.
3978 2610 4067 2681 26)
4104 2628 4116 2663 :

2566 2688 2691 2755 quid
2729 2692 3157 2759 respondendum
3204 2702 3287 2749 est
3316 2696 3393 2749 eis
3425 2698 3513 2765 qui
3538 2694 3639 2753 hoc
3669 2702 3973 2756 testimonio
3997 2717 4117 2755 con-

2566 2775 2782 2835 firmare
2838 2782 3099 2848 nituntur,
3142 2800 3171 2838 a
3201 2788 3510 2853 parentibus
3554 2788 3712 2843 simul
3750 2790 3957 2845 animas
3998 2806 4117 2845 eum

2566 2872 2880 2940 corporibus
2905 2874 3232 2942 propagari?
3267 2903 3335 2913 —
3374 2874 3530 2946 Resp.
3564 2876 3803 2948 [Animas
3832 2881 4001 2936 dictas
4024 2896 4119 2950 pro

2565 2957 2888 3023 hominibus,
2916 2976 2947 3013 a
2968 2973 3121 3030 parte
3150 2971 3318 3017 totum
3348 2964 3680 3034 signiﬁcante
3704 2966 3895 3039 [Edit.,
3919 2970 4116 3041 signiti-

2565 3050 2707 3123 cata]
2732 3051 3021 3118 locutione,
3048 3055 3223 3110 nullus
3248 3057 3404 3113 debet
3425 3059 3710 3131 dubitare].

2637 3137 2801 3194 Inter.
2838 3141 3064 3195 270.‘Hi
3088 3144 3187 3212 ﬁlii
3215 3144 3345 3211 Line,
3388 3164 3515 3217 quos
3540 3151 3712 3219 genuit
3738 3152 3792 3205 in
3833 3151 4120 3224 Mesopota-

973 3234 1134 3290 Inter.
1169 3204 1297 3290 261.
1339 3204 1446 3292 C‘ur
1482 3204 1999 3309 gentileslhomines
2046 3240 2137 3308 qui
2168 3238 2383 3296 fuerunt
2406 3241 2461 3297 in
2493 3204 2539 3265 ϐ
2568 3228 2675 3281 mia
2710 3232 2722 3281 ἕ

2371 3241 2461 3297 [in
2493 3204 2539 3265 C
2568 3228 2675 3281 mia
2710 3228 2881 3299 Syria
2901 3248 3017 3283 cum
3044 3204 3207 3299 Dina,
3233 3204 3421 3289 animle
3442 3204 3672 3305 ﬁliarum
3705 3250 3752 3294 et
3777 3204 4120 3312 ριὲξιῆιῖιίἰξο

896 3341 1116 3383 carcere
1157 3343 1275 3382 cum
1316 3325 1531 3398 Ioseph,
1578 3331 1837 3401 praesagia
1870 3331 2170 3386 futurorum
2216 3332 2463 3388 viderunt

899 3414 1053 3490 (Gen.
1083 3434 1169 3480 ιι,
1194 3418 1295 3489 5)?
1328 3448 1399 3459 —
1434 3418 1587 3489 Resp.
1625 3419 1740 3474 Non
1787 3436 1886 3490 pro
1936 3422 2048 3475 suis
2102 3424 2329 3486 meritis,
2371 3423 2465 3478 sed

898 3515 961 3563 ut
1003 3510 1438 3580 magnilicaretur
1472 3506 1695 3579 Ioseph,
1723 3519 1778 3563 et
1805 3508 2244 3565 manifestaretur
2268 3512 2358 3579 qui
2385 3510 2463 3565 la-

900 3596 1069 3651 tebat.

972 3684 1137 3741 Inter.
1160 3686 1284 3742 262.
1330 3686 1467 3755 Quid
1493 3680 1663 3761 [sunt]
1696 3697 1805 3745 tres
1825 3692 2141 3761 propagines
2164 3689 2315 3762 (vers.
2344 3692 2467 3764 10)?

894 3804 969 3819 —
994 3775 1149 3845 Resp.
1180 3778 1314 3835 Tres
1344 3778 1686 3851 [propagines
1710 3790 1837 3836 sunt
1857 3780 1989 3853 tres]
2020 3784 2176 3837 rami.

967 3864 1131 3921 Inter.
1172 3868 1297 3923 263.
1335 3868 1443 3923 Car
1469 3868 1683 3924 Pharao
1708 3879 1763 3925 et
1790 3870 2027 3927 llerodes
2072 3873 2186 3928 dies
2215 3875 2465 3931 nativita-

899 3958 969 4011 tis
995 3970 1106 4010 sum
1157 3957 1450 4013 honoribus
1516 3957 1735 4014 festivos
1782 3959 2088 4016 habuerunt
2142 3965 2293 4034 (vers.
2322 3966 2467 4037 20)?

899 4073 972 4086 —-
1005 4042 1156 4115 Resp.
1200 4045 1276 4101 Eo
1295 4046 1435 4115 quod
1456 4055 1778 4115 putaverunt
1823 4050 1965 4117 quod
1998 4050 2131 4105 hora
2171 4055 2469 4111 nativitatis

899 4146 1087 4187 eorum
1114 4146 1209 4188 eos
1234 4131 1361 4205 [11s.
1391 4133 1470 4204 se]
1509 4135 1809 4191 ordinasset
1840 4138 1893 4191 in
1924 4153 2143 4210 regnum
2171 4159 2183 4194 :
2236 4144 2465 4200 similem

901 4236 1018 4275 rem
1041 4220 1301 4277 facientes
1336 4223 1668 4289 adoratione,
1718 4235 1777 4281 ut
1805 4242 2031 4295 quorum
2081 4240 2200 4285 erat
2237 4248 2337 4303 par
2367 4236 2466 4289 im-

902 4309 1096 4378 pietas,
1124 4319 1267 4366 esset
1289 4326 1393 4364 una
1419 4312 1748 4368 solemnitas.

975 4398 1140 4453 Inter.
1177 4400 1302 4454 264.
1346 4400 1482 4468 Quid
1504 4410 1590 4457 est
1636 4404 1777 4473 quod
1825 4404 2035 4463 Pharao
2079 4409 2250 4465 dixit:
2301 4412 2465 4469 Puta-

2562 3320 2705 3387 ginta
2728 3332 2829 3375 tres
2853 3322 3005 3392 (vers.
3039 3324 3151 3395 15).
3197 3324 3445 3395 Nunquid
3487 3329 3603 3383 istm
3622 3344 3807 3386 omnes
3835 3333 4049 3403 triginta
4072 3343 4126 3389 et

2566 3417 2675 3465 tres
2704 3412 2897 3487 animm
2924 3430 2991 3467 es
3014 3414 3108 3469 Lia
3139 3416 3191 3469 in
3222 3415 3599 3488 Mesopotamia
3625 3420 3794 3493 Syria:
3817 3433 3955 3481 natm
3978 3438 4124 3491 sunt,

2566 3500 2689 3555 dum
2714 3502 2785 3557 ibi
2818 3501 2986 3559 Iacob
3033 3522 3137 3561 non
3164 3506 3283 3577 plus
3336 3508 3539 3583 [quam]
3587 3514 3774 3583 viginti
3826 3517 3981 3572 annis
4004 3533 4125 3573 cum

2565 3607 2752 3647 socero
2777 3609 2877 3649 suo
2913 3606 3154 3650 moratus
3178 3608 3283 3663 est,
3304 3610 3357 3653 et
3378 3611 3581 3669 septem
3622 3605 3747 3658 anui
3779 3610 4123 3674 transierunt,

2566 3694 2855 3754 antequam
2904 3685 3055 3741 Liam
3112 3705 3332 3745 uxorem
3382 3694 3665 3752 duxisset?
3711 3729 3780 3740 --
3818 3698 3974 3773 Resp.
4007 3704 4128 3759 Ideo

2567 3774 2773 3849 [igitur]
2801 3778 3073 3850 Scriptura
3108 3792 3289 3837 saneta
3319 3784 3419 3840 hos
3448 3802 3634 3843 onmes
3671 3790 3724 3843 in
3748 3789 4126 3862 Mesopotamia

2564 3879 2711 3923 ortos
2767 3886 2887 3926 esse
2936 3872 3089 3936 dixit,
3138 3876 3389 3942 quoniam
3443 3891 3627 3934 eorum
3676 3890 3853 3950 patres
3898 3885 3971 3939 ibi
4021 3886 4125 3941 orti

2564 3969 2711 4015 sunt.

2636 4049 2799 4105 Inter.
2847 4054 2968 4109 271.
3021 4054 3075 4111 Si
3101 4062 3377 4131 sexaginta
3424 4073 3477 4119 et
3508 4080 3601 4120 sex
3627 4070 3817 4124 anima:
3856 4080 3983 4125 sunt
4008 4087 4128 4141 qua

2566 4142 2818 4213 ingressa:
2855 4156 2980 4201 sunt
3037 4164 3157 4203 cum
3188 4148 3353 4207 Iacob
3389 4153 3441 4207 in
3478 4153 3803 4226 Egyptum;
3824 4168 3879 4213 et
3927 4160 3999 4217 ibi
4033 4158 4127 4216 Io-

2564 4235 2696 4302 seph
2739 4249 2861 4291 eum
2906 4239 3110 4293 duobus
3149 4241 3271 4297 ﬁliis
3300 4246 3411 4299 suis
3454 4246 3696 4303 inventus
3725 4259 3807 4304 est
3849 4251 4002 4319 (tera.
4032 4253 4123 4319 26,

2602 4323 2677 4393 7),
2730 4326 2996 4394 quomodo
3052 4328 3209 4400 333
3248 4336 3581 4404 septuaginta
3633 4352 3814 4407 posma
3870 4343 4129 4399 dicuntur

2562 4426 2682 4466 esse
2710 4414 2902 4469 anima:
2928 4416 3115 4471 demus
3137 4419 3302 4475 Iacob
3321 4422 3344 4474 ?
3361 4453 3429 4462 —
3449 4423 3602 4496 Resp.
3624 4428 3742 4499 ipso
3766 4438 3915 4499 patre
3936 4432 4123 4498 Iacob.

902 4490 1019 4543 bam
1051 4506 1129 4543 me
1154 4502 1293 4544 stare
1334 4508 1488 4562 super
1512 4482 1712 4562 [tamen
1744 4493 1894 4567 (Cen.
1933 4513 2039 4563 xu,
2072 4500 2167 4571 l)?
2200 4530 2269 4543 -—
2306 4502 2456 4575 Resp.
2491 4530 2539 4591 ο
2566 4505 2717 4571 quasi
2740 4506 2935 4571 radice,
2985 4510 3357 4573 adnumerato.
3381 4482 3711 4589 septuaginta
3744 4482 3861 4576 e‘sse
3890 4482 4121 4581 noscun:

901 4578 959 4635 id
988 4579 1137 4654 [Als.,
1168 4580 1335 4654 Idem]
1369 4593 1449 4637 est
1485 4585 1626 4653 quod
1662 4587 1713 4640 in
1763 4587 1866 4641 alio
1893 4588 2011 4644 loco
2064 4591 2293 4662 legitur:
2326 4595 2459 4650 Ecce
2491 4578 2533 4591 ⁷
2569 4605 2673 4650 tur.

900 4687 995 4743 ego
1021 4688 1174 4741 super
1199 4673 1389 4741 fontem
1417 4690 1567 4742 aqua
1598 4685 1676 4729 sto
1716 4675 1872 4747 (Gen.
1902 4693 2049 4745 xxiv,
2080 4682 2187 4751 i3).
2230 4684 2341 4740 Hoc
2371 4702 2461 4756 ge-

903 4773 1033 4814 nere
1086 4759 1366 4816 locutionis
1390 4771 1444 4815 et
1471 4763 1526 4815 in
1572 4764 1775 4832 psalmo
1824 4766 2053 4819 dicitur:
2088 4768 2189 4835 Qui
2226 4773 2461 4840 fundam

903 4860 1098 4906 terram
1148 4865 1303 4918 super
1351 4868 1539 4921 aquam
1595 4853 1751 4923 [Ms.,
1798 4856 2015 4929 aquas].
2073 4858 2210 4930 [Non
2265 4879 2463 4933 cogun-

905 4954 991 4996 tur
1024 4942 1265 4996 homines
1293 4954 1480 5009 putare
1510 4945 1647 5000 sicut
1676 4962 1868 5002 navem
1917 4960 2104 5005 natare
2151 4962 2346 5008 terram
2377 4971 2465 5010 su-

906 5048 1000 5101 per
1016 5031 1224 5103 aquas].
1249 5032 1551 5087 Secundum
1578 5036 1713 5091 hanc
1731 5036 1916 5111 [enim]
1941 5041 2461 5120 locutionem[rccte]

908 5121 1238 5189 intelligitur,
1269 5122 1411 5194 quod
1438 5122 1597 5177 altior
1624 5126 1693 5179 sit
1723 5136 1867 5182 terra
1905 5145 2064 5198 quam
2095 5148 2253 5203 aqua.
2292 5137 2464 5193 Altius

908 5210 1103 5278 quippe
1141 5212 1208 5268 ab
1252 5214 1406 5283 aquis
1461 5214 1777 5281 sustollitur,
1826 5220 1916 5273 ubi
1966 5222 2207 5278 habitant
2252 5236 2461 5283 terrena

910 5298 1184 5352 animalia.

982 5388 1145 5441 Inter.
1184 5386 1308 5443 265.
1346 5388 1621 5456 Quomodo
1665 5397 1947 5454 multitudo
1993 5399 2249 5475 [frugum]
2272 5420 2467 5467 ,arenm

912 5476 1286 5553 [multitudini]
1317 5494 1659 5559 comparatur
1683 5486 1837 5557 (Cen.
1863 5505 1972 5555 xu,
2007 5492 2147 5561 49)?
2197 5524 2266 5533 -—
2311 5494 2463 5565 Resp.

910 5565 1043 5631 Quia
1096 5570 1234 5624 sicut
1288 5585 1449 5625 arena
1500 5572 1900 5633 innumerabilis
1953 5591 2054 5645 est,
2086 5584 2157 5637 ita
2188 5583 2507 5641 multitudo'

912 5655 1123 5726 frugum
1178 5660 1377 5716 usitato
1430 5677 1654 5719 numero
1705 5671 2082 5738 comprehendi
2136 5689 2242 5728 non
2293 5686 2469 5746 potest

913 5744 1037 5818 HIs.
1050 5790 1062 5811 .
1094 5749 1341 5827 poterat].

2635 4690 2795 4746 Inter.
2836 4694 2959 4747 272.
2992 4694 3125 4749 Dum
3172 4696 3258 4750 hic
3299 4694 3373 4768 [in
3402 4698 3616 4771 Genesi]
3654 4700 3871 4771 legimus
3904 4710 4123 4775 septua-

2566 4782 2710 4850 ginta
2736 4797 2855 4837 esse
2882 4785 3089 4838 animas
3116 4785 3307 4839 domus
3328 4785 3512 4851 Iacob,
3535 4793 3794 4858 quomodo
3828 4795 3879 4848 in
3907 4796 4125 4850 Actibus

2567 4872 2929 4938 apostolorum
2969 4874 3091 4943 (vn,
3134 4874 3228 4944 14)
3263 4877 3476 4941 dicitur,
3513 4879 3567 4931 in
3602 4880 3878 4936 animabus
3907 4894 4123 4953 septua-

2568 4961 2710 5029 ginta
2760 4962 2993 5030 quinque
3035 4962 3371 5020 descendisse
3413 4967 3578 5023 Iacob
3622 4971 3673 5024 in
3712 4970 4123 5042 λευρωωῖ-

2569 5048 2723 5121 Resp.
2755 5051 2868 5106 Non
2905 5065 3115 5123 poterat
3149 5054 3319 5111 Lucas
3356 5056 3598 5131 [aliquid]
3626 5065 3950 5119 contrarium
3990 5071 4123 5123 scri-

2567 5142 2693 5199 bere
2735 5146 2989 5202 adversus
3040 5165 3161 5203 eam
3208 5148 3571 5220 Scripturatn,
3622 5165 3746 5224 quae
3784 5155 3897 5222 jam
3951 5159 4125 5218 fuerat

2567 5236 2809 5304 gentibus
2833 5239 3096 5319 divulgata
3128 5258 3139 5292 :
3171 5250 3222 5295 et
3249 5245 3427 5311 utique
3464 5247 3678 5315 majoris
3717 5250 4000 5319 Opinionis.
4037 5254 4122 5307 illo

2567 5325 2828 5377 duntaxat
2861 5316 3118 5396 tempore,
3155 5334 3482 5402 septuaginta
3508 5316 3854 5407 lnterpretutn
3893 5342 4125 5397 habeba-

2569 5422 2655 5466 tur
2674 5419 2985 5483 auctoritas,
3014 5435 3173 5489 quam
3204 5422 3396 5485 Lucas,
3436 5427 3525 5494 qui
3564 5427 3771 5497 ignotus
3806 5438 3861 5482 et
3897 5431 4034 5495 vilis,
4070 5445 4123 5488 et

2568 5516 2671 5554 non
2697 5518 2899 5574 magna:
2927 5506 3045 5562 ﬁdei
3081 5510 3132 5563 in
3166 5512 3471 5570 nationibus
3497 5516 3935 5596 «ληρώδη-(ΛΑ,
3961 5521 4118 5592 erat].

2568 5591 2683 5647 Hoc
2725 5607 2901 5650 autem
2940 5599 3257 5668 generaliter
3288 5601 3675 5659 observandum
3714 5591 3971 5684 estvonod
4008 5591 4121 5663 ubi-

2568 5698 2778 5754 cunque
2810 5690 2980 5741 sancti
3019 5691 3241 5759 apostoli
3282 5693 3364 5747 vel
3400 5696 3671 5766 apostolici
3704 5699 3805 5753 viri
3843 5702 4121 5768 loquuntur

2571 5773 2638 5826 ad
2681 5774 2925 5845 papulas,
2971 5776 3053 5830 his
3102 5780 3413 5852 plerumque
3459 5787 3770 5841 testimoniis
3814 5786 4115 5852 abutuntur,
