4428 6400
364 506 464 573 53'?

1512 514 1711 541 σπου-κο*
1744 514 1855 542 δίκη
1924 514 2007 523 ομ-.
2074 520 2119 521 ν.
2214 518 2255 527 _.

1512 516 1711 541 σπου-ηῄ
1744 516 1855 542 *ἐκμ-
1924 516 2001 523 ν-ν-η

960 516 1368 576 maenas.
1397 548 1475 565 ‹--
1510 560 1618 575 -.-
1762 558 1805 573 ..
1830 541 1881 572 r.
1923 549 2001 570 α.

2412 517 2478 573 λζ
2518 517 2784 581 ωιᾸΕδ..
2827 514 2975 572 εἲς.
3510 512 3611 567 εει

2288 519 2350 533 κυπ-

2048 546 2209 573 ..-ιη’
2232 538 2377 575 υφιοο
2413 551 2434 573 ⁸

364 646 485 703 qua
504 632 617 703 iam
650 629 864 689 fueram
907 630 962 687 in
998 631 1246 704 gentibus
1279 630 1585 703 divulgata;
1622 629 1747 685 licet
1776 628 1939 699 pleri-
1964 631 2015 690 Α
2040 627 2257 687 Scilicet
2283 639 2569 703 postquam
2587 631 2867 701 juraverat
2892 633 2942 687 ei
2967 630 3106 686 ﬁlius
3127 629 3396 705 [securus]
3424 632 3488 687 de
3514 646 3611 701 pc-

354 735 471 793 que
493 721 731 785 tradunt,
763 720 963 777 Lucam
1000 718 1451 795 [evangelistam].
1485 727 1547 775 ut
1587 718 1938 791 proselytum,

362 807 616 867 Hebraeae
642 810 853 867 litteras
879 812 1177 884 ignorasse.

432 899 600 957 Inter.
629 902 757 957 επ».
787 901 906 957 Filii
939 900 1108 958 Jacob
1132 901 1446 975 interrogati
1476 900 1606 971 quid
1630 899 1809 971 operis
1842 900 1941 955 ha-

359 990 571 1057 herent.
609 991 1002 1063 responderunt
1030 1009 1045 1047 :
1077 990 1323 1047 Pastores
1357 992 1530 1045 ouium
1569 1005 1770 1053 sumus,
1808 989 1941 1042 sicut

360 1094 411 1139 et
439 1094 613 1155 patres
656 1062 821 1139 nostri
862 1062 1014 1155 (σξη.
1053 1098 1223 1148 ιινιι,
1262 1084 1340 1153 5).
1388 1081 1565 1162 Quare
1604 1080 1942 1151 patriarchas

358 1175 584 1246 primos,
605 1182 853 1244 pastores
872 1174 1075 1237 ovium,
1089 1180 1146 1227 et
1167 1188 1273 1227 non
1296 1170 1496 1245 [reges]
1518 1172 1752 1243 gentium
1774 1169 1941 1225 fuisse

360 1262 717 1336 legimusi—
744 1261 899 1333 Resp.
937 1262 1073 1329 Quia
1118 1262 1237 1317 sine
1272 1260 1378 1315 ulla
1424 1260 1752 1316 dubitatione
1790 1255 1942 1325 justa

361 1354 614 1419 attritus,
645 1361 701 1408 et
718 1351 865 1422 iusta
894 1360 981 1408 est
1007 1352 1320 1416 deminatio,
1349 1367 1471 1407 cum
1508 1364 1702 1421 pecora
1740 1348 1941 1405 homini

305 1425 317 1436 ’
361 1444 626 1508 serviunt.
648 1451 704 1499 et
723 1444 886 1498 homo
904 1440 1187 1514 pecoribus
1212 1442 1535 1497 dominatur.
1566 1440 1655 1496 Sic
1689 1441 1833 1495 cnim
1862 1439 1943 1494 di-

360 1542 505 1588 ctum
526 1542 615 1589 est
639 1533 838 1592 homini
868 1548 989 1588 cum
1016 1540 1292 1588 crearetur
1319 1550 1332 1585 :
1370 1530 1655 1585 Faciamus
1683 1532 1941 1587 hominem

358 1624 430 1677 ad
454 1624 736 1694 imaginem
769 1632 817 1678 et
846 1622 1241 1677 similitudinem
1282 1631 1531 1683 nostram,
1560 1630 1608 1674 et
1642 1620 1827 1674 habeat
1851 1637 1943 1692 po-
1988 1656 1991 1659 λ

356 1723 594 1771 testatern
623 1716 844 1785 piscium
880 1715 1043 1768 maris
1081 1723 1128 1767 et
1166 1711 1450 1766 volatilium
1479 1711 1613 1775 caeli,
1635 1720 1681 1764 et
1709 1712 1962 1789 omnium.

355 1821 478 1877 qua
506 1813 625 1859 sunt
650 1820 806 1875 super
828 1814 1022 1857 terram
1048 1799 1201 1873 (Gen.
1226 1800 1287 1870 l).
1320 1800 1421 1856 Ubi
1452 1801 1755 1855 insinuatur
1779 1800 1942 1854 ratio-

357 1909 485 1950 nem
506 1893 702 1949 debere
728 1893 991 1948 dominari
1017 1891 1309 1946 irrationali
1337 1885 1477 1945 vitai.
1504 1890 1731 1945 Servum
1760 1899 1939 1946 autem

2044 720 2232 777 titione
2258 737 2421 793 quam
2449 723 3023 796 rogaverat,'adoravit
3054 722 3223 777 Deum
3250 721 3402 796 [ατη
3431 721 3611 777 Domi-

2042 826 2169 866 num
2194 812 2357 881 coepit
2385 811 2633 885 adorare]
2659 822 2850 869 contra
2877 821 3037 883 caput
3061 811 3242 868 lectuli
3260 812 3373 877 sui;
3396 821 3614 867 sanctus

2042 902 2238 972 quippe
2262 910 2318 957 et
2342 900 2453 957 Deo
2480 887 2734 958 obediens
2760 901 2915 975 (In,
2944 897 3176 973 deditus]
3205 902 3306 964 vir,
3328 915 3613 971 oppressus

2040 999 2341 1055 senectute,
2385 990 2619 1047 habebat
2644 991 2897 1047 lectulum
2935 993 3009 1047 ita
3036 993 3291 1063 positum,
3315 1000 3374 1045 ut
3402 993 3512 1062 ipse
3530 989 3616 1059 ja-

2042 1094 2172 1136 cens
2195 1079 2455 1153 [habitus]
2483 1081 2686 1152 absque
2712 1080 2818 1136 ulla
2856 1079 3171 1137 difﬁcultate
3212 1082 3280 1136 ad
3316 1082 3614 1138 orationem

2040 1182 2189 1229 esset
2212 1182 2453 1243 paratus.

2112 1264 2273 1337 335
2310 1264 2334 1317 1
2343 1275 2473 1319 nter.
2511 1264 2637 1321 278.
2660 1263 2798 1333 Quid
2828 1272 2913 1321 est
2936 1266 3078 1336 quod
3105 1264 3271 1321 Jacob
3294 1263 3424 1322 dicit
3450 1283 3465 1320 :
3494 1263 3613 1319 Duo

2041 1352 2140 1422 ﬁlii
2177 1355 2251 1407 tui
2282 1354 2479 1422 Eﬁ'rern
2507 1364 2555 1409 et
2588 1354 2881 1419 Manasses,
2921 1356 3053 1409 sicut
3092 1354 3273 1409 Ruben
3314 1364 3363 1410 et
3402 1353 3615 1412 Simon

2040 1451 2193 1496 erant
2214 1443 2341 1495 mihi
2363 1442 2513 1512 (Gen.
2536 1459 2721 1507 xmu,
2738 1442 2909 1514 5)?—
2925 1442 3076 1514 Resp.
3096 1442 3373 1515 Signiﬁcat
3395 1462 3407 1496 :
3430 1440 3613 1515 [sicut]

2042 1530 2231 1585 Ruben
2257 1540 2313 1586 et
2339 1529 2553 1586 Simeon
2583 1531 2699 1585 dua:
2722 1532 2893 1587 tribus
2921 1541 3098 1596 erunt,
3128 1542 3181 1586 et
3204 1534 3317 1587 suis
3341 1531 3616 1586 vocabulis

2040 1621 2402 1686 vocabuntur;
2427 1622 2504 1677 sic
2526 1620 2719 1675 Effrem
2736 1631 2792 1675 et
2808 1621 3083 1678 Mauasscs
3103 1622 3219 1675 dum
3240 1622 3407 1676 tribus
3426 1632 3610 1683 erunt;

2041 1710 2177 1767 duos
2204 1726 2415 1781 quoque
2444 1710 2667 1781 populos
2698 1712 3075 1782 procreabuut,
3100 1721 3155 1766 ct
3184 1710 3305 1787 [sic]
3335 1713 3619 1767 haeredita-

2042 1799 2170 1855 bunt
2197 1800 2571 1871 promissionis
2598 1808 2817 1865 terram,
2858 1802 2997 1856 sicut
3016 1811 3071 1856 ct
3097 1800 3186 1857 ﬁlii
3212 1802 3335 1855 mci.
3364 1800 3618 1871 Reliquos

2042 1898 2220 1944 autem
2261 1889 2419 1954 ﬁlios,
2451 1905 2587 1959 quos
2618 1900 2741 1960 post
2770 1901 2998 1947 mortem
3030 1907 3202 1947 meam
3232 1894 3498 1962 genueris,
3540 1893 3617 1947 tui

356 1981 639 2037 hominem
671 1981 874 2051 homini
914 1979 996 2035 vel
1032 1980 1287 2048 iniquitas
1327 1978 1470 2042 fecit,
1500 1978 1586 2032 vel
1621 1979 1936 2034 adversitas.
1971 1975 2017 2035 Β
2042 1987 2205 2034 erunt
2230 1998 2242 2033 :
2272 1978 2369 2052 [et]
2398 1980 2451 2035 in
2475 1982 2689 2035 nomine
2715 1991 2925 2051 patrum
2956 1998 3175 2037 suorum
3205 1983 3535 2036 vocabuntur
3560 1984 3612 2036 in

356 2068 617 2140 lniquitas
636 2071 726 2140 qui
740 2072 871 2134 lem,
901 2071 1041 2124 sicut
1068 2070 1265 2123 dictum
1299 2076 1383 2123 est
1412 2088 1424 2121 :
1459 2068 1767 2123 Haledictus
1798 2069 1936 2123 Cita-

362 2175 527 2222 naan,
554 2160 649 2213 erit
677 2175 851 2213 servus
880 2157 1129 2227 fratribus
1158 2158 1266 2211 suis
1299 2156 1449 2228 (Gen.
1483 2170 1560 2221 Ix,
1589 2156 1700 2226 25).
1732 2158 1937 2212 Adver-

356 2247 493 2302 sitas
537 2261 687 2310 vero,
716 2248 856 2301 sicut
900 2236 1094 2301 accidit
1122 2246 1219 2317 ipsi
1258 2243 1477 2314 Joseph,
1526 2253 1586 2298 ut
1632 2244 1878 2298 venditus
1908 2259 1938 2298 a

356 2331 619 2391 fratribus
646 2350 835 2391 servus
859 2334 1171 2405 alienigena:
1198 2334 1369 2389 ﬁeret.
1395 2335 1575 2409 Itaque
1601 2335 1804 2405 primos
1824 2347 1941 2388 ser-

354 2442 479 2495 vos,
510 2429 702 2499 quibus
753 2429 860 2483 hoc
901 2442 1094 2483 nomen
1136 2429 1189 2481 in
1220 2426 1409 2482 Latina
1450 2426 1629 2495 lingua
1666 2426 1940 2481 inductum

354 2525 463 2581 est,
487 2517 622 2589 bella
650 2515 920 2581 fecerunt;
951 2530 1072 2570 cum
1095 2513 1252 2588 μη,
1272 2514 1385 2587 qui]
1406 2516 1547 2569 enim
1569 2516 1728 2568 homo
1752 2513 1821 2567 ab
1843 2516 1940 2568 ho-

357 2608 505 2662 mine
535 2616 841 2678 superatus,
862 2606 984 2677 jure
1007 2605 1127 2659 belli
1151 2606 1322 2677 possit
1342 2605 1536 2670 occidi,
1560 2605 1685 2674 quia
1707 2614 1939 2657 senatus

355 2703 476 2760 est,
516 2712 693 2750 servus
732 2706 818 2751 est
856 2695 1168 2767 appellatus.
1207 2692 1333 2749 inde
1372 2703 1427 2748 et
1471 2694 1767 2764 mancipia,
1813 2694 1938 2762 quia

356 2782 531 2859 [sunt]
558 2802 716 2839 manu
746 2795 915 2853 capta.

426 2874 593 2931 Iner.
623 2874 746 2929 274.
775 2874 904 2942 Quae
928 2883 1011 2930 est
1044 2883 1189 2930 terra
1229 2872 1431 2931 Gerseu
1461 2873 1594 2946 [Αι.,
1624 2874 1824 2946 Gesen]
1854 2875 1938 2928 vel

352 2960 653 3022 Ramesse?
677 2994 743 3005 --
773 2964 927 3035 Resp.
951 2963 1119 3019 Judaei
1145 2973 1427 3019 autumant
1460 2979 1601 3027 eam,
1638 2978 1757 3034 qua:
1798 2978 1939 3018 nunc

354 3053 635 3112 Thebaida
682 3054 996 3126 appellatur,
1046 3054 1305 3111 Ramesse
1350 3070 1581 3126 pagum;
1618 3054 1935 3109 Arsenatem

354 3142 440 3199 sic
465 3143 593 3198 olim
620 3154 867 3199 vocatum
894 3152 1102 3216 putant.

429 3229 593 3285 Inter.
624 3230 749 3286 275.
778 3232 1044 3298 Quaeritur
1065 3234 1330 3304 quomodo
1352 3234 1404 3287 in
1428 3242 1570 3289 terra
1601 3230 1815 3304 Egypti
1836 3248 1949 3304 pa—.

358 3326 794 3401 scnapecoribus
818 3328 1040 3382 inveniri
1067 3336 1373 3398 potuerunt,
1402 3344 1523 3383 cum
1550 3344 1616 3385 ea
1642 3337 1783 3383 terra
1811 3329 1930 3398 plu—
1959 3306 2005 3368 Ο

357 3414 463 3469 'Viis
482 3430 587 3470 non
610 3416 893 3486 irrigatur;
919 3425 972 3471 et
996 3410 1187 3473 fratres
1206 3414 1403 3487 Joseph
1431 3418 1551 3473 ideo
1574 3427 1772 3472 terram
1794 3418 1934 3472 Cha-

356 3515 497 3558 naan
537 3504 819 3575 reliquisse
846 3504 966 3585 '[se]
1009 3486 1213 3571 dicunt],
1260 3486 1403 3577 quod
1444 3508 1641 3562 herbas
1683 3508 1936 3578 gregibus

358 3593 473 3649 suis
498 3608 603 3649 non
634 3595 961 3653 invenissent
987 3595 1144 3668 (Gen,
1173 3614 1340 3662 rem,
1367 3597 1462 3667 ψ
1496 3628 1568 3639 —
1606 3597 1763 3670 Resp.
1802 3597 1933 3654 Per-

359 3679 576 3737 bibetuo
598 3682 668 3737 ab
695 3686 776 3738 eis
814 3685 905 3753 qui
930 3686 1046 3740 loca
1074 3674 1268 3751 sciunt,
1298 3688 1351 3742 in
1391 3687 1570 3742 multis
1599 3686 1814 3758 Λεπριί
1837 3702 1934 3758 pa-

357 3771 568 3828 ludibus
588 3774 825 3845 potuisse
842 3789 1040 3845 pascua
1067 3791 1172 3830 non
1200 3777 1407 3840 deesse,
1430 3778 1590 3831 etiam
1617 3791 1737 3831 cum
1762 3776 1933 3832 fames

358 3871 503 3919 esset
529 3862 943 3931 frumentorum,
967 3882 1087 3937 qua:
1112 3866 1287 3922 solent
1314 3866 1416 3921 Nili
1446 3866 1680 3925 ﬂuminis
1710 3868 1934 3924 inunda-

360 3954 506 4008 tione
535 3955 838 4024 provenire.
870 3956 1038 4027 Magis
1088 3958 1234 4014 enim
1278 3958 1530 4014 dicuntur
1570 3958 1793 4030 paludes
1834 3960 1967 4035 illa!

361 4040 569 4099 feraces
598 4042 753 4117 [Hs.,
785 4044 1037 4121 feracius]
1058 4062 1259 4119 pascua
1284 4049 1523 4119 gignere,
1554 4050 1769 4121 quando
1796 4064 1937 4120 aqua

361 4130 466 4190 Nili
496 4133 674 4189 minus
700 4136 979 4196 excrescit.
1487 4144 1495 4152 ‘

428 4222 595 4278 Inter.
624 4222 750 4277 276.
775 4222 910 4291 Quid
938 4224 1040 4279 sibi
1067 4224 1201 4291 vult,
1240 4240 1271 4281 a
1308 4234 1456 4281 tanto
1480 4228 1597 4283 viro
1620 4234 1677 4282 et
1713 4226 1811 4281 tali
1841 4242 1936 4298 pa-

360 4311 600 4368 triarcha
640 4321 751 4367 tam
776 4312 1002 4368 sollicita
1028 4315 1269 4385 corporis
1290 4317 1704 4381 commendatio,
1739 4325 1799 4371 ut
1830 4333 1935 4372 non

361 4405 417 4462 in
454 4414 603 4462 terra
642 4404 860 4477 Ξκιρῑί
900 4406 1213 4477 sepeliatur,
1258 4409 1351 4463 sed
1402 4409 1456 4463 in
1502 4418 1648 4464 terra
1682 4407 1935 4464 Chanaan

357 4492 513 4569 quta
540 4504 727 4567 patres
752 4512 879 4552 suos
904 4495 1054 4568 (vers.
1082 4498 1211 4570 30)?
1236 4530 1305 4541 —
1333 4499 1486 4571 Resp.
1512 4501 1569 4557 in
1598 4502 1683 4557 his
1704 4502 1933 4575 [ﬁgurae]

365 4591 702 4641 sacramenta
732 4583 826 4640 tibi
846 4588 1132 4657 quaerenda
1158 4597 1303 4653 sunt,
1329 4598 1381 4643 et
1410 4589 1675 4665 [majoris]
1706 4593 1939 4659 admira-

2041 2067 2354 2123 hzereditate
2397 2084 2526 2133 sua;
2566 2068 2703 2141 [qui]
2734 2085 2837 2123 non
2876 2072 3141 2141 accipient
3180 2073 3469 2141 separatim
3507 2081 3617 2124 ter-

2040 2173 2177 2223 ram,
2206 2173 2306 2213 nec
2327 2157 2589 2213 funiculus
2611 2160 2883 2213 habebunt
2905 2160 3172 2229 proprios,
3197 2167 3254 2213 ut
3280 2158 3497 2227 reliqum
3517 2143 3613 2215 tri-

2038 2249 2138 2306 bus
2170 2270 2183 2304 :
2214 2251 2270 2308 In
2297 2252 2436 2308 tribu
2461 2250 2657 2305 Eﬁ'rem
2684 2249 2811 2322 [ηε.
2841 2249 3082 2321 Ell'raim]
3106 2258 3160 2303 et
3190 2249 3431 2305 Manasse
3456 2251 3611 2317 quasi

2040 2339 2361 2408 appendices
2385 2337 2563 2408 populi
2590 2337 3095 2392 commiscebuntur.

2113 2424 2277 2481 Inter.
2321 2428 2444 2482 279.
2488 2426 2597 2482 Cur
2622 2426 2787 2480 Jacob
2816 2427 2926 2479 lilio
2964 2442 3061 2480 suo
3088 2423 3307 2497 Ioseph,
3337 2425 3490 2495 quasi
3518 2441 3612 2482 nc-

2039 2517 2251 2591 s’cienti,
2280 2518 2519 2573 indicare
2543 2517 2729 2581 voluit,
2754 2517 2845 2572 ubi
2868 2524 2923 2572 et
2958 2516 3172 2587 quando
3209 2514 3477 2587 sepelierit
3497 2530 3614 2569 ma-

2037 2611 2176 2659 trem
2202 2604 2323 2675 ejus
2354 2608 2506 2678 (nera.
2537 2605 2629 2677 7)?
2652 2634 2719 2645 —-
2750 2604 2903 2674 Resp.
2933 2604 3093 2659 Forte
3128 2605 3435 2674 prophetico
3460 2618 3612 2658 corn-

2039 2711 2340 2754 memorare
2363 2696 2549 2763 voluit,
2580 2698 2650 2752 ibi
2697 2698 2957 2768 sepultam
3002 2703 3229 2751 matrem
3263 2694 3483 2766 loseph,
3521 2694 3613 2749 ubi

2038 2784 2288 2842 Christus
2312 2786 2487 2841 fuerat
2509 2788 2831 2842 nasciturus.
3410 2858 3411 2861 η

2108 2873 2273 2929 Inter.
2316 2876 2439 2931 280.
2480 2878 2610 2943 Quae
2651 2886 2739 2932 est
2779 2892 2907 2947 pars
2951 2892 3055 2930 una
3082 2889 3241 2945 quam
3279 2872 3446 2930 Iacob
3473 2874 3619 2929 dedit

2034 2962 2234 3035 Joseph
2269 2965 2379 3019 ﬁlio
2407 2981 2505 3021 suo
2537 2965 2711 3038 [extra
2742 2964 2938 3020 fratres
2962 2964 3134 3035 suos],
3160 2980 3317 3038 quam
3344 2964 3529 3019 tulisse
3553 2977 3614 3017 so

2036 3054 2104 3111 de
2142 3070 2302 3109 manu
2342 3036 2775 3111 Amorriueorum
2801 3057 2929 3111 dicit
2955 3057 3007 3111 in
3051 3056 3225 3127 gladio
3245 3036 3323 3109 ἐι
3358 3070 3487 3109 arcu
3516 3068 3615 3109 suo

2036 3145 2184 3217 (vers.
2210 3145 2337 3217 2‘2)?
2357 3176 2425 3185 ——
2448 3145 2603 3216 Resp.
2629 3144 2961 3218 Signiﬁcavit
2980 3146 3188 3209 urbem,
3212 3158 3332 3213 qum
3352 3142 3614 3198 iiebraice

2034 3236 2251 3291 Sichem
2284 3238 2499 3301 dicitur,
2546 3245 2601 3291 et
2641 3236 2933 3291 secundum
2980 3234 3221 3290 Graecam
3268 3241 3323 3288 et
3364 3232 3613 3287 Latinam

2036 3326 2443 3381 declinationem
2473 3326 2709 3381 Sicbima
2734 3327 3058 3398 appellatur;
3084 3333 3139 3380 et
3161 3333 3408 3394 corrupte
3434 3338 3465 3379 a
3490 3316 3612 3395 plu-

2034 3416 2186 3470 rimis
2214 3415 2407 3471 Sichar
2434 3417 2742 3470 nominatur
2776 3433 2789 3468 :
2822 3430 2941 3485 quae
2961 3422 3014 3469 et
3040 3413 3170 3485 (AL,
3201 3412 3279 3484 ut]
3307 3426 3449 3467 nunc
3474 3409 3613 3465 Nea-
3700 3452 3707 3457 .

2034 3505 2171 3575 polis
2193 3505 2321 3559 urbs
2351 3505 2814 3569 Samaritanorum
2851 3504 3067 3560 dicitur.
3111 3503 3325 3560 Sichem
3364 3500 3465 3576 [in]
3506 3500 3612 3559 lie-

2034 3594 2177 3648 brzea
2202 3594 2380 3665 lingua
2402 3594 2727 3649 transfertur
2752 3595 2805 3649 in
2827 3595 3109 3649 humerum
3134 3592 3267 3666 [Al.,
3283 3591 3613 3665 numerum],

2034 3684 2175 3741 unde
2204 3685 2548 3756 Septuaginta
2578 3683 2888 3757 [praecipue]
2919 3686 3251 3755 interpretati
3290 3692 3432 3741 sunt.
3461 3672 3615 3749 Quod

2035 3782 2211 3828 autem
2230 3774 2358 3828 dicit
2376 3789 2436 3829 se
2454 3789 2574 3829 eam
2601 3774 2677 3846 [11
2684 3792 2752 3837 s.,
2760 3773 2897 3846 jam]
2919 3775 2971 3829 in
2999 3790 3126 3829 arcu
3156 3782 3211 3829 et
3238 3774 3411 3845 gladio
3430 3788 3615 3845 posse-

2034 3865 2201 3927 disse,
2246 3878 2430 3918 arcum
2476 3865 2565 3919 hic
2609 3873 2665 3919 et
2708 3866 2941 3935 gladium
2979 3866 3243 3935 justitiam
3291 3874 3467 3929 vocat,
3516 3880 3614 3935 per

2036 3967 2197 4023 quam
2232 3952 2447 4016 meruit,
2490 3954 2805 4023 peregrinus
2843 3960 2899 4009 et
2940 3954 3166 4016 advena,
3212 3952 3494 4008 interiecto
3529 3954 3615 4007 Si-

2036 4044 2189 4097 chem
2217 4050 2272 4096 et
2299 4042 2482 4106 Emor,
2524 4042 2591 4097 de
2621 4043 2859 4113 periculo
2894 4043 3130 4098 liberari.
3164 4043 3363 4098 Timuit
3399 4040 3612 4117 [enim],

2035 4132 2178 4201 quod
2211 4147 2373 4201 supra
2402 4132 2650 4201 legimus,
2680 4148 2750 4187 ne
2776 4133 2952 4187 vicina
2980 4133 3171 4202 oppida
3201 4142 3363 4205 atque
3391 4133 3614 4189 castella

2035 4222 2105 4275 sb
2130 4222 2463 4276 eversionem
2490 4220 2764 4276 hederate
2787 4222 2935 4277 urbis
2974 4224 3258 4279 adversum
3296 4236 3357 4279 se
3391 4238 3617 4280 consur-

2037 4317 2241 4380 gerent,
2262 4318 2325 4365 .et
2366 4308 2619 4365 Dominus
2662 4325 2767 4364 non
2814 4310 2963 4366 dedit
2999 4312 3078 4367 eis
3120 4319 3178 4365 ut
3217 4319 3478 4367 nocerent
3518 4311 3612 4366 illi.

2041 4400 2160 4473 [Vel
2200 4410 2347 4457 certe
2382 4401 2461 4456 sic
2504 4399 2902 4472 intelligendum
2935 4419 2948 4453 :
2987 4400 3127 4455 dabo
3167 4400 3260 4454 tibi
3296 4399 3613 4464 Sicbimnm,

2038 4508 2198 4563 quam
2227 4494 2280 4547 in
2310 4491 2624 4548 fortitudine
2647 4505 2789 4556 mea,
2822 4490 2926 4545 hoc
2947 4498 3053 4556 est,
3079 4491 3135 4547 in
3168 4492 3420 4561 pecunia,
3452 4505 3615 4561 quam

2039 4576 2207 4638 multo
2249 4581 2434 4636 labore
2478 4589 2535 4636 et
2580 4581 2779 4637 sudore
2820 4581 3060 4652 qumsivi.
3092 4581 3243 4650 Quod
3276 4580 3453 4637 autem
3492 4582 3569 4637 ait
3600 4600 3612 4634 :

362 4676 529 4732 tionis
548 4676 802 4748 gaudium
824 4643 1081 4733 invenies.
1104 4643 1676 4753 annumin—ip};
1968 4643 2018 4705 Β
2041 4690 2111 4744 ευ]

1968 4643 2018 4705 D
2041 4688 2199 4745 super
2217 4672 2411 4728 fratres
2435 4680 2577 4736 tuos,
2598 4643 2855 4737 ostendit,
2879 4670 3081 4742 absque
3101 4643 3247 4727 ;orte
3265 4685 3384 4726 eam
3406 4670 3615 4725 dedisse

363 4781 485 4823 rum
512 4775 734 4839 peccata
756 4768 1045 4838 signiﬁcari
1072 4771 1126 4825 in
1154 4770 1268 4843 lege
1292 4784 1398 4825 non
1426 4780 1511 4826 est
1533 4772 1769 4827 dubium.
1790 4766 1942 4829 Hinc
1974 4820 1979 4829 .

364 4856 453 4912 illa
470 4857 745 4912 sententia
770 4858 926 4913 ducta
949 4857 1101 4931 [ιιι.
1126 4854 1289 4933 dicta]
1317 4869 1400 4916 est
1425 4880 1437 4915 :
1463 4861 1564 4927 Qui
1586 4862 1881 4934 baptizatur
1908 4882 1942 4935 a

365 4956 593 5012 mortuo,
605 4956 653 5002 et
676 4948 860 5001 iterum
873 4948 1035 5020 tangit
1049 4950 1220 5015 illum,
1232 4952 1358 5025 quid
1375 4954 1579 5023 proﬁcit
1590 4953 1778 5009 lavatio
1788 4956 1903 5033 ejus
1918 4956 1944 5011 3’

366 5038 440 5094 sic
469 5046 520 5093 et
536 5038 625 5109 qui
640 5037 847 5110 jejunat
869 5055 1023 5111 super
1037 5050 1246 5111 peccata
1263 5058 1361 5096 sua
1384 5053 1430 5096 et
1450 5046 1643 5103 iterum
1669 5046 1941 5103 ambulans

370 5126 482 5185 hcc
500 5129 682 5187 eadem
699 5128 847 5201 facit,
864 5138 967 5186 etc.
994 5127 1189 5202 (Eccle.
1216 5146 1403 5197 xxnv,
1417 5132 1504 5195 30,
1528 5132 1638 5205 3i).
1660 5134 1941 5205 Scpultura

370 5229 501 5290 ergo
522 5227 855 5279 mortuorum
892 5210 1261 5291 remissionem
1294 5222 1558 5297 signiﬁcat
1579 5210 1937 5295 peccatorum.

368 5304 448 5366 Eo
457 5308 690 5380 pertinet
699 5311 840 5381 quod
859 5312 1057 5370 dictum
1069 5320 1153 5368 est
1165 5332 1178 5366 :
1198 5312 1341 5368 Beati
1350 5330 1568 5385 quorum
1583 5316 1807 5371 remissa
1822 5326 1943 5371 sunt

693 5410 741 5458 et
757 5414 1119 5473 quamneu
1133 5415 1255 5462 sunt
1277 5418 1484 5487 peccata
1502 5406 1675 5481 (l'sal.
1701 5392 1850 5475 tm,
1865 5410 1940 5481 1).

368 5495 467 5555 Ubi
491 5510 623 5572 ergo
641 5496 950 5570 sepelienda
970 5505 1128 5557 erant
1146 5498 1272 5574 hac.
1298 5501 1653 5574 signiﬁcantia
1679 5504 1943 5575 cadavera

371 5584 821 5660 patriarcharum.
846 5578 948 5645 nisi
975 5588 1031 5649 in
1055 5600 1132 5647 ea’
1147 5598 1291 5648 terra
1317 5591 1408 5647 ubi
1436 5591 1524 5648 ille
1550 5592 1838 5652 cruciﬁxus
1863 5603 1947 5651 est

373 5672 522 5747 cuius
544 5675 807 5745 sangaune
828 5674 970 5732 facta
996 5684 1080 5742 est
1104 5680 1349 5737 remissio
1372 5688 1731 5753 peccatorum.

444 5766 608 5823 Inter.
635 5762 763 5821 377.
784 5762 925 5833 Quid
938 5768 1027 5825 est
1044 5765 1187 5839 quod
1202 5766 1371 5828 Iacob
1386 5783 1678 5826 conversus
1693 5769 1760 5825 ad
1785 5779 1948 5843 caput

374 5850 547 5910 lectuli
574 5852 859 5917 saturavit
881 5853 1163 5912 Dominum
1187 5854 1339 5927 (Gen.
1364 5874 1532 5924 XLVII,
1554 5856 1763 5933 τήν-
1786 5860 1941 5933 Resp.

2041 4765 2199 4821 tribui
2228 4762 2445 4836 Joseph,
2472 4772 2526 4819 et
2559 4763 2890 4833 mausoleum
2926 4760 3047 4831 ejus
3078 4762 3151 4819 ibi
3194 4762 3460 4832 hodieque
3496 4777 3615 4817 cer-

2040 4851 2232 4930 nilum]

2033 5008 2042 5013 -
2147 4986 2235 5043 ne
2264 4981 2866 5043 neuromnomsus
2900 4936 3506 5041 permissanon.

2114 5135 2277 5203 later.
2314 5135 2439 5192 251.
2479 5134 2619 5205 Quid
2648 5135 3050 5209 intelligendum
3073 5144 3161 5199 est
3191 5136 3259 5191 de
3281 5133 3611 5192 benedictio-

2030 5226 2201 5302 .nibus
2229 5225 2421 5298 quibus
2448 5224 2614 5293 Jacoh
2632 5227 2940 5299 patriarcha
2976 5226 3248 5283 benedixit
3273 5225 3410 5291 ﬁlios
3440 5244 3566 5285 suos
3600 5249 3609 5281 :

2036 5330 2113 5371 an
2138 5315 2396 5373 historice
2422 5315 2505 5370 vel
2532 5313 2814 5385 allegorice
2836 5308 3189 5389 intelligenda:
3214 5325 3361 5385 sunt.
3381 5306 3505 5375 dum
3530 5308 3615 5383 di-

2042 5411 2123 5464 ait
2151 5423 2165 5460 :
2196 5404 2591 5477 Congreganu'ni
2611 5404 2713 5475 ﬁlii
2746 5404 2910 5462 Jacob
2932 5396 3163 5479 [αιιάὶει.
3189 5389 3390 5481 Israel,
3412 5392 3612 5483 ράέςηι

2043 5495 2311 5569 uestrum],
2334 5505 2391 5550 ut
2416 5494 2717 5557 annumietn
2741 5494 2880 5551 vobis
2902 5512 3020 5567 qua
3049 5505 3261 5555 ventura
3291 5493 3409 5552 sunt
3432 5488 3486 5550 in
3514 5513 3613 5553 no-

2044 5588 2263 5651 cissimis
2298 5586 2479 5641 diebus
2505 5580 2827 5658 (Cessatis,
2858 5587 2910 5659 1)
2930 5604 2944 5653 ;
2965 5598 3022 5644 et
3044 5589 3341 5645 videtures
3374 5588 3459 5643 his
3492 5603 3617 5651 ur-

2042 5678 2127 5735 bis
2168 5677 2341 5749 magis
2384 5677 2691 5749 allegoriam
2736 5693 2930 5736 sonare
2976 5694 3139 5750 quam
3180 5677 3501 5736 historiam?
3543 5709 3617 5723 ~—

2046 5769 2200 5840 Resp.
2231 5768 2530 5842 Utrumque
2564 5768 2737 5845 [vero]
2782 5778 2841 5827 et
2870 5772 3148 5827 historiam
3184 5779 3241 5826 ct
3280 5771 3610 5846 allegoriam.

2047 5860 2356 5925 Historiam,
2384 5859 2449 5915 de
2478 5856 2737 5933 divisione
2764 5870 2922 5916 terrm
2948 5862 3343 5933 promissionis,
3362 5876 3483 5934 qua:
3510 5860 3616 5935 [di-
