  <div class='ocr_page' id='page_1' title='image "/cluster/home/n/w/nwhite01/storage/ocr_20150623/99-100/uc1.31175006946845/927.png"; bbox 0 0 4428 6438; ppageno 0'>
   <div class='ocr_carea' id='block_1_1' title="bbox 866 500 971 571">
    <p class='ocr_par' dir='ltr' id='par_1_1' title="bbox 866 500 971 571">
     <span class='ocr_line' id='line_1_1' title="bbox 866 500 971 571; baseline 0 -15"><span class='ocrx_word' id='word_1_1' title='bbox 866 500 971 571; x_wconf 64' lang='grc' dir='ltr'><strong>επεν</strong></span> 
     </span>
    </p>
   </div>
   <div class='ocr_carea' id='block_1_2' title="bbox 1648 493 3193 557">
    <p class='ocr_par' dir='ltr' id='par_1_2' title="bbox 1648 493 3193 557">
     <span class='ocr_line' id='line_1_2' title="bbox 1648 493 3193 557; baseline 0.003 -4"><span class='ocrx_word' id='word_1_2' title='bbox 1648 498 1709 553; x_wconf 82' lang='grc' dir='ltr'><strong>Β.</strong></span> <span class='ocrx_word' id='word_1_3' title='bbox 1740 494 1811 553; x_wconf 75' lang='lat' dir='ltr'><strong>F.</strong></span> <span class='ocrx_word' id='word_1_4' title='bbox 1852 497 2076 554; x_wconf 72' lang='lat' dir='ltr'><strong>ALBINI</strong></span> <span class='ocrx_word' id='word_1_5' title='bbox 2116 496 2243 555; x_wconf 83' lang='lat' dir='ltr'><strong>SEU</strong></span> <span class='ocrx_word' id='word_1_6' title='bbox 2286 496 2556 552; x_wconf 75' lang='lat' dir='ltr'><strong>ALCUINI</strong></span> <span class='ocrx_word' id='word_1_7' title='bbox 2594 493 2876 555; x_wconf 72' lang='lat' dir='ltr'><strong>Oi’ERl&#39;M</strong></span> <span class='ocrx_word' id='word_1_8' title='bbox 2916 499 3092 556; x_wconf 72' lang='lat' dir='ltr'><strong>PARS</strong></span> <span class='ocrx_word' id='word_1_9' title='bbox 3132 502 3193 557; x_wconf 86' lang='lat' dir='ltr'><strong>lL</strong></span> 
     </span>
    </p>
   </div>
   <div class='ocr_carea' id='block_1_3' title="bbox 4007 506 4104 563">
    <p class='ocr_par' dir='ltr' id='par_1_3' title="bbox 4007 506 4104 563">
     <span class='ocr_line' id='line_1_3' title="bbox 4007 506 4104 563; baseline 0 0"><span class='ocrx_word' id='word_1_10' title='bbox 4007 506 4104 563; x_wconf 79' lang='lat'><strong>560</strong></span> 
     </span>
    </p>
   </div>
   <div class='ocr_carea' id='block_1_4' title="bbox 864 588 4102 689">
    <p class='ocr_par' dir='ltr' id='par_1_4' title="bbox 864 588 4102 689">
     <span class='ocr_line' id='line_1_4' title="bbox 864 588 4102 689; baseline 0.001 -21"><span class='ocrx_word' id='word_1_11' title='bbox 864 612 1119 684; x_wconf 58' lang='lat' dir='ltr'><strong>risiones]</strong></span> <span class='ocrx_word' id='word_1_12' title='bbox 1168 611 1460 668; x_wconf 70' lang='lat' dir='ltr'><strong>dividendae</strong></span> <span class='ocrx_word' id='word_1_13' title='bbox 1504 619 1659 663; x_wconf 85' lang='lat' dir='ltr'><strong>erant</strong></span> <span class='ocrx_word' id='word_1_14' title='bbox 1704 610 1984 679; x_wconf 73' lang='lat' dir='ltr'><strong>nepotibus</strong></span> <span class='ocrx_word' id='word_1_15' title='bbox 2033 609 2263 663; x_wconf 88' lang='lat' dir='ltr'><strong>illorum.</strong></span> <span class='ocrx_word' id='word_1_16' title='bbox 2301 606 2431 661; x_wconf 90' lang='lat' dir='ltr'><strong>ltcm</strong></span> <span class='ocrx_word' id='word_1_17' title='bbox 2461 608 2510 668; x_wconf 74' lang='grc' dir='ltr'>Α</span> <span class='ocrx_word' id='word_1_18' title='bbox 2537 605 2722 671; x_wconf 88' lang='lat' dir='ltr'><strong>altum,</strong></span> <span class='ocrx_word' id='word_1_19' title='bbox 2749 618 2804 662; x_wconf 88' lang='lat' dir='ltr'><strong>et</strong></span> <span class='ocrx_word' id='word_1_20' title='bbox 2845 588 3124 679; x_wconf 25' lang='lat' dir='ltr'><strong>captivam.</strong></span> <span class='ocrx_word' id='word_1_21' title='bbox 3155 610 3370 667; x_wconf 74' lang='lat' dir='ltr'><strong>duxisse</strong></span> <span class='ocrx_word' id='word_1_22' title='bbox 3396 613 3760 689; x_wconf 81' lang='lat' dir='ltr'><strong>captivitatem</strong></span> <span class='ocrx_word' id='word_1_23' title='bbox 3789 604 3999 685; x_wconf 77' lang='lat' dir='ltr'><strong>(Epltes.</strong></span> <span class='ocrx_word' id='word_1_24' title='bbox 4031 633 4102 683; x_wconf 82' lang='lat' dir='ltr'><strong>tv,</strong></span> 
     </span>
    </p>
   </div>
   <div class='ocr_carea' id='block_1_5' title="bbox 861 696 2435 775">
    <p class='ocr_par' dir='ltr' id='par_1_5' title="bbox 861 696 2435 775">
     <span class='ocr_line' id='line_1_5' title="bbox 861 696 2435 775; baseline -0.006 -14"><span class='ocrx_word' id='word_1_25' title='bbox 861 703 1193 775; x_wconf 84' lang='lat' dir='ltr'><strong>allegoriam,</strong></span> <span class='ocrx_word' id='word_1_26' title='bbox 1221 701 1286 757; x_wconf 91' lang='lat' dir='ltr'><strong>de</strong></span> <span class='ocrx_word' id='word_1_27' title='bbox 1312 700 1528 755; x_wconf 84' lang='lat' dir='ltr'><strong>Christo</strong></span> <span class='ocrx_word' id='word_1_28' title='bbox 1555 709 1610 753; x_wconf 82' lang='lat' dir='ltr'><strong>et</strong></span> <span class='ocrx_word' id='word_1_29' title='bbox 1632 700 1867 755; x_wconf 77' lang='lat' dir='ltr'><strong>Ecclesia</strong></span> <span class='ocrx_word' id='word_1_30' title='bbox 1895 701 1955 755; x_wconf 88' lang='lat' dir='ltr'><strong>in</strong></span> <span class='ocrx_word' id='word_1_31' title='bbox 1976 700 2278 754; x_wconf 77' lang='lat' dir='ltr'><strong>novissimis</strong></span> <span class='ocrx_word' id='word_1_32' title='bbox 2308 696 2435 767; x_wconf 90' lang='lat' dir='ltr'><strong>quid</strong></span> 
     </span>
    </p>
   </div>
   <div class='ocr_carea' id='block_1_6' title="bbox 863 784 2436 864">
    <p class='ocr_par' dir='ltr' id='par_1_6' title="bbox 863 784 2436 864">
     <span class='ocr_line' id='line_1_6' title="bbox 863 784 2436 864; baseline -0.006 -14"><span class='ocrx_word' id='word_1_33' title='bbox 863 784 1102 850; x_wconf 79' lang='lat' dir='ltr'><strong>fututum</strong></span> <span class='ocrx_word' id='word_1_34' title='bbox 1126 791 1280 864; x_wconf 61' lang='grc' dir='ltr'><strong>[Δίκη</strong></span> <span class='ocrx_word' id='word_1_35' title='bbox 1311 789 1566 861; x_wconf 76' lang='lat' dir='ltr'><strong>futuram]</strong></span> <span class='ocrx_word' id='word_1_36' title='bbox 1594 790 1941 859; x_wconf 83' lang='lat' dir='ltr'><strong>temporibus.</strong></span> <span class='ocrx_word' id='word_1_37' title='bbox 1967 789 2070 845; x_wconf 90' lang='lat' dir='ltr'><strong>Sed</strong></span> <span class='ocrx_word' id='word_1_38' title='bbox 2098 790 2247 859; x_wconf 90' lang='lat' dir='ltr'><strong>prius</strong></span> <span class='ocrx_word' id='word_1_39' title='bbox 2268 788 2436 842; x_wconf 83' lang='lat' dir='ltr'><strong>histo-</strong></span> 
     </span>
    </p>
   </div>
   <div class='ocr_carea' id='block_1_7' title="bbox 863 879 2436 953">
    <p class='ocr_par' dir='ltr' id='par_1_7' title="bbox 863 879 2436 953">
     <span class='ocr_line' id='line_1_7' title="bbox 863 879 2436 953; baseline -0.005 -12"><span class='ocrx_word' id='word_1_40' title='bbox 863 888 958 942; x_wconf 73' lang='lat' dir='ltr'><strong>ria:</strong></span> <span class='ocrx_word' id='word_1_41' title='bbox 999 884 1346 940; x_wconf 78' lang='lat' dir='ltr'><strong>fundamenta</strong></span> <span class='ocrx_word' id='word_1_42' title='bbox 1380 884 1622 953; x_wconf 87' lang='lat' dir='ltr'><strong>ponenda</strong></span> <span class='ocrx_word' id='word_1_43' title='bbox 1666 889 1810 945; x_wconf 83' lang='lat' dir='ltr'><strong>sunt,</strong></span> <span class='ocrx_word' id='word_1_44' title='bbox 1854 890 1915 935; x_wconf 94' lang='lat' dir='ltr'><strong>ut</strong></span> <span class='ocrx_word' id='word_1_45' title='bbox 1958 884 2132 952; x_wconf 83' lang='lat' dir='ltr'><strong>aptius</strong></span> <span class='ocrx_word' id='word_1_46' title='bbox 2173 879 2436 951; x_wconf 64' lang='lat' dir='ltr'><strong>allegoriae</strong></span> 
     </span>
    </p>
   </div>
   <div class='ocr_carea' id='block_1_8' title="bbox 862 969 2281 1048">
    <p class='ocr_par' dir='ltr' id='par_1_8' title="bbox 862 969 2281 1048">
     <span class='ocr_line' id='line_1_8' title="bbox 862 969 2281 1048; baseline -0.008 -15"><span class='ocrx_word' id='word_1_47' title='bbox 862 978 1073 1033; x_wconf 85' lang='lat' dir='ltr'><strong>culmen</strong></span> <span class='ocrx_word' id='word_1_48' title='bbox 1095 977 1263 1048; x_wconf 83' lang='lat' dir='ltr'><strong>priori</strong></span> <span class='ocrx_word' id='word_1_49' title='bbox 1286 984 1565 1030; x_wconf 70' lang='lat' dir='ltr'><strong>structurae</strong></span> <span class='ocrx_word' id='word_1_50' title='bbox 1590 981 2001 1043; x_wconf 78' lang='lat' dir='ltr'><strong>superponatur.</strong></span> <span class='ocrx_word' id='word_1_51' title='bbox 2264 969 2281 981; x_wconf 85' lang='lat'>&#39;</span> 
     </span>
    </p>
   </div>
   <div class='ocr_carea' id='block_1_9' title="bbox 935 1064 2437 1138">
    <p class='ocr_par' dir='ltr' id='par_1_9' title="bbox 935 1064 2437 1138">
     <span class='ocr_line' id='line_1_9' title="bbox 935 1064 2437 1138; baseline -0.003 -17"><span class='ocrx_word' id='word_1_52' title='bbox 935 1067 1119 1121; x_wconf 82' lang='lat' dir='ltr'><strong>Ruben</strong></span> <span class='ocrx_word' id='word_1_53' title='bbox 1152 1068 1528 1138; x_wconf 84' lang='lat' dir='ltr'><strong>primogenitus</strong></span> <span class='ocrx_word' id='word_1_54' title='bbox 1560 1080 1721 1128; x_wconf 88' lang='lat' dir='ltr'><strong>meus,</strong></span> <span class='ocrx_word' id='word_1_55' title='bbox 1753 1076 1807 1117; x_wconf 91' lang='lat' dir='ltr'><strong>tu</strong></span> <span class='ocrx_word' id='word_1_56' title='bbox 1849 1064 2102 1133; x_wconf 78' lang='lat' dir='ltr'><strong>fortitudo</strong></span> <span class='ocrx_word' id='word_1_57' title='bbox 2129 1080 2264 1129; x_wconf 86' lang='lat' dir='ltr'><strong>mea,</strong></span> <span class='ocrx_word' id='word_1_58' title='bbox 2292 1064 2437 1134; x_wconf 80' lang='lat' dir='ltr'><strong>prin-</strong></span> 
     </span>
    </p>
   </div>
   <div class='ocr_carea' id='block_1_10' title="bbox 860 1138 2432 1231">
    <p class='ocr_par' dir='ltr' id='par_1_10' title="bbox 860 1138 2432 1231">
     <span class='ocr_line' id='line_1_10' title="bbox 860 1138 2432 1231; baseline -0.005 -16"><span class='ocrx_word' id='word_1_59' title='bbox 860 1138 1053 1231; x_wconf 79' lang='lat' dir='ltr'><strong>cipiunt</strong></span> <span class='ocrx_word' id='word_1_60' title='bbox 1092 1159 1287 1213; x_wconf 74' lang='lat' dir='ltr'><strong>doloris</strong></span> <span class='ocrx_word' id='word_1_61' title='bbox 1323 1159 1446 1223; x_wconf 84' lang='lat' dir='ltr'><strong>mei,</strong></span> <span class='ocrx_word' id='word_1_62' title='bbox 1485 1158 1627 1228; x_wconf 86' lang='lat' dir='ltr'><strong>prior</strong></span> <span class='ocrx_word' id='word_1_63' title='bbox 1670 1159 1726 1210; x_wconf 89' lang='lat' dir='ltr'><strong>in</strong></span> <span class='ocrx_word' id='word_1_64' title='bbox 1763 1157 1913 1209; x_wconf 82' lang='lat' dir='ltr'><strong>donis</strong></span> <span class='ocrx_word' id='word_1_65' title='bbox 1949 1154 2140 1227; x_wconf 84' lang='lat' dir='ltr'><strong>[major</strong></span> <span class='ocrx_word' id='word_1_66' title='bbox 2173 1144 2432 1225; x_wconf 78' lang='lat' dir='ltr'><strong>imperio],</strong></span> 
     </span>
    </p>
   </div>
   <div class='ocr_carea' id='block_1_11' title="bbox 858 1244 2436 1321">
    <p class='ocr_par' dir='ltr' id='par_1_11' title="bbox 858 1244 2436 1321">
     <span class='ocr_line' id='line_1_11' title="bbox 858 1244 2436 1321; baseline -0.005 -15"><span class='ocrx_word' id='word_1_67' title='bbox 858 1253 1060 1321; x_wconf 61' lang='lat' dir='ltr'><strong>elusus</strong></span> <span class='ocrx_word' id='word_1_68' title='bbox 1086 1268 1138 1305; x_wconf 91' lang='lat' dir='ltr'><strong>es</strong></span> <span class='ocrx_word' id='word_1_69' title='bbox 1164 1251 1295 1303; x_wconf 92' lang='lat' dir='ltr'><strong>sicut</strong></span> <span class='ocrx_word' id='word_1_70' title='bbox 1320 1265 1479 1321; x_wconf 88' lang='lat' dir='ltr'><strong>aqua,</strong></span> <span class='ocrx_word' id='word_1_71' title='bbox 1522 1264 1625 1301; x_wconf 87' lang='lat' dir='ltr'><strong>non</strong></span> <span class='ocrx_word' id='word_1_72' title='bbox 1659 1264 1857 1301; x_wconf 90' lang='lat' dir='ltr'><strong>crescas</strong></span> <span class='ocrx_word' id='word_1_73' title='bbox 1896 1262 1914 1299; x_wconf 93' lang='lat'><strong><em>:</em></strong></span> <span class='ocrx_word' id='word_1_74' title='bbox 1954 1244 2123 1318; x_wconf 87' lang='lat' dir='ltr'><strong>[quia]</strong></span> <span class='ocrx_word' id='word_1_75' title='bbox 2162 1245 2436 1299; x_wconf 84' lang='lat' dir='ltr'><strong>ascendisti</strong></span> 
     </span>
    </p>
   </div>
   <div class='ocr_carea' id='block_1_12' title="bbox 860 1334 2432 1412">
    <p class='ocr_par' dir='ltr' id='par_1_12' title="bbox 860 1334 2432 1412">
     <span class='ocr_line' id='line_1_12' title="bbox 860 1334 2432 1412; baseline -0.004 -16"><span class='ocrx_word' id='word_1_76' title='bbox 860 1341 1030 1397; x_wconf 76' lang='lat' dir='ltr'><strong>cubile</strong></span> <span class='ocrx_word' id='word_1_77' title='bbox 1050 1342 1216 1412; x_wconf 74' lang='lat' dir='ltr'><strong>patris</strong></span> <span class='ocrx_word' id='word_1_78' title='bbox 1236 1340 1336 1406; x_wconf 88' lang='lat' dir='ltr'><strong>tui,</strong></span> <span class='ocrx_word' id='word_1_79' title='bbox 1357 1349 1403 1393; x_wconf 89' lang='lat' dir='ltr'><strong>et</strong></span> <span class='ocrx_word' id='word_1_80' title='bbox 1441 1337 1716 1392; x_wconf 84' lang='lat' dir='ltr'><strong>maculasti</strong></span> <span class='ocrx_word' id='word_1_81' title='bbox 1742 1346 1960 1391; x_wconf 85' lang='lat' dir='ltr'><strong>stratum</strong></span> <span class='ocrx_word' id='word_1_82' title='bbox 1982 1338 2093 1407; x_wconf 74' lang='lat' dir='ltr'><strong>ejus</strong></span> <span class='ocrx_word' id='word_1_83' title='bbox 2111 1336 2263 1408; x_wconf 85' lang='lat' dir='ltr'><strong>(vers.</strong></span> <span class='ocrx_word' id='word_1_84' title='bbox 2280 1337 2334 1400; x_wconf 76' lang='lat'><strong>3,</strong></span> <span class='ocrx_word' id='word_1_85' title='bbox 2356 1334 2432 1406; x_wconf 70' lang='grc'><strong>4).</strong></span> 
     </span>
    </p>
   </div>
   <div class='ocr_carea' id='block_1_13' title="bbox 864 1428 2433 1498">
    <p class='ocr_par' dir='ltr' id='par_1_13' title="bbox 864 1428 2433 1498">
     <span class='ocr_line' id='line_1_13' title="bbox 864 1428 2433 1498; baseline -0.006 -10"><span class='ocrx_word' id='word_1_86' title='bbox 864 1446 891 1474; x_wconf 82' lang='grc' dir='ltr'>ι</span> <span class='ocrx_word' id='word_1_87' title='bbox 913 1430 1021 1487; x_wconf 82' lang='lat' dir='ltr'><strong>&#39;Est</strong></span> <span class='ocrx_word' id='word_1_88' title='bbox 1045 1440 1222 1488; x_wconf 82' lang='lat' dir='ltr'><strong>autem</strong></span> <span class='ocrx_word' id='word_1_89' title='bbox 1250 1432 1338 1485; x_wconf 91' lang='lat' dir='ltr'><strong>hic</strong></span> <span class='ocrx_word' id='word_1_90' title='bbox 1364 1444 1556 1485; x_wconf 88' lang='lat' dir='ltr'><strong>sensus</strong></span> <span class='ocrx_word' id='word_1_91' title='bbox 1596 1446 1610 1482; x_wconf 91' lang='lat'>:</span> <span class='ocrx_word' id='word_1_92' title='bbox 1650 1437 1707 1483; x_wconf 92' lang='lat' dir='ltr'><strong>tu</strong></span> <span class='ocrx_word' id='word_1_93' title='bbox 1744 1443 1804 1483; x_wconf 88' lang='lat' dir='ltr'><strong>es</strong></span> <span class='ocrx_word' id='word_1_94' title='bbox 1828 1428 2224 1498; x_wconf 76' lang='lat' dir='ltr'><strong>&#39;primogenitus</strong></span> <span class='ocrx_word' id='word_1_95' title='bbox 2259 1440 2433 1491; x_wconf 89' lang='lat' dir='ltr'><strong>meus,</strong></span> 
     </span>
    </p>
   </div>
   <div class='ocr_carea' id='block_1_14' title="bbox 861 1517 2435 1593">
    <p class='ocr_par' dir='ltr' id='par_1_14' title="bbox 861 1517 2435 1593">
     <span class='ocr_line' id='line_1_14' title="bbox 861 1517 2435 1593; baseline -0.004 -16"><span class='ocrx_word' id='word_1_96' title='bbox 861 1522 1035 1593; x_wconf 85' lang='lat' dir='ltr'><strong>major</strong></span> <span class='ocrx_word' id='word_1_97' title='bbox 1052 1518 1126 1577; x_wconf 80' lang='lat' dir='ltr'><strong>&#39;in&#39;</strong></span> <span class='ocrx_word' id='word_1_98' title='bbox 1138 1522 1309 1586; x_wconf 90' lang='lat' dir='ltr'><strong>libris,</strong></span> <span class='ocrx_word' id='word_1_99' title='bbox 1340 1528 1397 1575; x_wconf 89' lang='lat' dir='ltr'><strong>et</strong></span> <span class='ocrx_word' id='word_1_100' title='bbox 1418 1520 1670 1584; x_wconf 85' lang='lat' dir='ltr'><strong>debebas,</strong></span> <span class='ocrx_word' id='word_1_101' title='bbox 1691 1517 1844 1587; x_wconf 80' lang='lat' dir='ltr'><strong>juxta</strong></span> <span class='ocrx_word' id='word_1_102' title='bbox 1871 1519 2114 1573; x_wconf 86' lang='lat' dir='ltr'><strong>ordinem</strong></span> <span class='ocrx_word' id='word_1_103' title='bbox 2141 1518 2435 1572; x_wconf 80' lang='lat' dir='ltr'><strong>nativitatis</strong></span> 
     </span>
    </p>
   </div>
   <div class='ocr_carea' id='block_1_15' title="bbox 864 1610 2433 1683">
    <p class='ocr_par' dir='ltr' id='par_1_15' title="bbox 864 1610 2433 1683">
     <span class='ocr_line' id='line_1_15' title="bbox 864 1610 2433 1683; baseline -0.001 -15"><span class='ocrx_word' id='word_1_104' title='bbox 864 1624 988 1681; x_wconf 68' lang='lat' dir='ltr'><strong>tuae,</strong></span> <span class='ocrx_word' id='word_1_105' title='bbox 1012 1614 1399 1678; x_wconf 63' lang='lat' dir='ltr'><strong>hereditatem,</strong></span> <span class='ocrx_word' id='word_1_106' title='bbox 1428 1627 1547 1682; x_wconf 66' lang='lat' dir='ltr'><strong>quae</strong></span> <span class='ocrx_word' id='word_1_107' title='bbox 1579 1612 1948 1683; x_wconf 88' lang='lat' dir='ltr'><strong>primogenitis</strong></span> <span class='ocrx_word' id='word_1_108' title='bbox 1962 1610 2086 1681; x_wconf 89' lang='lat' dir='ltr'><strong>jure</strong></span> <span class='ocrx_word' id='word_1_109' title='bbox 2118 1611 2433 1679; x_wconf 85' lang='lat' dir='ltr'><strong>debebatur,</strong></span> 
     </span>
    </p>
   </div>
   <div class='ocr_carea' id='block_1_16' title="bbox 861 1702 2437 1777">
    <p class='ocr_par' dir='ltr' id='par_1_16' title="bbox 861 1702 2437 1777">
     <span class='ocr_line' id='line_1_16' title="bbox 861 1702 2437 1777; baseline 0 -19"><span class='ocrx_word' id='word_1_110' title='bbox 861 1703 1082 1768; x_wconf 83' lang='lat' dir='ltr'><strong>habere,</strong></span> <span class='ocrx_word' id='word_1_111' title='bbox 1113 1718 1304 1773; x_wconf 86' lang='lat' dir='ltr'><strong>nempe</strong></span> <span class='ocrx_word' id='word_1_112' title='bbox 1331 1702 1690 1757; x_wconf 87' lang='lat' dir='ltr'><strong>sacerdotium</strong></span> <span class='ocrx_word' id='word_1_113' title='bbox 1719 1703 1961 1772; x_wconf 89' lang='lat' dir='ltr'><strong>accipere</strong></span> <span class='ocrx_word' id='word_1_114' title='bbox 1984 1710 2038 1757; x_wconf 93' lang='lat' dir='ltr'><strong>et</strong></span> <span class='ocrx_word' id='word_1_115' title='bbox 2058 1718 2278 1773; x_wconf 90' lang='lat' dir='ltr'><strong>regnum</strong></span> <span class='ocrx_word' id='word_1_116' title='bbox 2310 1702 2437 1777; x_wconf 88' lang='lat' dir='ltr'><strong>[hoc</strong></span> 
     </span>
    </p>
   </div>
   <div class='ocr_carea' id='block_1_17' title="bbox 861 1790 2434 1867">
    <p class='ocr_par' dir='ltr' id='par_1_17' title="bbox 861 1790 2434 1867">
     <span class='ocr_line' id='line_1_17' title="bbox 861 1790 2434 1867; baseline 0.003 -20"><span class='ocrx_word' id='word_1_117' title='bbox 861 1794 1057 1865; x_wconf 83' lang='lat' dir='ltr'><strong>quippe</strong></span> <span class='ocrx_word' id='word_1_118' title='bbox 1084 1794 1137 1847; x_wconf 90' lang='lat' dir='ltr'><strong>in</strong></span> <span class='ocrx_word' id='word_1_119' title='bbox 1162 1793 1427 1865; x_wconf 82' lang='lat' dir='ltr'><strong>portando</strong></span> <span class='ocrx_word' id='word_1_120' title='bbox 1452 1806 1617 1848; x_wconf 91' lang='lat' dir='ltr'><strong>onere</strong></span> <span class='ocrx_word' id='word_1_121' title='bbox 1648 1790 1781 1865; x_wconf 80' lang='lat' dir='ltr'><strong>[Al.,</strong></span> <span class='ocrx_word' id='word_1_122' title='bbox 1808 1792 2031 1867; x_wconf 92' lang='lat' dir='ltr'><strong>honore]</strong></span> <span class='ocrx_word' id='word_1_123' title='bbox 2062 1804 2117 1849; x_wconf 90' lang='lat' dir='ltr'><strong>et</strong></span> <span class='ocrx_word' id='word_1_124' title='bbox 2146 1795 2434 1865; x_wconf 72' lang='lat' dir='ltr'><strong>praevalida</strong></span> 
     </span>
    </p>
   </div>
   <div class='ocr_carea' id='block_1_18' title="bbox 858 1881 2432 1955">
    <p class='ocr_par' dir='ltr' id='par_1_18' title="bbox 858 1881 2432 1955">
     <span class='ocr_line' id='line_1_18' title="bbox 858 1881 2432 1955; baseline 0 -16"><span class='ocrx_word' id='word_1_125' title='bbox 858 1884 1055 1939; x_wconf 82' lang='lat' dir='ltr'><strong>robore</strong></span> <span class='ocrx_word' id='word_1_126' title='bbox 1079 1881 1520 1954; x_wconf 82' lang='lat' dir='ltr'><strong>demonstratur].</strong></span> <span class='ocrx_word' id='word_1_127' title='bbox 1550 1883 1749 1938; x_wconf 62' lang='lat' dir='ltr'><strong>Verum</strong></span> <span class='ocrx_word' id='word_1_128' title='bbox 1774 1884 1916 1953; x_wconf 80' lang='lat' dir='ltr'><strong>quia;</strong></span> <span class='ocrx_word' id='word_1_129' title='bbox 1923 1886 2181 1955; x_wconf 86' lang='lat' dir='ltr'><strong>peccasti,</strong></span> <span class='ocrx_word' id='word_1_130' title='bbox 2205 1894 2261 1940; x_wconf 91' lang='lat' dir='ltr'><strong>et</strong></span> <span class='ocrx_word' id='word_1_131' title='bbox 2276 1886 2432 1955; x_wconf 88' lang='lat' dir='ltr'><strong>quasi</strong></span> 
     </span>
    </p>
   </div>
   <div class='ocr_carea' id='block_1_19' title="bbox 862 2062 2442 2137">
    <p class='ocr_par' dir='ltr' id='par_1_19' title="bbox 862 2062 2442 2137">
     <span class='ocr_line' id='line_1_19' title="bbox 862 2062 2442 2137; baseline 0.004 -21"><span class='ocrx_word' id='word_1_132' title='bbox 862 2062 1173 2136; x_wconf 80' lang='lat' dir='ltr'><strong>voluntatis]</strong></span> <span class='ocrx_word' id='word_1_133' title='bbox 1203 2063 1403 2119; x_wconf 77' lang='lat' dir='ltr'><strong>eli‘usus</strong></span> <span class='ocrx_word' id='word_1_134' title='bbox 1428 2078 1488 2119; x_wconf 86' lang='lat' dir='ltr'><strong>es</strong></span> <span class='ocrx_word' id='word_1_135' title='bbox 1514 2064 1737 2135; x_wconf 85' lang='lat' dir='ltr'><strong>impetu,</strong></span> <span class='ocrx_word' id='word_1_136' title='bbox 1769 2064 1970 2121; x_wconf 89' lang='lat' dir='ltr'><strong>idcirco</strong></span> <span class='ocrx_word' id='word_1_137' title='bbox 1988 2068 2241 2137; x_wconf 76' lang='lat' dir='ltr'><strong>przecipio</strong></span> <span class='ocrx_word' id='word_1_138' title='bbox 2266 2068 2360 2122; x_wconf 89' lang='lat' dir='ltr'><strong>tibi</strong></span> <span class='ocrx_word' id='word_1_139' title='bbox 2383 2076 2442 2122; x_wconf 92' lang='lat' dir='ltr'><strong>ut</strong></span> 
     </span>
    </p>
   </div>
   <div class='ocr_carea' id='block_1_20' title="bbox 863 2152 2439 2227">
    <p class='ocr_par' dir='ltr' id='par_1_20' title="bbox 863 2152 2439 2227">
     <span class='ocr_line' id='line_1_20' title="bbox 863 2152 2439 2227; baseline 0.003 -20"><span class='ocrx_word' id='word_1_140' title='bbox 863 2152 1006 2209; x_wconf 85' lang='lat' dir='ltr'><strong>ultro</strong></span> <span class='ocrx_word' id='word_1_141' title='bbox 1032 2168 1138 2209; x_wconf 89' lang='lat' dir='ltr'><strong>non</strong></span> <span class='ocrx_word' id='word_1_142' title='bbox 1166 2168 1376 2224; x_wconf 87' lang='lat' dir='ltr'><strong>pecces,</strong></span> <span class='ocrx_word' id='word_1_143' title='bbox 1401 2155 1584 2223; x_wconf 86' lang='lat' dir='ltr'><strong>sisque</strong></span> <span class='ocrx_word' id='word_1_144' title='bbox 1626 2155 1683 2209; x_wconf 92' lang='lat' dir='ltr'><strong>in</strong></span> <span class='ocrx_word' id='word_1_145' title='bbox 1718 2154 1953 2209; x_wconf 65' lang='lat' dir='ltr'><strong>fratrum</strong></span> <span class='ocrx_word' id='word_1_146' title='bbox 1992 2171 2217 2211; x_wconf 89' lang='lat' dir='ltr'><strong>numero</strong></span> <span class='ocrx_word' id='word_1_147' title='bbox 2250 2171 2439 2227; x_wconf 75' lang='lat' dir='ltr'><strong>pcenas</strong></span> 
     </span>
    </p>
   </div>
   <div class='ocr_carea' id='block_1_21' title="bbox 862 2242 2440 2317">
    <p class='ocr_par' dir='ltr' id='par_1_21' title="bbox 862 2242 2440 2317">
     <span class='ocr_line' id='line_1_21' title="bbox 862 2242 2440 2317; baseline 0.003 -19"><span class='ocrx_word' id='word_1_148' title='bbox 862 2245 1068 2313; x_wconf 88' lang='lat' dir='ltr'><strong>peccati</strong></span> <span class='ocrx_word' id='word_1_149' title='bbox 1100 2242 1288 2315; x_wconf 80' lang='lat' dir='ltr'><strong>lugens</strong></span> <span class='ocrx_word' id='word_1_150' title='bbox 1326 2242 1459 2315; x_wconf 82' lang='lat' dir='ltr'><strong>[Al.,</strong></span> <span class='ocrx_word' id='word_1_151' title='bbox 1506 2243 1702 2317; x_wconf 88' lang='lat' dir='ltr'><strong>luens],</strong></span> <span class='ocrx_word' id='word_1_152' title='bbox 1744 2245 1888 2315; x_wconf 86' lang='lat' dir='ltr'><strong>quod</strong></span> <span class='ocrx_word' id='word_1_153' title='bbox 1914 2246 2264 2317; x_wconf 58' lang='lat' dir='ltr'><strong>,primogeniti</strong></span> <span class='ocrx_word' id='word_1_154' title='bbox 2296 2247 2440 2302; x_wconf 89' lang='lat' dir='ltr'><strong>ordi-</strong></span> 
     </span>
    </p>
   </div>
   <div class='ocr_carea' id='block_1_22' title="bbox 863 2336 2441 2407">
    <p class='ocr_par' dir='ltr' id='par_1_22' title="bbox 863 2336 2441 2407">
     <span class='ocr_line' id='line_1_22' title="bbox 863 2336 2441 2407; baseline 0.004 -18"><span class='ocrx_word' id='word_1_155' title='bbox 863 2350 985 2390; x_wconf 89' lang='lat' dir='ltr'><strong>nem</strong></span> <span class='ocrx_word' id='word_1_156' title='bbox 1014 2336 1294 2405; x_wconf 90' lang='lat' dir='ltr'><strong>perdidisti</strong></span> <span class='ocrx_word' id='word_1_157' title='bbox 1319 2352 1331 2391; x_wconf 88' lang='lat'><strong>:</strong></span> <span class='ocrx_word' id='word_1_158' title='bbox 1366 2337 1393 2376; x_wconf 71' lang='grc' dir='ltr'><strong>ιι</strong></span> <span class='ocrx_word' id='word_1_159' title='bbox 1422 2337 1741 2407; x_wconf 89' lang='lat' dir='ltr'><strong>principium</strong></span> <span class='ocrx_word' id='word_1_160' title='bbox 1781 2346 1960 2394; x_wconf 86' lang='lat' dir='ltr'><strong>autem</strong></span> <span class='ocrx_word' id='word_1_161' title='bbox 1988 2338 2188 2395; x_wconf 86' lang='lat' dir='ltr'><strong>doloris</strong></span> <span class='ocrx_word' id='word_1_162' title='bbox 2214 2348 2295 2395; x_wconf 89' lang='lat' dir='ltr'><strong>est</strong></span> <span class='ocrx_word' id='word_1_163' title='bbox 2325 2355 2441 2395; x_wconf 83' lang='lat' dir='ltr'><strong>om—</strong></span> 
     </span>
    </p>
   </div>
   <div class='ocr_carea' id='block_1_23' title="bbox 860 2427 2441 2500">
    <p class='ocr_par' dir='ltr' id='par_1_23' title="bbox 860 2427 2441 2500">
     <span class='ocr_line' id='line_1_23' title="bbox 860 2427 2441 2500; baseline 0.005 -21"><span class='ocrx_word' id='word_1_164' title='bbox 860 2427 945 2480; x_wconf 88' lang='lat' dir='ltr'><strong>nis</strong></span> <span class='ocrx_word' id='word_1_165' title='bbox 972 2427 1379 2497; x_wconf 88' lang='lat' dir='ltr'><strong>primogenitus,</strong></span> <span class='ocrx_word' id='word_1_166' title='bbox 1410 2428 1534 2496; x_wconf 89' lang='lat' dir='ltr'><strong>quia</strong></span> <span class='ocrx_word' id='word_1_167' title='bbox 1557 2442 1656 2498; x_wconf 90' lang='lat' dir='ltr'><strong>pro</strong></span> <span class='ocrx_word' id='word_1_168' title='bbox 1683 2442 1749 2483; x_wconf 92' lang='lat' dir='ltr'><strong>eo</strong></span> <span class='ocrx_word' id='word_1_169' title='bbox 1776 2428 2008 2500; x_wconf 88' lang='lat' dir='ltr'><strong>primum</strong></span> <span class='ocrx_word' id='word_1_170' title='bbox 2038 2439 2441 2487; x_wconf 90' lang='lat' dir='ltr'><strong>commoventur</strong></span> 
     </span>
    </p>
   </div>
   <div class='ocr_carea' id='block_1_24' title="bbox 744 2519 1396 2589">
    <p class='ocr_par' dir='ltr' id='par_1_24' title="bbox 744 2519 1396 2589">
     <span class='ocr_line' id='line_1_24' title="bbox 744 2519 1396 2589; baseline 0 -17"><span class='ocrx_word' id='word_1_171' title='bbox 744 2582 747 2585; x_wconf 96' lang='lat'><em>_</em></span> <span class='ocrx_word' id='word_1_172' title='bbox 859 2519 1070 2573; x_wconf 87' lang='lat' dir='ltr'><strong>viscera</strong></span> <span class='ocrx_word' id='word_1_173' title='bbox 1093 2528 1396 2589; x_wconf 88' lang='lat' dir='ltr'><strong>parentum.</strong></span> 
     </span>
    </p>
   </div>
   <div class='ocr_carea' id='block_1_25' title="bbox 932 2606 2440 2683">
    <p class='ocr_par' dir='ltr' id='par_1_25' title="bbox 932 2606 2440 2683">
     <span class='ocr_line' id='line_1_25' title="bbox 932 2606 2440 2683; baseline 0.005 -20"><span class='ocrx_word' id='word_1_174' title='bbox 932 2607 1149 2663; x_wconf 85' lang='lat' dir='ltr'><strong>Simeon</strong></span> <span class='ocrx_word' id='word_1_175' title='bbox 1170 2618 1217 2663; x_wconf 90' lang='lat' dir='ltr'><strong>et</strong></span> <span class='ocrx_word' id='word_1_176' title='bbox 1243 2609 1364 2663; x_wconf 87' lang='lat' dir='ltr'><strong>Levi</strong></span> <span class='ocrx_word' id='word_1_177' title='bbox 1390 2609 1602 2680; x_wconf 86' lang='lat' dir='ltr'><strong>fratres,</strong></span> <span class='ocrx_word' id='word_1_178' title='bbox 1631 2628 1753 2666; x_wconf 85' lang='lat' dir='ltr'><strong>vasa</strong></span> <span class='ocrx_word' id='word_1_179' title='bbox 1776 2606 2067 2683; x_wconf 85' lang='lat' dir='ltr'><strong>iniquitatis</strong></span> <span class='ocrx_word' id='word_1_180' title='bbox 2092 2613 2357 2680; x_wconf 77' lang='lat' dir='ltr'><strong>bellantia,</strong></span> <span class='ocrx_word' id='word_1_181' title='bbox 2384 2617 2440 2670; x_wconf 87' lang='lat' dir='ltr'><strong>in</strong></span> 
     </span>
    </p>
   </div>
   <div class='ocr_carea' id='block_1_26' title="bbox 860 2696 2441 2760">
    <p class='ocr_par' dir='ltr' id='par_1_26' title="bbox 860 2696 2441 2760">
     <span class='ocr_line' id='line_1_26' title="bbox 860 2696 2441 2760; baseline 0.004 -7"><span class='ocrx_word' id='word_1_182' title='bbox 860 2696 1136 2753; x_wconf 87' lang='lat' dir='ltr'><strong>consilium</strong></span> <span class='ocrx_word' id='word_1_183' title='bbox 1165 2715 1343 2753; x_wconf 86' lang='lat' dir='ltr'><strong>eorum</strong></span> <span class='ocrx_word' id='word_1_184' title='bbox 1371 2716 1434 2754; x_wconf 87' lang='lat' dir='ltr'><strong>ne</strong></span> <span class='ocrx_word' id='word_1_185' title='bbox 1468 2701 1637 2755; x_wconf 88' lang='lat' dir='ltr'><strong>veniat</strong></span> <span class='ocrx_word' id='word_1_186' title='bbox 1667 2702 1841 2757; x_wconf 86' lang='lat' dir='ltr'><strong>animo</strong></span> <span class='ocrx_word' id='word_1_187' title='bbox 1865 2720 1981 2758; x_wconf 89' lang='lat' dir='ltr'><strong>mea</strong></span> <span class='ocrx_word' id='word_1_188' title='bbox 2008 2713 2056 2759; x_wconf 87' lang='lat' dir='ltr'><strong>et</strong></span> <span class='ocrx_word' id='word_1_189' title='bbox 2081 2706 2135 2759; x_wconf 87' lang='lat' dir='ltr'><strong>in</strong></span> <span class='ocrx_word' id='word_1_190' title='bbox 2162 2716 2291 2760; x_wconf 73' lang='lat' dir='ltr'><strong>catu</strong></span> <span class='ocrx_word' id='word_1_191' title='bbox 2315 2703 2441 2759; x_wconf 80' lang='lat' dir='ltr'><strong>illo-</strong></span> 
     </span>
    </p>
   </div>
   <div class='ocr_carea' id='block_1_27' title="bbox 862 2791 2439 2863">
    <p class='ocr_par' dir='ltr' id='par_1_27' title="bbox 862 2791 2439 2863">
     <span class='ocr_line' id='line_1_27' title="bbox 862 2791 2439 2863; baseline 0.005 -20"><span class='ocrx_word' id='word_1_192' title='bbox 862 2807 978 2844; x_wconf 90' lang='lat' dir='ltr'><strong>rum</strong></span> <span class='ocrx_word' id='word_1_193' title='bbox 1006 2808 1107 2844; x_wconf 88' lang='lat' dir='ltr'><strong>non</strong></span> <span class='ocrx_word' id='word_1_194' title='bbox 1136 2792 1201 2843; x_wconf 82' lang='lat' dir='ltr'><strong>sit</strong></span> <span class='ocrx_word' id='word_1_195' title='bbox 1235 2791 1403 2861; x_wconf 85' lang='lat' dir='ltr'><strong>gloria</strong></span> <span class='ocrx_word' id='word_1_196' title='bbox 1431 2809 1579 2855; x_wconf 87' lang='lat' dir='ltr'><strong>mea;</strong></span> <span class='ocrx_word' id='word_1_197' title='bbox 1602 2795 1726 2863; x_wconf 84' lang='lat' dir='ltr'><strong>quia</strong></span> <span class='ocrx_word' id='word_1_198' title='bbox 1750 2794 1805 2847; x_wconf 88' lang='lat' dir='ltr'><strong>in</strong></span> <span class='ocrx_word' id='word_1_199' title='bbox 1829 2794 2006 2863; x_wconf 87' lang='lat' dir='ltr'><strong>furore</strong></span> <span class='ocrx_word' id='word_1_200' title='bbox 2023 2812 2119 2850; x_wconf 90' lang='lat' dir='ltr'><strong>suo</strong></span> <span class='ocrx_word' id='word_1_201' title='bbox 2142 2798 2439 2851; x_wconf 87' lang='lat' dir='ltr'><strong>occiderunt</strong></span> 
     </span>
    </p>
   </div>
   <div class='ocr_carea' id='block_1_28' title="bbox 862 2881 2440 2958">
    <p class='ocr_par' dir='ltr' id='par_1_28' title="bbox 862 2881 2440 2958">
     <span class='ocr_line' id='line_1_28' title="bbox 862 2881 2440 2958; baseline 0.003 -21"><span class='ocrx_word' id='word_1_202' title='bbox 862 2881 1079 2958; x_wconf 84' lang='lat' dir='ltr'><strong>[virum]</strong></span> <span class='ocrx_word' id='word_1_203' title='bbox 1107 2894 1153 2935; x_wconf 92' lang='lat' dir='ltr'><strong>et</strong></span> <span class='ocrx_word' id='word_1_204' title='bbox 1179 2883 1233 2935; x_wconf 89' lang='lat' dir='ltr'><strong>in</strong></span> <span class='ocrx_word' id='word_1_205' title='bbox 1257 2883 1515 2937; x_wconf 62' lang='lat' dir='ltr'><strong>voluntate</strong></span> <span class='ocrx_word' id='word_1_206' title='bbox 1536 2900 1633 2937; x_wconf 87' lang='lat' dir='ltr'><strong>sua</strong></span> <span class='ocrx_word' id='word_1_207' title='bbox 1658 2885 1981 2954; x_wconf 78' lang='lat' dir='ltr'><strong>su/foderunt</strong></span> <span class='ocrx_word' id='word_1_208' title='bbox 2015 2902 2241 2941; x_wconf 84' lang='lat' dir='ltr'><strong>murum.</strong></span> <span class='ocrx_word' id='word_1_209' title='bbox 2272 2884 2440 2942; x_wconf 70' lang='lat' dir='ltr'><strong>Hale-</strong></span> 
     </span>
    </p>
   </div>
   <div class='ocr_carea' id='block_1_29' title="bbox 861 2970 2438 3046">
    <p class='ocr_par' dir='ltr' id='par_1_29' title="bbox 861 2970 2438 3046">
     <span class='ocr_line' id='line_1_29' title="bbox 861 2970 2438 3046; baseline 0.004 -20"><span class='ocrx_word' id='word_1_210' title='bbox 861 2970 1208 3041; x_wconf 66' lang='lat' dir='ltr'><strong>dictusjuror</strong></span> <span class='ocrx_word' id='word_1_211' title='bbox 1230 2989 1427 3037; x_wconf 87' lang='lat' dir='ltr'><strong>eorum,</strong></span> <span class='ocrx_word' id='word_1_212' title='bbox 1452 2975 1575 3043; x_wconf 85' lang='lat' dir='ltr'><strong>quia</strong></span> <span class='ocrx_word' id='word_1_213' title='bbox 1607 2975 1865 3044; x_wconf 72' lang='lat' dir='ltr'><strong>pertinax,</strong></span> <span class='ocrx_word' id='word_1_214' title='bbox 1909 2984 1956 3029; x_wconf 87' lang='lat' dir='ltr'><strong>et</strong></span> <span class='ocrx_word' id='word_1_215' title='bbox 1993 2976 2283 3046; x_wconf 83' lang='lat' dir='ltr'><strong>indignatio</strong></span> <span class='ocrx_word' id='word_1_216' title='bbox 2322 2977 2438 3032; x_wconf 86' lang='lat' dir='ltr'><strong>illo-</strong></span> 
     </span>
    </p>
   </div>
   <div class='ocr_carea' id='block_1_30' title="bbox 864 3062 2439 3139">
    <p class='ocr_par' dir='ltr' id='par_1_30' title="bbox 864 3062 2439 3139">
     <span class='ocr_line' id='line_1_30' title="bbox 864 3062 2439 3139; baseline 0.004 -24"><span class='ocrx_word' id='word_1_217' title='bbox 864 3078 1001 3127; x_wconf 80' lang='lat' dir='ltr'><strong>rum,</strong></span> <span class='ocrx_word' id='word_1_218' title='bbox 1022 3064 1156 3133; x_wconf 77' lang='lat' dir='ltr'><strong>quia</strong></span> <span class='ocrx_word' id='word_1_219' title='bbox 1192 3066 1350 3117; x_wconf 82' lang='lat' dir='ltr'><strong>dura.</strong></span> <span class='ocrx_word' id='word_1_220' title='bbox 1382 3062 1626 3117; x_wconf 81' lang='lat' dir='ltr'><strong>Dividam</strong></span> <span class='ocrx_word' id='word_1_221' title='bbox 1652 3080 1737 3118; x_wconf 88' lang='lat' dir='ltr'><strong>eos</strong></span> <span class='ocrx_word' id='word_1_222' title='bbox 1764 3066 1818 3119; x_wconf 87' lang='lat' dir='ltr'><strong>in</strong></span> <span class='ocrx_word' id='word_1_223' title='bbox 1843 3065 2028 3131; x_wconf 80' lang='lat' dir='ltr'><strong>Jacob,</strong></span> <span class='ocrx_word' id='word_1_224' title='bbox 2064 3076 2110 3119; x_wconf 88' lang='lat' dir='ltr'><strong>et</strong></span> <span class='ocrx_word' id='word_1_225' title='bbox 2148 3067 2439 3139; x_wconf 78' lang='lat' dir='ltr'><strong>dispergam</strong></span> 
     </span>
    </p>
   </div>
   <div class='ocr_carea' id='block_1_31' title="bbox 863 3151 2439 3226">
    <p class='ocr_par' dir='ltr' id='par_1_31' title="bbox 863 3151 2439 3226">
     <span class='ocr_line' id='line_1_31' title="bbox 863 3151 2439 3226; baseline 0.002 -17"><span class='ocrx_word' id='word_1_226' title='bbox 863 3151 982 3209; x_wconf 84' lang='lat' dir='ltr'><strong>illos</strong></span> <span class='ocrx_word' id='word_1_227' title='bbox 1021 3154 1078 3206; x_wconf 84' lang='lat' dir='ltr'><strong>in</strong></span> <span class='ocrx_word' id='word_1_228' title='bbox 1119 3152 1287 3207; x_wconf 71' lang='lat' dir='ltr'><strong>Israel</strong></span> <span class='ocrx_word' id='word_1_229' title='bbox 1316 3152 1468 3224; x_wconf 90' lang='lat' dir='ltr'><strong>(vers.</strong></span> <span class='ocrx_word' id='word_1_230' title='bbox 1502 3152 1638 3225; x_wconf 85' lang='lat'><strong>5—7).</strong></span> <span class='ocrx_word' id='word_1_231' title='bbox 1680 3154 1957 3226; x_wconf 89' lang='lat' dir='ltr'><strong>Signiﬁcat</strong></span> <span class='ocrx_word' id='word_1_232' title='bbox 1994 3166 2172 3211; x_wconf 86' lang='lat' dir='ltr'><strong>autem</strong></span> <span class='ocrx_word' id='word_1_233' title='bbox 2211 3173 2317 3212; x_wconf 92' lang='lat' dir='ltr'><strong>non</strong></span> <span class='ocrx_word' id='word_1_234' title='bbox 2356 3159 2439 3213; x_wconf 83' lang='lat' dir='ltr'><strong>sui</strong></span> 
     </span>
    </p>
   </div>
   <div class='ocr_carea' id='block_1_32' title="bbox 862 3242 2436 3316">
    <p class='ocr_par' dir='ltr' id='par_1_32' title="bbox 862 3242 2436 3316">
     <span class='ocr_line' id='line_1_32' title="bbox 862 3242 2436 3316; baseline 0.001 -19"><span class='ocrx_word' id='word_1_235' title='bbox 862 3242 1031 3315; x_wconf 73' lang='lat' dir='ltr'><strong>fuisse</strong></span> <span class='ocrx_word' id='word_1_236' title='bbox 1053 3244 1283 3308; x_wconf 87' lang='lat' dir='ltr'><strong>consilii,</strong></span> <span class='ocrx_word' id='word_1_237' title='bbox 1311 3243 1453 3313; x_wconf 89' lang='lat' dir='ltr'><strong>quod</strong></span> <span class='ocrx_word' id='word_1_238' title='bbox 1478 3245 1694 3299; x_wconf 79' lang='lat' dir='ltr'><strong>Sichem</strong></span> <span class='ocrx_word' id='word_1_239' title='bbox 1709 3252 1766 3300; x_wconf 92' lang='lat' dir='ltr'><strong>et</strong></span> <span class='ocrx_word' id='word_1_240' title='bbox 1778 3245 1940 3299; x_wconf 90' lang='lat' dir='ltr'><strong>Emor</strong></span> <span class='ocrx_word' id='word_1_241' title='bbox 1960 3246 2119 3316; x_wconf 79' lang='lat'><strong>335</strong></span> <span class='ocrx_word' id='word_1_242' title='bbox 2148 3246 2436 3301; x_wconf 66' lang='lat' dir='ltr'><strong>foederatos</strong></span> 
     </span>
    </p>
   </div>
   <div class='ocr_carea' id='block_1_33' title="bbox 864 3332 2439 3412">
    <p class='ocr_par' dir='ltr' id='par_1_33' title="bbox 864 3332 2439 3412">
     <span class='ocr_line' id='line_1_33' title="bbox 864 3332 2439 3412; baseline 0.004 -25"><span class='ocrx_word' id='word_1_243' title='bbox 864 3333 1011 3387; x_wconf 85' lang='lat' dir='ltr'><strong>viros</strong></span> <span class='ocrx_word' id='word_1_244' title='bbox 1035 3333 1399 3387; x_wconf 84' lang='lat' dir='ltr'><strong>interﬁcerent</strong></span> <span class='ocrx_word' id='word_1_245' title='bbox 1423 3332 1554 3404; x_wconf 65' lang='lat' dir='ltr'><strong>[1th,</strong></span> <span class='ocrx_word' id='word_1_246' title='bbox 1582 3333 2011 3409; x_wconf 84' lang='lat' dir='ltr'><strong>interfecerunt],</strong></span> <span class='ocrx_word' id='word_1_247' title='bbox 2039 3346 2095 3393; x_wconf 92' lang='lat' dir='ltr'><strong>et</strong></span> <span class='ocrx_word' id='word_1_248' title='bbox 2114 3335 2285 3412; x_wconf 83' lang='lat' dir='ltr'><strong>[quia]</strong></span> <span class='ocrx_word' id='word_1_249' title='bbox 2308 3354 2439 3395; x_wconf 90' lang='lat' dir='ltr'><strong>con-</strong></span> 
     </span>
    </p>
   </div>
   <div class='ocr_carea' id='block_1_34' title="bbox 860 3423 2436 3502">
    <p class='ocr_par' dir='ltr' id='par_1_34' title="bbox 860 3423 2436 3502">
     <span class='ocr_line' id='line_1_34' title="bbox 860 3423 2436 3502; baseline 0.004 -24"><span class='ocrx_word' id='word_1_250' title='bbox 860 3433 946 3479; x_wconf 86' lang='lat' dir='ltr'><strong>tra</strong></span> <span class='ocrx_word' id='word_1_251' title='bbox 981 3423 1085 3488; x_wconf 80' lang='lat' dir='ltr'><strong>fas,</strong></span> <span class='ocrx_word' id='word_1_252' title='bbox 1113 3425 1339 3496; x_wconf 79' lang='lat' dir='ltr'><strong>inpacis</strong></span> <span class='ocrx_word' id='word_1_253' title='bbox 1365 3435 1417 3481; x_wconf 91' lang='lat' dir='ltr'><strong>et</strong></span> <span class='ocrx_word' id='word_1_254' title='bbox 1450 3427 1806 3482; x_wconf 86' lang='lat' dir='ltr'><strong>amicitiarum</strong></span> <span class='ocrx_word' id='word_1_255' title='bbox 1847 3437 2085 3499; x_wconf 88' lang='lat' dir='ltr'><strong>tempore</strong></span> <span class='ocrx_word' id='word_1_256' title='bbox 2122 3431 2436 3502; x_wconf 89' lang='lat' dir='ltr'><strong>sanguinem</strong></span> 
     </span>
    </p>
   </div>
   <div class='ocr_carea' id='block_1_35' title="bbox 860 3513 2441 3591">
    <p class='ocr_par' dir='ltr' id='par_1_35' title="bbox 860 3513 2441 3591">
     <span class='ocr_line' id='line_1_35' title="bbox 860 3513 2441 3591; baseline 0.004 -21"><span class='ocrx_word' id='word_1_257' title='bbox 860 3513 1115 3574; x_wconf 79' lang='lat' dir='ltr'><strong>fuderunt</strong></span> <span class='ocrx_word' id='word_1_258' title='bbox 1153 3517 1516 3584; x_wconf 84' lang='lat' dir='ltr'><strong>innocentum,</strong></span> <span class='ocrx_word' id='word_1_259' title='bbox 1558 3529 1609 3573; x_wconf 82' lang='lat' dir='ltr'><strong>et</strong></span> <span class='ocrx_word' id='word_1_260' title='bbox 1648 3522 1801 3589; x_wconf 88' lang='lat' dir='ltr'><strong>quasi</strong></span> <span class='ocrx_word' id='word_1_261' title='bbox 1850 3524 2081 3591; x_wconf 84' lang='lat' dir='ltr'><strong>quodam</strong></span> <span class='ocrx_word' id='word_1_262' title='bbox 2130 3522 2311 3577; x_wconf 79' lang='lat' dir='ltr'><strong>furore</strong></span> <span class='ocrx_word' id='word_1_263' title='bbox 2359 3524 2441 3579; x_wconf 84' lang='lat' dir='ltr'><strong>sic</strong></span> 
     </span>
    </p>
   </div>
   <div class='ocr_carea' id='block_1_36' title="bbox 862 3606 2438 3685">
    <p class='ocr_par' dir='ltr' id='par_1_36' title="bbox 862 3606 2438 3685">
     <span class='ocr_line' id='line_1_36' title="bbox 862 3606 2438 3685; baseline 0.007 -26"><span class='ocrx_word' id='word_1_264' title='bbox 862 3606 1180 3663; x_wconf 79' lang='lat' dir='ltr'><strong>crudelitate</strong></span> <span class='ocrx_word' id='word_1_265' title='bbox 1206 3610 1393 3678; x_wconf 83' lang='lat' dir='ltr'><strong>repleti</strong></span> <span class='ocrx_word' id='word_1_266' title='bbox 1423 3608 1555 3679; x_wconf 76' lang='lat' dir='ltr'><strong>[Al.,</strong></span> <span class='ocrx_word' id='word_1_267' title='bbox 1589 3610 1805 3683; x_wconf 89' lang='lat' dir='ltr'><strong>raptati]</strong></span> <span class='ocrx_word' id='word_1_268' title='bbox 1836 3628 2017 3668; x_wconf 92' lang='lat' dir='ltr'><strong>muros</strong></span> <span class='ocrx_word' id='word_1_269' title='bbox 2044 3615 2265 3685; x_wconf 72' lang='lat' dir='ltr'><strong>hospita:</strong></span> <span class='ocrx_word' id='word_1_270' title='bbox 2289 3614 2438 3670; x_wconf 91' lang='lat' dir='ltr'><strong>urbis</strong></span> 
     </span>
    </p>
   </div>
   <div class='ocr_carea' id='block_1_37' title="bbox 863 3700 2436 3777">
    <p class='ocr_par' dir='ltr' id='par_1_37' title="bbox 863 3700 2436 3777">
     <span class='ocr_line' id='line_1_37' title="bbox 863 3700 2436 3777; baseline 0.006 -25"><span class='ocrx_word' id='word_1_271' title='bbox 863 3700 1353 3771; x_wconf 67' lang='lat' dir='ltr'><strong>everteruiit&#39;[1ls.,</strong></span> <span class='ocrx_word' id='word_1_272' title='bbox 1377 3702 1872 3775; x_wconf 80' lang='lat' dir='ltr'><strong>everterent](Gen&#39;.</strong></span> <span class='ocrx_word' id='word_1_273' title='bbox 1912 3705 2117 3777; x_wconf 73' lang='lat' dir='ltr'><strong>xxxrv).</strong></span> <span class='ocrx_word' id='word_1_274' title='bbox 2160 3705 2312 3761; x_wconf 89' lang='lat' dir='ltr'><strong>Unde</strong></span> <span class='ocrx_word' id='word_1_275' title='bbox 2353 3707 2436 3761; x_wconf 91' lang='lat' dir='ltr'><strong>di-</strong></span> 
     </span>
    </p>
   </div>
   <div class='ocr_carea' id='block_1_38' title="bbox 862 3781 2439 3865">
    <p class='ocr_par' dir='ltr' id='par_1_38' title="bbox 862 3781 2439 3865">
     <span class='ocr_line' id='line_1_38' title="bbox 862 3781 2439 3865; baseline 0.004 -23"><span class='ocrx_word' id='word_1_276' title='bbox 862 3789 937 3842; x_wconf 88' lang='lat' dir='ltr'><strong>cit</strong></span> <span class='ocrx_word' id='word_1_277' title='bbox 970 3806 985 3844; x_wconf 90' lang='lat'><strong>:</strong></span> <span class='ocrx_word' id='word_1_278' title='bbox 1019 3781 1330 3844; x_wconf 72' lang='lat' dir='ltr'><strong>Maledicta:</strong></span> <span class='ocrx_word' id='word_1_279' title='bbox 1370 3790 1517 3860; x_wconf 85' lang='lat' dir='ltr'><strong>furor</strong></span> <span class='ocrx_word' id='word_1_280' title='bbox 1564 3809 1760 3857; x_wconf 88' lang='lat' dir='ltr'><strong>eorum,</strong></span> <span class='ocrx_word' id='word_1_281' title='bbox 1796 3795 1921 3865; x_wconf 72' lang='lat' dir='ltr'><strong>quia</strong></span> <span class='ocrx_word' id='word_1_282' title='bbox 1948 3798 2279 3865; x_wconf 66' lang='lat' dir='ltr'><strong>perthax.et</strong></span> <span class='ocrx_word' id='word_1_283' title='bbox 2315 3795 2439 3849; x_wconf 88' lang='lat' dir='ltr'><strong>reli-</strong></span> 
     </span>
    </p>
   </div>
   <div class='ocr_carea' id='block_1_39' title="bbox 865 3877 2439 3951">
    <p class='ocr_par' dir='ltr' id='par_1_39' title="bbox 865 3877 2439 3951">
     <span class='ocr_line' id='line_1_39' title="bbox 865 3877 2439 3951; baseline 0.006 -22"><span class='ocrx_word' id='word_1_284' title='bbox 865 3892 992 3947; x_wconf 89' lang='lat' dir='ltr'><strong>qua.</strong></span> <span class='ocrx_word' id='word_1_285' title='bbox 1026 3877 1091 3931; x_wconf 83' lang='lat' dir='ltr'><strong>Et</strong></span> <span class='ocrx_word' id='word_1_286' title='bbox 1130 3878 1533 3951; x_wconf 83' lang='lat' dir='ltr'><strong>dispergant-eos</strong></span> <span class='ocrx_word' id='word_1_287' title='bbox 1568 3882 1621 3935; x_wconf 87' lang='lat' dir='ltr'><strong>in</strong></span> <span class='ocrx_word' id='word_1_288' title='bbox 1660 3880 1845 3935; x_wconf 83' lang='lat' dir='ltr'><strong>Israel.</strong></span> <span class='ocrx_word' id='word_1_289' title='bbox 1872 3881 1998 3936; x_wconf 80' lang='lat' dir='ltr'><strong>Levi</strong></span> <span class='ocrx_word' id='word_1_290' title='bbox 2035 3883 2178 3938; x_wconf 86' lang='lat' dir='ltr'><strong>enim</strong></span> <span class='ocrx_word' id='word_1_291' title='bbox 2214 3883 2439 3938; x_wconf 69' lang='lat' dir='ltr'><strong>Incredi-</strong></span> 
     </span>
    </p>
   </div>
   <div class='ocr_carea' id='block_1_40' title="bbox 864 3971 2438 4043">
    <p class='ocr_par' dir='ltr' id='par_1_40' title="bbox 864 3971 2438 4043">
     <span class='ocr_line' id='line_1_40' title="bbox 864 3971 2438 4043; baseline 0.001 -19"><span class='ocrx_word' id='word_1_292' title='bbox 864 3978 1029 4025; x_wconf 84' lang='lat' dir='ltr'><strong>talem</strong></span> <span class='ocrx_word' id='word_1_293' title='bbox 1059 3971 1332 4042; x_wconf 81' lang='lat' dir='ltr'><strong>propriam</strong></span> <span class='ocrx_word' id='word_1_294' title='bbox 1355 3987 1461 4027; x_wconf 91' lang='lat' dir='ltr'><strong>non</strong></span> <span class='ocrx_word' id='word_1_295' title='bbox 1491 3974 1717 4041; x_wconf 76' lang='lat' dir='ltr'><strong>accepit,</strong></span> <span class='ocrx_word' id='word_1_296' title='bbox 1739 3974 1831 4027; x_wconf 87' lang='lat' dir='ltr'><strong>scd</strong></span> <span class='ocrx_word' id='word_1_297' title='bbox 1859 3973 1911 4025; x_wconf 90' lang='lat' dir='ltr'><strong>in</strong></span> <span class='ocrx_word' id='word_1_298' title='bbox 1940 3973 2185 4031; x_wconf 88' lang='lat' dir='ltr'><strong>omnibus</strong></span> <span class='ocrx_word' id='word_1_299' title='bbox 2211 3975 2438 4043; x_wconf 83' lang='lat' dir='ltr'><strong>sceptris</strong></span> 
     </span>
    </p>
   </div>
   <div class='ocr_carea' id='block_1_41' title="bbox 863 4059 2437 4135">
    <p class='ocr_par' dir='ltr' id='par_1_41' title="bbox 863 4059 2437 4135">
     <span class='ocr_line' id='line_1_41' title="bbox 863 4059 2437 4135; baseline 0.003 -24"><span class='ocrx_word' id='word_1_300' title='bbox 863 4074 1062 4131; x_wconf 85' lang='lat' dir='ltr'><strong>paucas</strong></span> <span class='ocrx_word' id='word_1_301' title='bbox 1108 4061 1267 4114; x_wconf 80' lang='lat' dir='ltr'><strong>urbes</strong></span> <span class='ocrx_word' id='word_1_302' title='bbox 1315 4062 1381 4114; x_wconf 86' lang='lat' dir='ltr'><strong>ad</strong></span> <span class='ocrx_word' id='word_1_303' title='bbox 1420 4059 1998 4132; x_wconf 26' lang='lat' dir='ltr'><strong>habitandum,[b‘dit.,</strong></span> <span class='ocrx_word' id='word_1_304' title='bbox 2030 4063 2437 4135; x_wconf 77' lang='lat' dir='ltr'><strong>.inltabitandas]</strong></span> 
     </span>
    </p>
   </div>
   <div class='ocr_carea' id='block_1_42' title="bbox 864 4148 2436 4224">
    <p class='ocr_par' dir='ltr' id='par_1_42' title="bbox 864 4148 2436 4224">
     <span class='ocr_line' id='line_1_42' title="bbox 864 4148 2436 4224; baseline 0.004 -21"><span class='ocrx_word' id='word_1_305' title='bbox 864 4148 1067 4203; x_wconf 86' lang='lat' dir='ltr'><strong>habuit.</strong></span> <span class='ocrx_word' id='word_1_306' title='bbox 1114 4148 1189 4203; x_wconf 90' lang='lat' dir='ltr'><strong>De</strong></span> <span class='ocrx_word' id='word_1_307' title='bbox 1232 4148 1483 4204; x_wconf 85' lang='lat' dir='ltr'><strong>Simeonc</strong></span> <span class='ocrx_word' id='word_1_308' title='bbox 1528 4164 1655 4203; x_wconf 86' lang='lat' dir='ltr'><strong>vero</strong></span> <span class='ocrx_word' id='word_1_309' title='bbox 1697 4151 1748 4203; x_wconf 90' lang='lat' dir='ltr'><strong>in</strong></span> <span class='ocrx_word' id='word_1_310' title='bbox 1788 4150 1921 4205; x_wconf 87' lang='lat' dir='ltr'><strong>libro</strong></span> <span class='ocrx_word' id='word_1_311' title='bbox 1954 4149 2249 4223; x_wconf 74' lang='lat' dir='ltr'><strong>Jesu(x1x,</strong></span> <span class='ocrx_word' id='word_1_312' title='bbox 2294 4152 2345 4217; x_wconf 80' lang='lat' dir='ltr'><strong>i,</strong></span> <span class='ocrx_word' id='word_1_313' title='bbox 2381 4152 2436 4224; x_wconf 76' lang='grc'>2)</span> 
     </span>
    </p>
   </div>
   <div class='ocr_carea' id='block_1_43' title="bbox 864 4238 2436 4311">
    <p class='ocr_par' dir='ltr' id='par_1_43' title="bbox 864 4238 2436 4311">
     <span class='ocr_line' id='line_1_43' title="bbox 864 4238 2436 4311; baseline 0.004 -21"><span class='ocrx_word' id='word_1_314' title='bbox 864 4239 1124 4309; x_wconf 89' lang='lat' dir='ltr'><strong>scriptum</strong></span> <span class='ocrx_word' id='word_1_315' title='bbox 1166 4247 1286 4302; x_wconf 88' lang='lat' dir='ltr'><strong>est,</strong></span> <span class='ocrx_word' id='word_1_316' title='bbox 1315 4239 1456 4308; x_wconf 88' lang='lat' dir='ltr'><strong>quod</strong></span> <span class='ocrx_word' id='word_1_317' title='bbox 1489 4246 1545 4293; x_wconf 88' lang='lat' dir='ltr'><strong>et</strong></span> <span class='ocrx_word' id='word_1_318' title='bbox 1578 4240 1690 4309; x_wconf 77' lang='lat' dir='ltr'><strong>ipse</strong></span> <span class='ocrx_word' id='word_1_319' title='bbox 1710 4240 1984 4311; x_wconf 87' lang='lat' dir='ltr'><strong>proprium</strong></span> <span class='ocrx_word' id='word_1_320' title='bbox 2013 4238 2301 4295; x_wconf 86' lang='lat' dir='ltr'><strong>funiculum</strong></span> <span class='ocrx_word' id='word_1_321' title='bbox 2332 4256 2436 4296; x_wconf 93' lang='lat' dir='ltr'><strong>non</strong></span> 
     </span>
    </p>
   </div>
   <div class='ocr_carea' id='block_1_44' title="bbox 865 4329 2258 4402">
    <p class='ocr_par' dir='ltr' id='par_1_44' title="bbox 865 4329 2258 4402">
     <span class='ocr_line' id='line_1_44' title="bbox 865 4329 2258 4402; baseline 0.002 -20"><span class='ocrx_word' id='word_1_322' title='bbox 865 4331 1149 4402; x_wconf 85' lang='lat' dir='ltr'><strong>acceperit,</strong></span> <span class='ocrx_word' id='word_1_323' title='bbox 1181 4332 1276 4385; x_wconf 86' lang='lat' dir='ltr'><strong>sed</strong></span> <span class='ocrx_word' id='word_1_324' title='bbox 1302 4332 1368 4385; x_wconf 90' lang='lat' dir='ltr'><strong>de</strong></span> <span class='ocrx_word' id='word_1_325' title='bbox 1390 4330 1533 4385; x_wconf 86' lang='lat' dir='ltr'><strong>tribu</strong></span> <span class='ocrx_word' id='word_1_326' title='bbox 1557 4329 1693 4385; x_wconf 71' lang='lat' dir='ltr'><strong>Iuda</strong></span> <span class='ocrx_word' id='word_1_327' title='bbox 1715 4331 1966 4400; x_wconf 83' lang='lat' dir='ltr'><strong>quiddam</strong></span> <span class='ocrx_word' id='word_1_328' title='bbox 1994 4330 2258 4385; x_wconf 82' lang='lat' dir='ltr'><strong>habuerit.</strong></span> 
     </span>
    </p>
   </div>
   <div class='ocr_carea' id='block_1_45' title="bbox 933 4418 2440 4488">
    <p class='ocr_par' dir='ltr' id='par_1_45' title="bbox 933 4418 2440 4488">
     <span class='ocr_line' id='line_1_45' title="bbox 933 4418 2440 4488; baseline 0.001 -14"><span class='ocrx_word' id='word_1_329' title='bbox 933 4419 1076 4474; x_wconf 83' lang='lat' dir='ltr'><strong>Juda</strong></span> <span class='ocrx_word' id='word_1_330' title='bbox 1099 4430 1147 4475; x_wconf 87' lang='lat' dir='ltr'><strong>te</strong></span> <span class='ocrx_word' id='word_1_331' title='bbox 1166 4418 1451 4475; x_wconf 72' lang='lat' dir='ltr'><strong>laudabunt</strong></span> <span class='ocrx_word' id='word_1_332' title='bbox 1480 4418 1669 4488; x_wconf 87' lang='lat' dir='ltr'><strong>fratres</strong></span> <span class='ocrx_word' id='word_1_333' title='bbox 1694 4420 1791 4485; x_wconf 86' lang='lat' dir='ltr'><strong>tui,</strong></span> <span class='ocrx_word' id='word_1_334' title='bbox 1812 4436 2002 4483; x_wconf 77' lang='lat' dir='ltr'><strong>manus</strong></span> <span class='ocrx_word' id='word_1_335' title='bbox 2026 4422 2207 4475; x_wconf 71' lang='lat' dir='ltr'><strong>tumin</strong></span> <span class='ocrx_word' id='word_1_336' title='bbox 2230 4422 2440 4475; x_wconf 68' lang='lat' dir='ltr'><strong>cenxici-</strong></span> 
     </span>
    </p>
   </div>
   <div class='ocr_carea' id='block_1_46' title="bbox 866 4509 2434 4583">
    <p class='ocr_par' dir='ltr' id='par_1_46' title="bbox 866 4509 2434 4583">
     <span class='ocr_line' id='line_1_46' title="bbox 866 4509 2434 4583; baseline -0.002 -17"><span class='ocrx_word' id='word_1_337' title='bbox 866 4511 960 4566; x_wconf 78' lang='lat' dir='ltr'><strong>bus</strong></span> <span class='ocrx_word' id='word_1_338' title='bbox 985 4512 1313 4568; x_wconf 83' lang='lat' dir='ltr'><strong>inimicorum</strong></span> <span class='ocrx_word' id='word_1_339' title='bbox 1340 4520 1547 4566; x_wconf 87' lang='lat' dir='ltr'><strong>tuorum</strong></span> <span class='ocrx_word' id='word_1_340' title='bbox 1579 4526 1598 4565; x_wconf 90' lang='lat'><strong><em>:</em></strong></span> <span class='ocrx_word' id='word_1_341' title='bbox 1621 4509 1912 4565; x_wconf 89' lang='lat' dir='ltr'><strong>adorabunt</strong></span> <span class='ocrx_word' id='word_1_342' title='bbox 1937 4521 1987 4564; x_wconf 87' lang='lat' dir='ltr'><strong>te</strong></span> <span class='ocrx_word' id='word_1_343' title='bbox 2006 4509 2114 4580; x_wconf 72' lang='lat' dir='ltr'><strong>ﬁlii</strong></span> <span class='ocrx_word' id='word_1_344' title='bbox 2144 4512 2309 4583; x_wconf 84' lang='lat' dir='ltr'><strong>patris</strong></span> <span class='ocrx_word' id='word_1_345' title='bbox 2337 4512 2434 4565; x_wconf 88' lang='lat' dir='ltr'><strong>tui.</strong></span> 
     </span>
    </p>
   </div>
   <div class='ocr_carea' id='block_1_47' title="bbox 864 4599 2437 4674">
    <p class='ocr_par' dir='ltr' id='par_1_47' title="bbox 864 4599 2437 4674">
     <span class='ocr_line' id='line_1_47' title="bbox 864 4599 2437 4674; baseline 0 -18"><span class='ocrx_word' id='word_1_346' title='bbox 864 4602 1082 4657; x_wconf 76' lang='lat' dir='ltr'><strong>Catulus</strong></span> <span class='ocrx_word' id='word_1_347' title='bbox 1112 4602 1273 4659; x_wconf 79' lang='lat' dir='ltr'><strong>leonis</strong></span> <span class='ocrx_word' id='word_1_348' title='bbox 1302 4602 1469 4667; x_wconf 72' lang='lat' dir='ltr'><strong>Iuda,</strong></span> <span class='ocrx_word' id='word_1_349' title='bbox 1518 4601 1588 4655; x_wconf 89' lang='lat' dir='ltr'><strong>ad</strong></span> <span class='ocrx_word' id='word_1_350' title='bbox 1624 4601 1885 4674; x_wconf 73' lang='lat' dir='ltr'><strong>prwdam,</strong></span> <span class='ocrx_word' id='word_1_351' title='bbox 1911 4599 1991 4670; x_wconf 81' lang='lat' dir='ltr'><strong>fili</strong></span> <span class='ocrx_word' id='word_1_352' title='bbox 2035 4602 2128 4666; x_wconf 87' lang='lat' dir='ltr'><strong>mi,</strong></span> <span class='ocrx_word' id='word_1_353' title='bbox 2158 4602 2437 4657; x_wconf 81' lang='lat' dir='ltr'><strong>ascendiin</strong></span> 
     </span>
    </p>
   </div>
   <div class='ocr_carea' id='block_1_48' title="bbox 867 4692 2430 4765">
    <p class='ocr_par' dir='ltr' id='par_1_48' title="bbox 867 4692 2430 4765">
     <span class='ocr_line' id='line_1_48' title="bbox 867 4692 2430 4765; baseline -0.001 -16"><span class='ocrx_word' id='word_1_354' title='bbox 867 4692 1019 4765; x_wconf 85' lang='lat' dir='ltr'><strong>(Gen.</strong></span> <span class='ocrx_word' id='word_1_355' title='bbox 1047 4711 1194 4760; x_wconf 66' lang='grc' dir='ltr'><strong>χιιι,</strong></span> <span class='ocrx_word' id='word_1_356' title='bbox 1219 4694 1274 4761; x_wconf 87' lang='lat'><strong>8,</strong></span> <span class='ocrx_word' id='word_1_357' title='bbox 1304 4694 1380 4764; x_wconf 88' lang='lat'><strong>9).</strong></span> <span class='ocrx_word' id='word_1_358' title='bbox 1420 4692 1567 4759; x_wconf 87' lang='lat' dir='ltr'><strong>Sive,</strong></span> <span class='ocrx_word' id='word_1_359' title='bbox 1594 4703 1654 4748; x_wconf 86' lang='lat' dir='ltr'><strong>ut</strong></span> <span class='ocrx_word' id='word_1_360' title='bbox 1691 4693 1744 4747; x_wconf 92' lang='lat' dir='ltr'><strong>in</strong></span> <span class='ocrx_word' id='word_1_361' title='bbox 1771 4692 1993 4749; x_wconf 69' lang='lat' dir='ltr'><strong>Hebraeo</strong></span> <span class='ocrx_word' id='word_1_362' title='bbox 2021 4695 2278 4765; x_wconf 84' lang='lat' dir='ltr'><strong>scriptum</strong></span> <span class='ocrx_word' id='word_1_363' title='bbox 2303 4703 2386 4751; x_wconf 89' lang='lat' dir='ltr'><strong>est</strong></span> <span class='ocrx_word' id='word_1_364' title='bbox 2417 4715 2430 4747; x_wconf 89' lang='lat'>:</span> 
     </span>
    </p>
   </div>
   <div class='ocr_carea' id='block_1_49' title="bbox 866 4783 2433 4855">
    <p class='ocr_par' dir='ltr' id='par_1_49' title="bbox 866 4783 2433 4855">
     <span class='ocr_line' id='line_1_49' title="bbox 866 4783 2433 4855; baseline -0.001 -17"><span class='ocrx_word' id='word_1_365' title='bbox 866 4786 930 4839; x_wconf 87' lang='lat' dir='ltr'><strong>de</strong></span> <span class='ocrx_word' id='word_1_366' title='bbox 956 4786 1269 4855; x_wconf 84' lang='lat' dir='ltr'><strong>captivitate,</strong></span> <span class='ocrx_word' id='word_1_367' title='bbox 1307 4784 1387 4855; x_wconf 79' lang='lat' dir='ltr'><strong>ﬁli</strong></span> <span class='ocrx_word' id='word_1_368' title='bbox 1431 4784 1522 4850; x_wconf 81' lang='lat' dir='ltr'><strong>mi,</strong></span> <span class='ocrx_word' id='word_1_369' title='bbox 1569 4783 1845 4838; x_wconf 87' lang='lat' dir='ltr'><strong>ascendisti</strong></span> <span class='ocrx_word' id='word_1_370' title='bbox 1872 4801 1889 4838; x_wconf 91' lang='lat'><strong><em>:</em></strong></span> <span class='ocrx_word' id='word_1_371' title='bbox 1917 4785 2235 4855; x_wconf 80' lang='lat' dir='ltr'><strong>requiescens</strong></span> <span class='ocrx_word' id='word_1_372' title='bbox 2276 4802 2433 4839; x_wconf 89' lang='lat' dir='ltr'><strong>accu-</strong></span> 
     </span>
    </p>
   </div>
   <div class='ocr_carea' id='block_1_50' title="bbox 868 4874 2435 4944">
    <p class='ocr_par' dir='ltr' id='par_1_50' title="bbox 868 4874 2435 4944">
     <span class='ocr_line' id='line_1_50' title="bbox 868 4874 2435 4944; baseline -0.001 -13"><span class='ocrx_word' id='word_1_373' title='bbox 868 4877 1025 4931; x_wconf 79' lang='lat' dir='ltr'><strong>buisti</strong></span> <span class='ocrx_word' id='word_1_374' title='bbox 1052 4886 1108 4928; x_wconf 75' lang='lat' dir='ltr'><strong>ut</strong></span> <span class='ocrx_word' id='word_1_375' title='bbox 1136 4875 1234 4937; x_wconf 89' lang='lat' dir='ltr'><strong>leo,</strong></span> <span class='ocrx_word' id='word_1_376' title='bbox 1264 4885 1311 4929; x_wconf 89' lang='lat' dir='ltr'><strong>et</strong></span> <span class='ocrx_word' id='word_1_377' title='bbox 1336 4876 1485 4944; x_wconf 89' lang='lat' dir='ltr'><strong>quasi</strong></span> <span class='ocrx_word' id='word_1_378' title='bbox 1501 4874 1672 4928; x_wconf 67' lang='lat' dir='ltr'><strong>ieana</strong></span> <span class='ocrx_word' id='word_1_379' title='bbox 1692 4876 1805 4944; x_wconf 85' lang='lat' dir='ltr'><strong>quis</strong></span> <span class='ocrx_word' id='word_1_380' title='bbox 1830 4875 2095 4928; x_wconf 84' lang='lat' dir='ltr'><strong>suscitabit</strong></span> <span class='ocrx_word' id='word_1_381' title='bbox 2123 4877 2279 4929; x_wconf 75' lang='lat' dir='ltr'><strong>eum?</strong></span> <span class='ocrx_word' id='word_1_382' title='bbox 2301 4875 2435 4942; x_wconf 81' lang='lat' dir='ltr'><strong>Quia</strong></span> 
     </span>
    </p>
   </div>
   <div class='ocr_carea' id='block_1_51' title="bbox 866 4963 2438 5033">
    <p class='ocr_par' dir='ltr' id='par_1_51' title="bbox 866 4963 2438 5033">
     <span class='ocr_line' id='line_1_51' title="bbox 866 4963 2438 5033; baseline -0.003 -10"><span class='ocrx_word' id='word_1_383' title='bbox 866 4966 1003 5023; x_wconf 75' lang='lat' dir='ltr'><strong>luds</strong></span> <span class='ocrx_word' id='word_1_384' title='bbox 1028 4964 1295 5022; x_wconf 81' lang='lat' dir='ltr'><strong>confessio</strong></span> <span class='ocrx_word' id='word_1_385' title='bbox 1321 4965 1435 5018; x_wconf 83' lang='lat' dir='ltr'><strong>sive</strong></span> <span class='ocrx_word' id='word_1_386' title='bbox 1466 4963 1585 5019; x_wconf 88' lang='lat' dir='ltr'><strong>laus</strong></span> <span class='ocrx_word' id='word_1_387' title='bbox 1626 4964 2027 5033; x_wconf 86' lang='lat' dir='ltr'><strong>interpretatur,</strong></span> <span class='ocrx_word' id='word_1_388' title='bbox 2057 4972 2202 5018; x_wconf 89' lang='lat' dir='ltr'><strong>recte</strong></span> <span class='ocrx_word' id='word_1_389' title='bbox 2245 4965 2438 5020; x_wconf 84' lang='lat' dir='ltr'><strong>scribi-</strong></span> 
     </span>
    </p>
   </div>
   <div class='ocr_carea' id='block_1_52' title="bbox 869 5052 2436 5124">
    <p class='ocr_par' dir='ltr' id='par_1_52' title="bbox 869 5052 2436 5124">
     <span class='ocr_line' id='line_1_52' title="bbox 869 5052 2436 5124; baseline -0.004 -9"><span class='ocrx_word' id='word_1_390' title='bbox 869 5070 993 5117; x_wconf 85' lang='lat' dir='ltr'><strong>tur:</strong></span> <span class='ocrx_word' id='word_1_391' title='bbox 1016 5056 1161 5113; x_wconf 75' lang='lat' dir='ltr'><strong>Juda</strong></span> <span class='ocrx_word' id='word_1_392' title='bbox 1182 5054 1566 5124; x_wconf 71' lang='lat' dir='ltr'><strong>conﬁtebuntur</strong></span> <span class='ocrx_word' id='word_1_393' title='bbox 1587 5053 1680 5107; x_wconf 75' lang='lat' dir='ltr'><strong>tibi</strong></span> <span class='ocrx_word' id='word_1_394' title='bbox 1700 5052 1889 5122; x_wconf 80' lang='lat' dir='ltr'><strong>fratres</strong></span> <span class='ocrx_word' id='word_1_395' title='bbox 1909 5054 2003 5116; x_wconf 85' lang='lat' dir='ltr'><strong>tui,</strong></span> <span class='ocrx_word' id='word_1_396' title='bbox 2032 5052 2117 5106; x_wconf 83' lang='lat' dir='ltr'><strong>vel</strong></span> <span class='ocrx_word' id='word_1_397' title='bbox 2147 5052 2436 5108; x_wconf 82' lang='lat' dir='ltr'><strong>laudabunt</strong></span> 
     </span>
    </p>
   </div>
   <div class='ocr_carea' id='block_1_53' title="bbox 868 5134 2436 5220">
    <p class='ocr_par' dir='ltr' id='par_1_53' title="bbox 868 5134 2436 5220">
     <span class='ocr_line' id='line_1_53' title="bbox 868 5134 2436 5220; baseline -0.002 -16"><span class='ocrx_word' id='word_1_398' title='bbox 868 5161 937 5204; x_wconf 90' lang='lat' dir='ltr'><strong>te.</strong></span> <span class='ocrx_word' id='word_1_399' title='bbox 965 5149 1033 5203; x_wconf 80' lang='lat' dir='ltr'><strong>Et</strong></span> <span class='ocrx_word' id='word_1_400' title='bbox 1062 5148 1187 5202; x_wconf 89' lang='lat' dir='ltr'><strong>licet</strong></span> <span class='ocrx_word' id='word_1_401' title='bbox 1204 5147 1272 5201; x_wconf 88' lang='lat' dir='ltr'><strong>de</strong></span> <span class='ocrx_word' id='word_1_402' title='bbox 1300 5145 1516 5200; x_wconf 85' lang='lat' dir='ltr'><strong>Christo</strong></span> <span class='ocrx_word' id='word_1_403' title='bbox 1541 5134 1741 5216; x_wconf 81' lang='lat' dir='ltr'><strong>grande</strong></span> <span class='ocrx_word' id='word_1_404' title='bbox 1783 5146 1854 5199; x_wconf 85' lang='lat' dir='ltr'><strong>sit</strong></span> <span class='ocrx_word' id='word_1_405' title='bbox 1888 5146 2227 5220; x_wconf 81' lang='lat' dir='ltr'><strong>mysterium,</strong></span> <span class='ocrx_word' id='word_1_406' title='bbox 2258 5154 2436 5201; x_wconf 85' lang='lat' dir='ltr'><strong>tamen</strong></span> 
     </span>
    </p>
   </div>
   <div class='ocr_carea' id='block_1_54' title="bbox 870 5235 2437 5307">
    <p class='ocr_par' dir='ltr' id='par_1_54' title="bbox 870 5235 2437 5307">
     <span class='ocr_line' id='line_1_54' title="bbox 870 5235 2437 5307; baseline -0.001 -12"><span class='ocrx_word' id='word_1_407' title='bbox 870 5235 1163 5295; x_wconf 79' lang='lat' dir='ltr'><strong>secundum</strong></span> <span class='ocrx_word' id='word_1_408' title='bbox 1188 5237 1426 5293; x_wconf 87' lang='lat' dir='ltr'><strong>litteram</strong></span> <span class='ocrx_word' id='word_1_409' title='bbox 1453 5235 1720 5307; x_wconf 66' lang='lat' dir='ltr'><strong>similicat</strong></span> <span class='ocrx_word' id='word_1_410' title='bbox 1745 5236 1885 5307; x_wconf 88' lang='lat' dir='ltr'><strong>quod</strong></span> <span class='ocrx_word' id='word_1_411' title='bbox 1909 5250 2006 5305; x_wconf 86' lang='lat' dir='ltr'><strong>per</strong></span> <span class='ocrx_word' id='word_1_412' title='bbox 2029 5238 2249 5307; x_wconf 86' lang='lat' dir='ltr'><strong>stirpem</strong></span> <span class='ocrx_word' id='word_1_413' title='bbox 2269 5238 2437 5293; x_wconf 85' lang='lat' dir='ltr'><strong>David</strong></span> 
     </span>
    </p>
   </div>
   <div class='ocr_carea' id='block_1_55' title="bbox 870 5326 2438 5403">
    <p class='ocr_par' dir='ltr' id='par_1_55' title="bbox 870 5326 2438 5403">
     <span class='ocr_line' id='line_1_55' title="bbox 870 5326 2438 5403; baseline 0.001 -19"><span class='ocrx_word' id='word_1_414' title='bbox 870 5336 1197 5403; x_wconf 77' lang='lat' dir='ltr'><strong>generantur</strong></span> <span class='ocrx_word' id='word_1_415' title='bbox 1222 5341 1397 5400; x_wconf 85' lang='lat' dir='ltr'><strong>reges,</strong></span> <span class='ocrx_word' id='word_1_416' title='bbox 1424 5339 1479 5385; x_wconf 88' lang='lat' dir='ltr'><strong>et</strong></span> <span class='ocrx_word' id='word_1_417' title='bbox 1504 5326 1645 5399; x_wconf 90' lang='lat' dir='ltr'><strong>quod</strong></span> <span class='ocrx_word' id='word_1_418' title='bbox 1676 5328 1964 5383; x_wconf 80' lang='lat' dir='ltr'><strong>adorarent</strong></span> <span class='ocrx_word' id='word_1_419' title='bbox 1989 5342 2112 5383; x_wconf 88' lang='lat' dir='ltr'><strong>eum</strong></span> <span class='ocrx_word' id='word_1_420' title='bbox 2136 5330 2322 5386; x_wconf 84' lang='lat' dir='ltr'><strong>omnes</strong></span> <span class='ocrx_word' id='word_1_421' title='bbox 2341 5331 2438 5385; x_wconf 83' lang='lat' dir='ltr'><strong>tri-</strong></span> 
     </span>
    </p>
   </div>
   <div class='ocr_carea' id='block_1_56' title="bbox 872 5403 2437 5493">
    <p class='ocr_par' dir='ltr' id='par_1_56' title="bbox 872 5403 2437 5493">
     <span class='ocr_line' id='line_1_56' title="bbox 872 5403 2437 5493; baseline -0.001 -17"><span class='ocrx_word' id='word_1_422' title='bbox 872 5419 990 5477; x_wconf 78' lang='lat' dir='ltr'><strong>bus.</strong></span> <span class='ocrx_word' id='word_1_423' title='bbox 1017 5416 1135 5473; x_wconf 82' lang='lat' dir='ltr'><strong>Non</strong></span> <span class='ocrx_word' id='word_1_424' title='bbox 1168 5403 1312 5473; x_wconf 82' lang='lat' dir='ltr'><strong>enim</strong></span> <span class='ocrx_word' id='word_1_425' title='bbox 1340 5419 1435 5483; x_wconf 78' lang='lat' dir='ltr'><strong>sit,</strong></span> <span class='ocrx_word' id='word_1_426' title='bbox 1462 5418 1556 5473; x_wconf 79' lang='lat' dir='ltr'><strong>mn</strong></span> <span class='ocrx_word' id='word_1_427' title='bbox 1599 5418 1789 5473; x_wconf 86' lang='lat' dir='ltr'><strong>matris</strong></span> <span class='ocrx_word' id='word_1_428' title='bbox 1831 5426 1954 5483; x_wconf 64' lang='lat' dir='ltr'><strong>tua,</strong></span> <span class='ocrx_word' id='word_1_429' title='bbox 2002 5416 2116 5482; x_wconf 87' lang='lat' dir='ltr'><strong>sed,</strong></span> <span class='ocrx_word' id='word_1_430' title='bbox 2149 5418 2248 5487; x_wconf 79' lang='lat' dir='ltr'><strong>filii</strong></span> <span class='ocrx_word' id='word_1_431' title='bbox 2273 5419 2437 5493; x_wconf 77' lang='lat' dir='ltr'><strong>patris</strong></span> 
     </span>
    </p>
   </div>
   <div class='ocr_carea' id='block_1_57' title="bbox 870 5505 2434 5578">
    <p class='ocr_par' dir='ltr' id='par_1_57' title="bbox 870 5505 2434 5578">
     <span class='ocr_line' id='line_1_57' title="bbox 870 5505 2434 5578; baseline -0.001 -15"><span class='ocrx_word' id='word_1_432' title='bbox 870 5507 969 5563; x_wconf 74' lang='lat' dir='ltr'><strong>tul.</strong></span> <span class='ocrx_word' id='word_1_433' title='bbox 990 5505 1216 5578; x_wconf 76' lang='lat' dir='ltr'><strong>thuod</strong></span> <span class='ocrx_word' id='word_1_434' title='bbox 1234 5506 1507 5578; x_wconf 80' lang='lat' dir='ltr'><strong>sequitur:</strong></span> <span class='ocrx_word' id='word_1_435' title='bbox 1531 5505 1611 5562; x_wconf 75' lang='lat' dir='ltr'><strong>Ad</strong></span> <span class='ocrx_word' id='word_1_436' title='bbox 1629 5506 1881 5577; x_wconf 71' lang='lat' dir='ltr'><strong>prmium,</strong></span> <span class='ocrx_word' id='word_1_437' title='bbox 1908 5506 1987 5576; x_wconf 77' lang='lat' dir='ltr'><strong>fili</strong></span> <span class='ocrx_word' id='word_1_438' title='bbox 2014 5509 2106 5571; x_wconf 83' lang='lat' dir='ltr'><strong>mi,</strong></span> <span class='ocrx_word' id='word_1_439' title='bbox 2137 5509 2434 5574; x_wconf 84' lang='lat' dir='ltr'><strong>ascendisti,</strong></span> 
     </span>
    </p>
   </div>
   <div class='ocr_carea' id='block_1_58' title="bbox 870 5595 2437 5669">
    <p class='ocr_par' dir='ltr' id='par_1_58' title="bbox 870 5595 2437 5669">
     <span class='ocr_line' id='line_1_58' title="bbox 870 5595 2437 5669; baseline 0 -16"><span class='ocrx_word' id='word_1_440' title='bbox 870 5598 1235 5654; x_wconf 83' lang='lat' dir='ltr'><strong>ostenditeum</strong></span> <span class='ocrx_word' id='word_1_441' title='bbox 1255 5595 1496 5669; x_wconf 85' lang='lat' dir='ltr'><strong>captivos</strong></span> <span class='ocrx_word' id='word_1_442' title='bbox 1515 5595 1736 5669; x_wconf 83' lang='lat' dir='ltr'><strong>populos</strong></span> <span class='ocrx_word' id='word_1_443' title='bbox 1755 5596 2038 5653; x_wconf 74' lang='lat' dir='ltr'><strong>ductumin</strong></span> <span class='ocrx_word' id='word_1_444' title='bbox 2062 5610 2201 5663; x_wconf 86' lang='lat' dir='ltr'><strong>esse,</strong></span> <span class='ocrx_word' id='word_1_445' title='bbox 2223 5607 2277 5654; x_wconf 90' lang='lat' dir='ltr'><strong>et</strong></span> <span class='ocrx_word' id='word_1_446' title='bbox 2282 5598 2437 5667; x_wconf 78' lang='lat' dir='ltr'><strong>juxta</strong></span> 
     </span>
    </p>
   </div>
   <div class='ocr_carea' id='block_1_59' title="bbox 874 5675 2435 5758">
    <p class='ocr_par' dir='ltr' id='par_1_59' title="bbox 874 5675 2435 5758">
     <span class='ocr_line' id='line_1_59' title="bbox 874 5675 2435 5758; baseline 0.003 -17"><span class='ocrx_word' id='word_1_447' title='bbox 874 5675 1272 5758; x_wconf 71' lang='lat' dir='ltr'><strong>intelligentiam</strong></span> <span class='ocrx_word' id='word_1_448' title='bbox 1314 5676 1682 5749; x_wconf 81' lang='lat' dir='ltr'><strong>sacratiorem;</strong></span> <span class='ocrx_word' id='word_1_449' title='bbox 1723 5685 1994 5743; x_wconf 78' lang='lat' dir='ltr'><strong>Christum</strong></span> <span class='ocrx_word' id='word_1_450' title='bbox 2052 5690 2357 5745; x_wconf 81' lang='lat' dir='ltr'><strong>ascendisse</strong></span> <span class='ocrx_word' id='word_1_451' title='bbox 2381 5688 2435 5745; x_wconf 91' lang='lat' dir='ltr'><strong>in</strong></span> 
     </span>
    </p>
   </div>
   <div class='ocr_carea' id='block_1_60' title="bbox 942 5815 2027 5891">
    <p class='ocr_par' dir='ltr' id='par_1_60' title="bbox 942 5815 2027 5891">
     <span class='ocr_line' id='line_1_60' title="bbox 942 5815 2027 5891; baseline 0 -16"><span class='ocrx_word' id='word_1_452' title='bbox 942 5832 968 5862; x_wconf 73' lang='grc' dir='ltr'>ι</span> <span class='ocrx_word' id='word_1_453' title='bbox 1001 5819 1082 5891; x_wconf 63' lang='grc' dir='ltr'>ξι</span> <span class='ocrx_word' id='word_1_454' title='bbox 1103 5816 1443 5891; x_wconf 75' lang='lat' dir='ltr'><strong>Hieronymo,</strong></span> <span class='ocrx_word' id='word_1_455' title='bbox 1472 5815 1564 5877; x_wconf 80' lang='lat' dir='ltr'><strong>lib.</strong></span> <span class='ocrx_word' id='word_1_456' title='bbox 1594 5815 1795 5891; x_wconf 67' lang='lat' dir='ltr'><strong>Quaest.</strong></span> <span class='ocrx_word' id='word_1_457' title='bbox 1817 5816 2027 5891; x_wconf 66' lang='lat' dir='ltr'><strong>inCea.</strong></span> 
     </span>
    </p>
   </div>
   <div class='ocr_carea' id='block_1_61' title="bbox 938 5886 1931 5961">
    <p class='ocr_par' dir='ltr' id='par_1_61' title="bbox 938 5886 1931 5961">
     <span class='ocr_line' id='line_1_61' title="bbox 938 5886 1931 5961; baseline -0.005 -17"><span class='ocrx_word' id='word_1_458' title='bbox 938 5892 967 5934; x_wconf 70' lang='grc' dir='ltr'><strong>ιν</strong></span> <span class='ocrx_word' id='word_1_459' title='bbox 1002 5886 1424 5961; x_wconf 71' lang='grc' dir='ltr'><strong>8οίιυοηυιήοη</strong></span> <span class='ocrx_word' id='word_1_460' title='bbox 1455 5897 1581 5943; x_wconf 89' lang='lat' dir='ltr'><strong>sunt</strong></span> <span class='ocrx_word' id='word_1_461' title='bbox 1603 5886 1931 5959; x_wconf 74' lang='lat' dir='ltr'><strong>Hieronymi.</strong></span> 
     </span>
    </p>
   </div>
   <div class='ocr_carea' id='block_1_62' title="bbox 2536 694 4103 776">
    <p class='ocr_par' dir='ltr' id='par_1_62' title="bbox 2536 694 4103 776">
     <span class='ocr_line' id='line_1_62' title="bbox 2536 694 4103 776; baseline 0.008 -26"><span class='ocrx_word' id='word_1_462' title='bbox 2536 694 2656 768; x_wconf 84' lang='lat'><strong>58);</strong></span> <span class='ocrx_word' id='word_1_463' title='bbox 2681 697 2814 764; x_wconf 87' lang='lat' dir='ltr'><strong>sive,</strong></span> <span class='ocrx_word' id='word_1_464' title='bbox 2862 701 3004 769; x_wconf 90' lang='lat' dir='ltr'><strong>quod</strong></span> <span class='ocrx_word' id='word_1_465' title='bbox 3052 701 3243 757; x_wconf 88' lang='lat' dir='ltr'><strong>melius</strong></span> <span class='ocrx_word' id='word_1_466' title='bbox 3286 712 3437 773; x_wconf 90' lang='lat' dir='ltr'><strong>puto,</strong></span> <span class='ocrx_word' id='word_1_467' title='bbox 3481 704 3763 774; x_wconf 89' lang='lat' dir='ltr'><strong>captivitas</strong></span> <span class='ocrx_word' id='word_1_468' title='bbox 3804 706 4103 776; x_wconf 88' lang='lat' dir='ltr'><strong>passionem</strong></span> 
     </span>
    </p>
   </div>
   <div class='ocr_carea' id='block_1_63' title="bbox 2536 794 4103 869">
    <p class='ocr_par' dir='ltr' id='par_1_63' title="bbox 2536 794 4103 869">
     <span class='ocr_line' id='line_1_63' title="bbox 2536 794 4103 869; baseline 0.008 -28"><span class='ocrx_word' id='word_1_469' title='bbox 2536 802 2793 844; x_wconf 88' lang='lat' dir='ltr'><strong>ascensus</strong></span> <span class='ocrx_word' id='word_1_470' title='bbox 2839 794 3287 849; x_wconf 86' lang='lat' dir='ltr'><strong>resurrectionem</strong></span> <span class='ocrx_word' id='word_1_471' title='bbox 3331 795 3615 865; x_wconf 86' lang='lat' dir='ltr'><strong>signiﬁcat.</strong></span> <span class='ocrx_word' id='word_1_472' title='bbox 3663 795 3899 869; x_wconf 79' lang='lat' dir='ltr'><strong>Alligans</strong></span> <span class='ocrx_word' id='word_1_473' title='bbox 3939 800 4006 854; x_wconf 90' lang='lat' dir='ltr'><strong>ad</strong></span> <span class='ocrx_word' id='word_1_474' title='bbox 4036 807 4103 854; x_wconf 81' lang='lat' dir='ltr'><strong>vt-</strong></span> 
     </span>
    </p>
   </div>
   <div class='ocr_carea' id='block_1_64' title="bbox 2537 878 4100 959">
    <p class='ocr_par' dir='ltr' id='par_1_64' title="bbox 2537 878 4100 959">
     <span class='ocr_line' id='line_1_64' title="bbox 2537 878 4100 959; baseline 0.008 -30"><span class='ocrx_word' id='word_1_475' title='bbox 2537 894 2686 931; x_wconf 83' lang='lat' dir='ltr'><strong>neam</strong></span> <span class='ocrx_word' id='word_1_476' title='bbox 2729 878 2931 948; x_wconf 86' lang='lat' dir='ltr'><strong>pullum</strong></span> <span class='ocrx_word' id='word_1_477' title='bbox 2974 898 3125 936; x_wconf 89' lang='lat' dir='ltr'><strong>suum</strong></span> <span class='ocrx_word' id='word_1_478' title='bbox 3167 893 3215 937; x_wconf 87' lang='lat' dir='ltr'><strong>et</strong></span> <span class='ocrx_word' id='word_1_479' title='bbox 3265 884 3334 937; x_wconf 86' lang='lat' dir='ltr'><strong>ad</strong></span> <span class='ocrx_word' id='word_1_480' title='bbox 3373 886 3522 938; x_wconf 87' lang='lat' dir='ltr'><strong>vitem</strong></span> <span class='ocrx_word' id='word_1_481' title='bbox 3547 886 3751 939; x_wconf 86' lang='lat' dir='ltr'><strong>asinam</strong></span> <span class='ocrx_word' id='word_1_482' title='bbox 3774 887 4100 959; x_wconf 12' lang='lat' dir='ltr'><strong>suami(Gen.</strong></span> 
     </span>
    </p>
   </div>
   <div class='ocr_carea' id='block_1_65' title="bbox 2535 969 4103 1050">
    <p class='ocr_par' dir='ltr' id='par_1_65' title="bbox 2535 969 4103 1050">
     <span class='ocr_line' id='line_1_65' title="bbox 2535 969 4103 1050; baseline 0.01 -29"><span class='ocrx_word' id='word_1_483' title='bbox 2535 984 2680 1033; x_wconf 61' lang='grc' dir='ltr'>χιιι,</span> <span class='ocrx_word' id='word_1_484' title='bbox 2714 969 2822 1044; x_wconf 81' lang='grc' dir='ltr'><strong>Η).</strong></span> <span class='ocrx_word' id='word_1_485' title='bbox 2851 972 3004 1039; x_wconf 84' lang='lat' dir='ltr'><strong>Quod</strong></span> <span class='ocrx_word' id='word_1_486' title='bbox 3030 975 3499 1046; x_wconf 68' lang='lat' dir='ltr'><strong>videlicetpullum</strong></span> <span class='ocrx_word' id='word_1_487' title='bbox 3528 977 3713 1043; x_wconf 69' lang='lat' dir='ltr'><strong>asinte,</strong></span> <span class='ocrx_word' id='word_1_488' title='bbox 3744 981 3830 1033; x_wconf 91' lang='lat' dir='ltr'><strong>cui</strong></span> <span class='ocrx_word' id='word_1_489' title='bbox 3858 995 4103 1050; x_wconf 87' lang='lat' dir='ltr'><strong>superse-</strong></span> 
     </span>
    </p>
   </div>
   <div class='ocr_carea' id='block_1_66' title="bbox 2536 1054 4106 1139">
    <p class='ocr_par' dir='ltr' id='par_1_66' title="bbox 2536 1054 4106 1139">
     <span class='ocr_line' id='line_1_66' title="bbox 2536 1054 4106 1139; baseline 0.008 -28"><span class='ocrx_word' id='word_1_490' title='bbox 2536 1056 2615 1112; x_wconf 90' lang='lat' dir='ltr'><strong>dit</strong></span> <span class='ocrx_word' id='word_1_491' title='bbox 2638 1057 2814 1126; x_wconf 82' lang='lat' dir='ltr'><strong>Jesus,</strong></span> <span class='ocrx_word' id='word_1_492' title='bbox 2840 1063 2943 1118; x_wconf 91' lang='lat' dir='ltr'><strong>hoc</strong></span> <span class='ocrx_word' id='word_1_493' title='bbox 2966 1072 3069 1129; x_wconf 90' lang='lat' dir='ltr'><strong>est,</strong></span> <span class='ocrx_word' id='word_1_494' title='bbox 3101 1065 3377 1135; x_wconf 88' lang='lat' dir='ltr'><strong>gentilium</strong></span> <span class='ocrx_word' id='word_1_495' title='bbox 3401 1068 3673 1137; x_wconf 88' lang='lat' dir='ltr'><strong>populum,</strong></span> <span class='ocrx_word' id='word_1_496' title='bbox 3702 1069 3869 1123; x_wconf 76' lang='lat' dir='ltr'><strong>vinea:</strong></span> <span class='ocrx_word' id='word_1_497' title='bbox 3898 1054 4106 1139; x_wconf 55' lang='lat' dir='ltr'><strong>aposto.</strong></span> 
     </span>
    </p>
   </div>
   <div class='ocr_carea' id='block_1_67' title="bbox 2535 1149 4102 1227">
    <p class='ocr_par' dir='ltr' id='par_1_67' title="bbox 2535 1149 4102 1227">
     <span class='ocr_line' id='line_1_67' title="bbox 2535 1149 4102 1227; baseline 0.005 -24"><span class='ocrx_word' id='word_1_498' title='bbox 2535 1149 2729 1215; x_wconf 90' lang='lat' dir='ltr'><strong>lorum,</strong></span> <span class='ocrx_word' id='word_1_499' title='bbox 2763 1153 2854 1221; x_wconf 89' lang='lat' dir='ltr'><strong>qui</strong></span> <span class='ocrx_word' id='word_1_500' title='bbox 2876 1170 2943 1208; x_wconf 79' lang='lat' dir='ltr'><strong>ex</strong></span> <span class='ocrx_word' id='word_1_501' title='bbox 2969 1154 3168 1210; x_wconf 62' lang='lat' dir='ltr'><strong>Iudaeis</strong></span> <span class='ocrx_word' id='word_1_502' title='bbox 3190 1164 3338 1220; x_wconf 87' lang='lat' dir='ltr'><strong>sunt,</strong></span> <span class='ocrx_word' id='word_1_503' title='bbox 3361 1156 3714 1227; x_wconf 84' lang='lat' dir='ltr'><strong>copulaverit,</strong></span> <span class='ocrx_word' id='word_1_504' title='bbox 3742 1166 3796 1213; x_wconf 92' lang='lat' dir='ltr'><strong>et</strong></span> <span class='ocrx_word' id='word_1_505' title='bbox 3824 1159 3891 1212; x_wconf 91' lang='lat' dir='ltr'><strong>ad</strong></span> <span class='ocrx_word' id='word_1_506' title='bbox 3921 1158 4102 1224; x_wconf 84' lang='lat' dir='ltr'><strong>vitem,</strong></span> 
     </span>
    </p>
   </div>
   <div class='ocr_carea' id='block_1_68' title="bbox 2534 1243 4105 1321">
    <p class='ocr_par' dir='ltr' id='par_1_68' title="bbox 2534 1243 4105 1321">
     <span class='ocr_line' id='line_1_68' title="bbox 2534 1243 4105 1321; baseline 0.006 -24"><span class='ocrx_word' id='word_1_507' title='bbox 2534 1243 2668 1307; x_wconf 84' lang='lat' dir='ltr'><strong>sive,</strong></span> <span class='ocrx_word' id='word_1_508' title='bbox 2694 1250 2755 1297; x_wconf 87' lang='lat' dir='ltr'><strong>ut</strong></span> <span class='ocrx_word' id='word_1_509' title='bbox 2785 1245 2839 1297; x_wconf 91' lang='lat' dir='ltr'><strong>in</strong></span> <span class='ocrx_word' id='word_1_510' title='bbox 2877 1244 3101 1300; x_wconf 71' lang='lat' dir='ltr'><strong>Hebraeo</strong></span> <span class='ocrx_word' id='word_1_511' title='bbox 3129 1247 3358 1301; x_wconf 88' lang='lat' dir='ltr'><strong>habetur</strong></span> <span class='ocrx_word' id='word_1_512' title='bbox 3384 1245 3475 1319; x_wconf 88' lang='lat' dir='ltr'><strong>[ad</strong></span> <span class='ocrx_word' id='word_1_513' title='bbox 3504 1247 3746 1321; x_wconf 87' lang='lat' dir='ltr'><strong>Soreth],</strong></span> <span class='ocrx_word' id='word_1_514' title='bbox 3778 1250 3828 1303; x_wconf 91' lang='lat' dir='ltr'><strong>id</strong></span> <span class='ocrx_word' id='word_1_515' title='bbox 3869 1261 3970 1315; x_wconf 91' lang='lat' dir='ltr'><strong>cst,</strong></span> <span class='ocrx_word' id='word_1_516' title='bbox 4000 1251 4105 1306; x_wconf 59' lang='lat' dir='ltr'><strong>elev</strong></span> 
     </span>
    </p>
   </div>
   <div class='ocr_carea' id='block_1_69' title="bbox 2536 1335 4110 1410">
    <p class='ocr_par' dir='ltr' id='par_1_69' title="bbox 2536 1335 4110 1410">
     <span class='ocr_line' id='line_1_69' title="bbox 2536 1335 4110 1410; baseline 0.005 -22"><span class='ocrx_word' id='word_1_517' title='bbox 2536 1343 2677 1388; x_wconf 81' lang='lat' dir='ltr'><strong>ctam</strong></span> <span class='ocrx_word' id='word_1_518' title='bbox 2698 1335 2859 1389; x_wconf 85' lang='lat' dir='ltr'><strong>vitem</strong></span> <span class='ocrx_word' id='word_1_519' title='bbox 2890 1336 3190 1407; x_wconf 87' lang='lat' dir='ltr'><strong>alligaverit</strong></span> <span class='ocrx_word' id='word_1_520' title='bbox 3226 1338 3458 1404; x_wconf 88' lang='lat' dir='ltr'><strong>asinam,</strong></span> <span class='ocrx_word' id='word_1_521' title='bbox 3481 1340 3565 1392; x_wconf 90' lang='lat' dir='ltr'><strong>cui</strong></span> <span class='ocrx_word' id='word_1_522' title='bbox 3592 1339 3897 1410; x_wconf 84' lang='lat' dir='ltr'><strong>supersedit,</strong></span> <span class='ocrx_word' id='word_1_523' title='bbox 3926 1340 4110 1396; x_wconf 85' lang='lat' dir='ltr'><strong>Eccle-</strong></span> 
     </span>
    </p>
   </div>
   <div class='ocr_carea' id='block_1_70' title="bbox 2535 1424 4105 1499">
    <p class='ocr_par' dir='ltr' id='par_1_70' title="bbox 2535 1424 4105 1499">
     <span class='ocr_line' id='line_1_70' title="bbox 2535 1424 4105 1499; baseline 0.005 -20"><span class='ocrx_word' id='word_1_524' title='bbox 2535 1424 2613 1479; x_wconf 88' lang='lat' dir='ltr'><strong>sia</strong></span> <span class='ocrx_word' id='word_1_525' title='bbox 2639 1438 2706 1478; x_wconf 80' lang='lat' dir='ltr'><strong>ex</strong></span> <span class='ocrx_word' id='word_1_526' title='bbox 2732 1426 3036 1481; x_wconf 84' lang='lat' dir='ltr'><strong>nationibus</strong></span> <span class='ocrx_word' id='word_1_527' title='bbox 3064 1438 3405 1499; x_wconf 86' lang='lat' dir='ltr'><strong>congregata.</strong></span> <span class='ocrx_word' id='word_1_528' title='bbox 3432 1428 3586 1497; x_wconf 86' lang='lat' dir='ltr'><strong>Quod</strong></span> <span class='ocrx_word' id='word_1_529' title='bbox 3606 1436 3782 1485; x_wconf 84' lang='lat' dir='ltr'><strong>autem</strong></span> <span class='ocrx_word' id='word_1_530' title='bbox 3812 1432 3976 1486; x_wconf 88' lang='lat' dir='ltr'><strong>dicit:</strong></span> <span class='ocrx_word' id='word_1_531' title='bbox 4000 1431 4105 1487; x_wconf 84' lang='lat' dir='ltr'><strong>Fili</strong></span> 
     </span>
    </p>
   </div>
   <div class='ocr_carea' id='block_1_71' title="bbox 2534 1518 4104 1596">
    <p class='ocr_par' dir='ltr' id='par_1_71' title="bbox 2534 1518 4104 1596">
     <span class='ocr_line' id='line_1_71' title="bbox 2534 1518 4104 1596; baseline 0.005 -27"><span class='ocrx_word' id='word_1_532' title='bbox 2534 1518 2637 1582; x_wconf 85' lang='lat' dir='ltr'><strong>mi;</strong></span> <span class='ocrx_word' id='word_1_533' title='bbox 2667 1519 2944 1573; x_wconf 87' lang='lat' dir='ltr'><strong>conversio</strong></span> <span class='ocrx_word' id='word_1_534' title='bbox 2974 1528 3061 1573; x_wconf 91' lang='lat' dir='ltr'><strong>est</strong></span> <span class='ocrx_word' id='word_1_535' title='bbox 3095 1522 3389 1595; x_wconf 64' lang='grc' dir='ltr'><strong>ἀποστροφή</strong></span> <span class='ocrx_word' id='word_1_536' title='bbox 3432 1522 3499 1576; x_wconf 90' lang='lat' dir='ltr'><strong>ad</strong></span> <span class='ocrx_word' id='word_1_537' title='bbox 3536 1522 3717 1591; x_wconf 85' lang='lat' dir='ltr'><strong>ipsum</strong></span> <span class='ocrx_word' id='word_1_538' title='bbox 3752 1520 3942 1578; x_wconf 69' lang='lat' dir='ltr'><strong>ludam</strong></span> <span class='ocrx_word' id='word_1_539' title='bbox 3972 1524 4104 1596; x_wconf 81' lang='lat' dir='ltr'><strong>|Al.,</strong></span> 
     </span>
    </p>
   </div>
   <div class='ocr_carea' id='block_1_72' title="bbox 2534 1609 4106 1688">
    <p class='ocr_par' dir='ltr' id='par_1_72' title="bbox 2534 1609 4106 1688">
     <span class='ocr_line' id='line_1_72' title="bbox 2534 1609 4106 1688; baseline 0.001 -23"><span class='ocrx_word' id='word_1_540' title='bbox 2534 1611 2936 1666; x_wconf 85' lang='lat' dir='ltr'><strong>conversionem</strong></span> <span class='ocrx_word' id='word_1_541' title='bbox 2977 1611 3045 1688; x_wconf 88' lang='lat' dir='ltr'><strong>ad</strong></span> <span class='ocrx_word' id='word_1_542' title='bbox 3070 1609 3343 1667; x_wconf 76' lang='lat' dir='ltr'><strong>Christum</strong></span> <span class='ocrx_word' id='word_1_543' title='bbox 3370 1611 3437 1667; x_wconf 91' lang='lat' dir='ltr'><strong>de</strong></span> <span class='ocrx_word' id='word_1_544' title='bbox 3465 1611 3580 1683; x_wconf 88' lang='lat' dir='ltr'><strong>ipso</strong></span> <span class='ocrx_word' id='word_1_545' title='bbox 3599 1610 3735 1667; x_wconf 79' lang='lat' dir='ltr'><strong>luds</strong></span> <span class='ocrx_word' id='word_1_546' title='bbox 3762 1610 3938 1686; x_wconf 78' lang='lat' dir='ltr'><strong>facit],</strong></span> <span class='ocrx_word' id='word_1_547' title='bbox 3967 1614 4106 1683; x_wconf 81' lang='lat' dir='ltr'><strong>quod</strong></span> 
     </span>
    </p>
   </div>
   <div class='ocr_carea' id='block_1_73' title="bbox 2534 1700 4105 1769">
    <p class='ocr_par' dir='ltr' id='par_1_73' title="bbox 2534 1700 4105 1769">
     <span class='ocr_line' id='line_1_73' title="bbox 2534 1700 4105 1769; baseline 0 -13"><span class='ocrx_word' id='word_1_548' title='bbox 2534 1701 2779 1757; x_wconf 88' lang='lat' dir='ltr'><strong>Christus</strong></span> <span class='ocrx_word' id='word_1_549' title='bbox 2818 1703 2933 1757; x_wconf 67' lang='lat' dir='ltr'><strong>hrec</strong></span> <span class='ocrx_word' id='word_1_550' title='bbox 2957 1704 3137 1759; x_wconf 89' lang='lat' dir='ltr'><strong>omnia</strong></span> <span class='ocrx_word' id='word_1_551' title='bbox 3163 1702 3233 1759; x_wconf 87' lang='lat' dir='ltr'><strong>sit</strong></span> <span class='ocrx_word' id='word_1_552' title='bbox 3267 1700 3523 1759; x_wconf 80' lang='lat' dir='ltr'><strong>facmrus.</strong></span> <span class='ocrx_word' id='word_1_553' title='bbox 3555 1713 3577 1741; x_wconf 79' lang='grc' dir='ltr'><strong><em>ο</em></strong></span> <span class='ocrx_word' id='word_1_554' title='bbox 3606 1702 3759 1769; x_wconf 85' lang='lat' dir='ltr'><strong>Quod</strong></span> <span class='ocrx_word' id='word_1_555' title='bbox 3786 1711 3964 1758; x_wconf 86' lang='lat' dir='ltr'><strong>autem</strong></span> <span class='ocrx_word' id='word_1_556' title='bbox 3991 1704 4065 1756; x_wconf 87' lang='lat' dir='ltr'><strong>ait</strong></span> <span class='ocrx_word' id='word_1_557' title='bbox 4092 1720 4105 1757; x_wconf 92' lang='lat'>:</span> 
     </span>
    </p>
   </div>
   <div class='ocr_carea' id='block_1_74' title="bbox 2536 1792 4108 1867">
    <p class='ocr_par' dir='ltr' id='par_1_74' title="bbox 2536 1792 4108 1867">
     <span class='ocr_line' id='line_1_74' title="bbox 2536 1792 4108 1867; baseline 0.003 -20"><span class='ocrx_word' id='word_1_558' title='bbox 2536 1792 2661 1847; x_wconf 84' lang='lat' dir='ltr'><strong>Non</strong></span> <span class='ocrx_word' id='word_1_559' title='bbox 2697 1794 2961 1863; x_wconf 86' lang='lat' dir='ltr'><strong>auferetur</strong></span> <span class='ocrx_word' id='word_1_560' title='bbox 2995 1804 3251 1863; x_wconf 82' lang='lat' dir='ltr'><strong>sceptrum</strong></span> <span class='ocrx_word' id='word_1_561' title='bbox 3289 1796 3353 1849; x_wconf 86' lang='lat' dir='ltr'><strong>de</strong></span> <span class='ocrx_word' id='word_1_562' title='bbox 3390 1794 3534 1850; x_wconf 75' lang='lat' dir='ltr'><strong>ludo</strong></span> <span class='ocrx_word' id='word_1_563' title='bbox 3573 1806 3620 1850; x_wconf 88' lang='lat' dir='ltr'><strong>et</strong></span> <span class='ocrx_word' id='word_1_564' title='bbox 3663 1793 3774 1851; x_wconf 76' lang='lat' dir='ltr'><strong>dua:</strong></span> <span class='ocrx_word' id='word_1_565' title='bbox 3809 1795 3872 1850; x_wconf 86' lang='lat' dir='ltr'><strong>de</strong></span> <span class='ocrx_word' id='word_1_566' title='bbox 3916 1794 4108 1867; x_wconf 86' lang='lat' dir='ltr'><strong>femore</strong></span> 
     </span>
    </p>
   </div>
   <div class='ocr_carea' id='block_1_75' title="bbox 2467 1882 4107 2016">
    <p class='ocr_par' dir='ltr' id='par_1_75' title="bbox 2467 1882 4107 2016">
     <span class='ocr_line' id='line_1_75' title="bbox 2509 1882 4107 1955; baseline 0.003 -20"><span class='ocrx_word' id='word_1_567' title='bbox 2509 1882 2648 1951; x_wconf 83' lang='lat' dir='ltr'><strong>ejus</strong></span> <span class='ocrx_word' id='word_1_568' title='bbox 2674 1882 2835 1936; x_wconf 88' lang='lat' dir='ltr'><strong>donec</strong></span> <span class='ocrx_word' id='word_1_569' title='bbox 2864 1884 3032 1937; x_wconf 88' lang='lat' dir='ltr'><strong>veniat</strong></span> <span class='ocrx_word' id='word_1_570' title='bbox 3078 1882 3185 1947; x_wconf 89' lang='lat' dir='ltr'><strong>ille,</strong></span> <span class='ocrx_word' id='word_1_571' title='bbox 3215 1884 3304 1954; x_wconf 92' lang='lat' dir='ltr'><strong>qui</strong></span> <span class='ocrx_word' id='word_1_572' title='bbox 3340 1885 3621 1938; x_wconf 84' lang='lat' dir='ltr'><strong>mittendus</strong></span> <span class='ocrx_word' id='word_1_573' title='bbox 3664 1895 3769 1950; x_wconf 87' lang='lat' dir='ltr'><strong>est;</strong></span> <span class='ocrx_word' id='word_1_574' title='bbox 3798 1894 3846 1939; x_wconf 89' lang='lat' dir='ltr'><strong>et</strong></span> <span class='ocrx_word' id='word_1_575' title='bbox 3877 1886 3987 1955; x_wconf 80' lang='lat' dir='ltr'><strong>ipse</strong></span> <span class='ocrx_word' id='word_1_576' title='bbox 4011 1888 4107 1939; x_wconf 87' lang='lat' dir='ltr'><strong>erit</strong></span> 
     </span>
     <span class='ocr_line' id='line_1_76' title="bbox 2467 1955 4105 2016; baseline 0 0"><span class='ocrx_word' id='word_1_577' title='bbox 2467 1955 2513 2016; x_wconf 72' lang='grc' dir='ltr'><strong>Β</strong></span> <span class='ocrx_word' id='word_1_578' title='bbox 2538 1974 2848 2016; x_wconf 54' lang='lat' dir='ltr'><strong>enuntiatio</strong></span> <span class='ocrx_word' id='word_1_579' title='bbox 2897 1974 3145 2016; x_wconf 60' lang='lat' dir='ltr'><strong>nantium-</strong></span> <span class='ocrx_word' id='word_1_580' title='bbox 3176 1970 3465 2016; x_wconf 63' lang='lat' dir='ltr'><strong>Signiﬁcat,</strong></span> <span class='ocrx_word' id='word_1_581' title='bbox 3519 1975 3660 2016; x_wconf 79' lang='lat' dir='ltr'><strong>nnnd</strong></span> <span class='ocrx_word' id='word_1_582' title='bbox 3689 1989 3793 2016; x_wconf 86' lang='lat' dir='ltr'><strong>nnn</strong></span> <span class='ocrx_word' id='word_1_583' title='bbox 3820 1974 4105 2016; x_wconf 63' lang='lat' dir='ltr'><strong>«inﬁrm-pm</strong></span> 
     </span>
    </p>
   </div>
   <div class='ocr_carea' id='block_1_76' title="bbox 861 1972 2436 2049">
    <p class='ocr_par' dir='ltr' id='par_1_76' title="bbox 861 1972 2436 2049">
     <span class='ocr_line' id='line_1_77' title="bbox 861 1972 2436 2049; baseline 0.002 -22"><span class='ocrx_word' id='word_1_584' title='bbox 861 1988 1024 2043; x_wconf 82' lang='lat' dir='ltr'><strong>aqua,</strong></span> <span class='ocrx_word' id='word_1_585' title='bbox 1061 1972 1226 2045; x_wconf 65' lang='lat' dir='ltr'><strong>[quae]</strong></span> <span class='ocrx_word' id='word_1_586' title='bbox 1271 1972 1487 2028; x_wconf 87' lang='lat' dir='ltr'><strong>vasculo</strong></span> <span class='ocrx_word' id='word_1_587' title='bbox 1527 1987 1634 2027; x_wconf 92' lang='lat' dir='ltr'><strong>non</strong></span> <span class='ocrx_word' id='word_1_588' title='bbox 1676 1981 1907 2040; x_wconf 84' lang='lat' dir='ltr'><strong>tenetur,</strong></span> <span class='ocrx_word' id='word_1_589' title='bbox 1947 1975 2235 2047; x_wconf 80' lang='lat' dir='ltr'><strong>voluptatis</strong></span> <span class='ocrx_word' id='word_1_590' title='bbox 2280 1976 2436 2049; x_wconf 78' lang='lat' dir='ltr'><strong>[Ms.,</strong></span> 
     </span>
    </p>
   </div>
   <div class='ocr_carea' id='block_1_77' title="bbox 2538 1970 4109 2045">
    <p class='ocr_par' dir='ltr' id='par_1_77' title="bbox 2538 1970 4109 2045">
     <span class='ocr_line' id='line_1_78' title="bbox 2538 1970 4109 2045; baseline 0.002 -19"><span class='ocrx_word' id='word_1_591' title='bbox 2538 1974 2848 2041; x_wconf 72' lang='lat' dir='ltr'><strong>exspectatio</strong></span> <span class='ocrx_word' id='word_1_592' title='bbox 2895 1974 3145 2042; x_wconf 86' lang='lat' dir='ltr'><strong>gentium.</strong></span> <span class='ocrx_word' id='word_1_593' title='bbox 3175 1970 3473 2045; x_wconf 87' lang='lat' dir='ltr'><strong>Signiﬁcat,</strong></span> <span class='ocrx_word' id='word_1_594' title='bbox 3519 1975 3661 2043; x_wconf 91' lang='lat' dir='ltr'><strong>quod</strong></span> <span class='ocrx_word' id='word_1_595' title='bbox 3689 1989 3795 2029; x_wconf 88' lang='lat' dir='ltr'><strong>non</strong></span> <span class='ocrx_word' id='word_1_596' title='bbox 3820 1974 4109 2030; x_wconf 86' lang='lat' dir='ltr'><strong>deﬁcerent</strong></span> 
     </span>
    </p>
   </div>
   <div class='ocr_carea' id='block_1_78' title="bbox 2536 2063 4110 2135">
    <p class='ocr_par' dir='ltr' id='par_1_78' title="bbox 2536 2063 4110 2135">
     <span class='ocr_line' id='line_1_79' title="bbox 2536 2063 4110 2135; baseline 0.002 -18"><span class='ocrx_word' id='word_1_597' title='bbox 2536 2063 2807 2135; x_wconf 83' lang='lat' dir='ltr'><strong>principes</strong></span> <span class='ocrx_word' id='word_1_598' title='bbox 2831 2063 2899 2118; x_wconf 86' lang='lat' dir='ltr'><strong>de</strong></span> <span class='ocrx_word' id='word_1_599' title='bbox 2921 2064 3061 2118; x_wconf 89' lang='lat' dir='ltr'><strong>tribu</strong></span> <span class='ocrx_word' id='word_1_600' title='bbox 3086 2064 3242 2128; x_wconf 85' lang='lat' dir='ltr'><strong>luda,</strong></span> <span class='ocrx_word' id='word_1_601' title='bbox 3272 2080 3441 2134; x_wconf 88' lang='lat' dir='ltr'><strong>usque</strong></span> <span class='ocrx_word' id='word_1_602' title='bbox 3467 2064 3534 2118; x_wconf 92' lang='lat' dir='ltr'><strong>ad</strong></span> <span class='ocrx_word' id='word_1_603' title='bbox 3564 2073 3796 2135; x_wconf 88' lang='lat' dir='ltr'><strong>tempus,</strong></span> <span class='ocrx_word' id='word_1_604' title='bbox 3817 2080 3924 2135; x_wconf 89' lang='lat' dir='ltr'><strong>quo</strong></span> <span class='ocrx_word' id='word_1_605' title='bbox 3952 2076 4110 2120; x_wconf 89' lang='lat' dir='ltr'><strong>natus</strong></span> 
     </span>
    </p>
   </div>
   <div class='ocr_carea' id='block_1_79' title="bbox 2536 2154 4111 2228">
    <p class='ocr_par' dir='ltr' id='par_1_79' title="bbox 2536 2154 4111 2228">
     <span class='ocr_line' id='line_1_80' title="bbox 2536 2154 4111 2228; baseline 0.002 -19"><span class='ocrx_word' id='word_1_606' title='bbox 2536 2163 2620 2209; x_wconf 91' lang='lat' dir='ltr'><strong>est</strong></span> <span class='ocrx_word' id='word_1_607' title='bbox 2645 2154 2913 2221; x_wconf 87' lang='lat' dir='ltr'><strong>Christus,</strong></span> <span class='ocrx_word' id='word_1_608' title='bbox 2943 2155 3034 2225; x_wconf 88' lang='lat' dir='ltr'><strong>qui</strong></span> <span class='ocrx_word' id='word_1_609' title='bbox 3062 2156 3260 2211; x_wconf 88' lang='lat' dir='ltr'><strong>missus</strong></span> <span class='ocrx_word' id='word_1_610' title='bbox 3290 2171 3321 2210; x_wconf 88' lang='lat' dir='ltr'><strong>a</strong></span> <span class='ocrx_word' id='word_1_611' title='bbox 3345 2154 3507 2211; x_wconf 87' lang='lat' dir='ltr'><strong>Patre</strong></span> <span class='ocrx_word' id='word_1_612' title='bbox 3526 2156 3856 2227; x_wconf 80' lang='lat' dir='ltr'><strong>exspectatio</strong></span> <span class='ocrx_word' id='word_1_613' title='bbox 3877 2164 3960 2212; x_wconf 91' lang='lat' dir='ltr'><strong>est</strong></span> <span class='ocrx_word' id='word_1_614' title='bbox 3982 2172 4111 2228; x_wconf 90' lang='lat' dir='ltr'><strong>gen-</strong></span> 
     </span>
    </p>
   </div>
   <div class='ocr_carea' id='block_1_80' title="bbox 2539 2245 3249 2301">
    <p class='ocr_par' dir='ltr' id='par_1_80' title="bbox 2539 2245 3249 2301">
     <span class='ocr_line' id='line_1_81' title="bbox 2539 2245 3249 2301; baseline 0 -2"><span class='ocrx_word' id='word_1_615' title='bbox 2539 2245 2693 2301; x_wconf 79' lang='lat' dir='ltr'><strong>tium.</strong></span> <span class='ocrx_word' id='word_1_616' title='bbox 3042 2260 3046 2264; x_wconf 77' lang='lat'><em>&#39;</em></span> <span class='ocrx_word' id='word_1_617' title='bbox 3244 2254 3249 2261; x_wconf 81' lang='lat'><em>‘</em></span> 
     </span>
    </p>
   </div>
   <div class='ocr_carea' id='block_1_81' title="bbox 2603 2331 4114 2406">
    <p class='ocr_par' dir='ltr' id='par_1_81' title="bbox 2603 2331 4114 2406">
     <span class='ocr_line' id='line_1_82' title="bbox 2603 2331 4114 2406; baseline 0.005 -20"><span class='ocrx_word' id='word_1_618' title='bbox 2603 2331 2869 2405; x_wconf 83' lang='lat' dir='ltr'><strong>[Zabulon</strong></span> <span class='ocrx_word' id='word_1_619' title='bbox 2910 2336 2966 2389; x_wconf 87' lang='lat' dir='ltr'><strong>in</strong></span> <span class='ocrx_word' id='word_1_620' title='bbox 3008 2334 3180 2406; x_wconf 75' lang='lat' dir='ltr'><strong>littore</strong></span> <span class='ocrx_word' id='word_1_621' title='bbox 3211 2337 3373 2392; x_wconf 88' lang='lat' dir='ltr'><strong>maris</strong></span> <span class='ocrx_word' id='word_1_622' title='bbox 3409 2336 3682 2402; x_wconf 81' lang='lat' dir='ltr'><strong>habitabit,</strong></span> <span class='ocrx_word' id='word_1_623' title='bbox 3718 2346 3766 2391; x_wconf 91' lang='lat' dir='ltr'><strong>et</strong></span> <span class='ocrx_word' id='word_1_624' title='bbox 3795 2338 3850 2391; x_wconf 86' lang='lat' dir='ltr'><strong>in</strong></span> <span class='ocrx_word' id='word_1_625' title='bbox 3888 2338 4114 2393; x_wconf 81' lang='lat' dir='ltr'><strong>statione</strong></span> 
     </span>
    </p>
   </div>
   <div class='ocr_carea' id='block_1_82' title="bbox 2538 2425 4115 2499">
    <p class='ocr_par' dir='ltr' id='par_1_82' title="bbox 2538 2425 4115 2499">
     <span class='ocr_line' id='line_1_83' title="bbox 2538 2425 4115 2499; baseline 0.001 -21"><span class='ocrx_word' id='word_1_626' title='bbox 2538 2426 2775 2491; x_wconf 86' lang='lat' dir='ltr'><strong>navium,</strong></span> <span class='ocrx_word' id='word_1_627' title='bbox 2804 2427 3097 2497; x_wconf 84' lang='lat' dir='ltr'><strong>pertingens</strong></span> <span class='ocrx_word' id='word_1_628' title='bbox 3134 2444 3295 2497; x_wconf 82' lang='lat' dir='ltr'><strong>usque</strong></span> <span class='ocrx_word' id='word_1_629' title='bbox 3322 2427 3392 2480; x_wconf 81' lang='lat' dir='ltr'><strong>ad</strong></span> <span class='ocrx_word' id='word_1_630' title='bbox 3436 2425 3731 2499; x_wconf 84' lang='lat' dir='ltr'><strong>Sidonem.]</strong></span> <span class='ocrx_word' id='word_1_631' title='bbox 3759 2425 3980 2481; x_wconf 76' lang='lat' dir='ltr'><strong>Isacltar</strong></span> <span class='ocrx_word' id='word_1_632' title='bbox 4008 2429 4115 2481; x_wconf 85' lang='lat' dir='ltr'><strong>asi-</strong></span> 
     </span>
    </p>
   </div>
   <div class='ocr_carea' id='block_1_83' title="bbox 2538 2515 4107 2589">
    <p class='ocr_par' dir='ltr' id='par_1_83' title="bbox 2538 2515 4107 2589">
     <span class='ocr_line' id='line_1_84' title="bbox 2538 2515 4107 2589; baseline 0.001 -19"><span class='ocrx_word' id='word_1_633' title='bbox 2538 2515 2828 2585; x_wconf 85' lang='lat' dir='ltr'><strong>nusfortis,</strong></span> <span class='ocrx_word' id='word_1_634' title='bbox 2876 2517 3137 2581; x_wconf 80' lang='lat' dir='ltr'><strong>accubans</strong></span> <span class='ocrx_word' id='word_1_635' title='bbox 3173 2517 3317 2572; x_wconf 80' lang='lat' dir='ltr'><strong>inter</strong></span> <span class='ocrx_word' id='word_1_636' title='bbox 3365 2518 3630 2582; x_wconf 78' lang='lat' dir='ltr'><strong>terminos,</strong></span> <span class='ocrx_word' id='word_1_637' title='bbox 3685 2517 3809 2572; x_wconf 82' lang='lat' dir='ltr'><strong>vidit</strong></span> <span class='ocrx_word' id='word_1_638' title='bbox 3859 2520 4107 2589; x_wconf 85' lang='lat' dir='ltr'><strong>requiem,</strong></span> 
     </span>
    </p>
   </div>
   <div class='ocr_carea' id='block_1_84' title="bbox 2535 2606 4111 2681">
    <p class='ocr_par' dir='ltr' id='par_1_84' title="bbox 2535 2606 4111 2681">
     <span class='ocr_line' id='line_1_85' title="bbox 2535 2606 4111 2681; baseline 0.003 -22"><span class='ocrx_word' id='word_1_639' title='bbox 2535 2606 2673 2677; x_wconf 87' lang='lat' dir='ltr'><strong>quod</strong></span> <span class='ocrx_word' id='word_1_640' title='bbox 2706 2616 2834 2661; x_wconf 89' lang='lat' dir='ltr'><strong>esset</strong></span> <span class='ocrx_word' id='word_1_641' title='bbox 2864 2606 3018 2671; x_wconf 87' lang='lat' dir='ltr'><strong>bona,</strong></span> <span class='ocrx_word' id='word_1_642' title='bbox 3055 2617 3103 2661; x_wconf 92' lang='lat' dir='ltr'><strong>et</strong></span> <span class='ocrx_word' id='word_1_643' title='bbox 3131 2617 3325 2662; x_wconf 87' lang='lat' dir='ltr'><strong>terram</strong></span> <span class='ocrx_word' id='word_1_644' title='bbox 3346 2608 3486 2679; x_wconf 83' lang='lat' dir='ltr'><strong>quod</strong></span> <span class='ocrx_word' id='word_1_645' title='bbox 3523 2611 3739 2679; x_wconf 88' lang='lat' dir='ltr'><strong>optima,</strong></span> <span class='ocrx_word' id='word_1_646' title='bbox 3766 2620 3813 2665; x_wconf 90' lang='lat' dir='ltr'><strong>et</strong></span> <span class='ocrx_word' id='word_1_647' title='bbox 3841 2613 4111 2681; x_wconf 84' lang='lat' dir='ltr'><strong>supposuit</strong></span> 
     </span>
    </p>
   </div>
   <div class='ocr_carea' id='block_1_85' title="bbox 2536 2684 4111 2769">
    <p class='ocr_par' dir='ltr' id='par_1_85' title="bbox 2536 2684 4111 2769">
     <span class='ocr_line' id='line_1_86' title="bbox 2536 2684 4111 2769; baseline 0.001 -20"><span class='ocrx_word' id='word_1_648' title='bbox 2536 2695 2807 2750; x_wconf 85' lang='lat' dir='ltr'><strong>humerum</strong></span> <span class='ocrx_word' id='word_1_649' title='bbox 2848 2684 3000 2751; x_wconf 76' lang='lat' dir='ltr'><strong>suum</strong></span> <span class='ocrx_word' id='word_1_650' title='bbox 3030 2698 3099 2750; x_wconf 91' lang='lat' dir='ltr'><strong>ad</strong></span> <span class='ocrx_word' id='word_1_651' title='bbox 3142 2698 3477 2767; x_wconf 83' lang='lat' dir='ltr'><strong>portandum,</strong></span> <span class='ocrx_word' id='word_1_652' title='bbox 3503 2698 3770 2769; x_wconf 86' lang='lat' dir='ltr'><strong>factusque</strong></span> <span class='ocrx_word' id='word_1_653' title='bbox 3797 2708 3871 2753; x_wconf 89' lang='lat' dir='ltr'><strong>est</strong></span> <span class='ocrx_word' id='word_1_654' title='bbox 3899 2701 4111 2752; x_wconf 82' lang='lat' dir='ltr'><strong>tributis</strong></span> 
     </span>
    </p>
   </div>
   <div class='ocr_carea' id='block_1_86' title="bbox 2536 2786 4106 2859">
    <p class='ocr_par' dir='ltr' id='par_1_86' title="bbox 2536 2786 4106 2859">
     <span class='ocr_line' id='line_1_87' title="bbox 2536 2786 4106 2859; baseline 0 -18"><span class='ocrx_word' id='word_1_655' title='bbox 2536 2788 2758 2841; x_wconf 65' lang='lat' dir='ltr'><strong>senviens</strong></span> <span class='ocrx_word' id='word_1_656' title='bbox 2774 2786 2926 2858; x_wconf 87' lang='lat' dir='ltr'><strong>(vers.</strong></span> <span class='ocrx_word' id='word_1_657' title='bbox 2952 2786 3062 2858; x_wconf 77' lang='grc'><strong>15).</strong></span> <span class='ocrx_word' id='word_1_658' title='bbox 3083 2786 3109 2826; x_wconf 76' lang='grc' dir='ltr'>ἀ</span> <span class='ocrx_word' id='word_1_659' title='bbox 3134 2786 3315 2859; x_wconf 84' lang='lat' dir='ltr'><strong>[Quia]</strong></span> <span class='ocrx_word' id='word_1_660' title='bbox 3338 2802 3503 2858; x_wconf 87' lang='lat' dir='ltr'><strong>supra</strong></span> <span class='ocrx_word' id='word_1_661' title='bbox 3524 2788 3591 2843; x_wconf 89' lang='lat' dir='ltr'><strong>de</strong></span> <span class='ocrx_word' id='word_1_662' title='bbox 3611 2788 3847 2843; x_wconf 87' lang='lat' dir='ltr'><strong>Zabulon</strong></span> <span class='ocrx_word' id='word_1_663' title='bbox 3868 2789 4106 2851; x_wconf 81' lang='lat' dir='ltr'><strong>dixerat;</strong></span> 
     </span>
    </p>
   </div>
   <div class='ocr_carea' id='block_1_87' title="bbox 2536 2874 4112 2952">
    <p class='ocr_par' dir='ltr' id='par_1_87' title="bbox 2536 2874 4112 2952">
     <span class='ocr_line' id='line_1_88' title="bbox 2536 2874 4112 2952; baseline 0.002 -22"><span class='ocrx_word' id='word_1_664' title='bbox 2536 2874 2727 2949; x_wconf 90' lang='lat' dir='ltr'><strong>[quod]</strong></span> <span class='ocrx_word' id='word_1_665' title='bbox 2759 2878 2923 2931; x_wconf 87' lang='lat' dir='ltr'><strong>maris</strong></span> <span class='ocrx_word' id='word_1_666' title='bbox 2970 2880 3150 2951; x_wconf 87' lang='lat' dir='ltr'><strong>magni</strong></span> <span class='ocrx_word' id='word_1_667' title='bbox 3174 2879 3354 2933; x_wconf 90' lang='lat' dir='ltr'><strong>littora</strong></span> <span class='ocrx_word' id='word_1_668' title='bbox 3382 2886 3525 2933; x_wconf 89' lang='lat' dir='ltr'><strong>esset</strong></span> <span class='ocrx_word' id='word_1_669' title='bbox 3543 2893 3923 2952; x_wconf 88' lang='lat' dir='ltr'><strong>possessurus;</strong></span> <span class='ocrx_word' id='word_1_670' title='bbox 3956 2878 4112 2934; x_wconf 79' lang='lat' dir='ltr'><strong>Sido-</strong></span> 
     </span>
    </p>
   </div>
   <div class='ocr_carea' id='block_1_88' title="bbox 2536 2969 4113 3045">
    <p class='ocr_par' dir='ltr' id='par_1_88' title="bbox 2536 2969 4113 3045">
     <span class='ocr_line' id='line_1_89' title="bbox 2536 2969 4113 3045; baseline 0.004 -23"><span class='ocrx_word' id='word_1_671' title='bbox 2536 2982 2660 3023; x_wconf 92' lang='lat' dir='ltr'><strong>nem</strong></span> <span class='ocrx_word' id='word_1_672' title='bbox 2688 2975 2901 3041; x_wconf 83' lang='lat' dir='ltr'><strong>quoque</strong></span> <span class='ocrx_word' id='word_1_673' title='bbox 2923 2978 2978 3024; x_wconf 91' lang='lat' dir='ltr'><strong>et</strong></span> <span class='ocrx_word' id='word_1_674' title='bbox 3014 2971 3248 3039; x_wconf 78' lang='lat' dir='ltr'><strong>reliquas</strong></span> <span class='ocrx_word' id='word_1_675' title='bbox 3272 2969 3600 3044; x_wconf 80' lang='lat' dir='ltr'><strong>[Phcenices]</strong></span> <span class='ocrx_word' id='word_1_676' title='bbox 3632 2970 4113 3045; x_wconf 81' lang='lat' dir='ltr'><strong>urbes&#39;[continge-</strong></span> 
     </span>
    </p>
   </div>
   <div class='ocr_carea' id='block_1_89' title="bbox 2537 3058 4111 3132">
    <p class='ocr_par' dir='ltr' id='par_1_89' title="bbox 2537 3058 4111 3132">
     <span class='ocr_line' id='line_1_90' title="bbox 2537 3058 4111 3132; baseline 0.001 -17"><span class='ocrx_word' id='word_1_677' title='bbox 2537 3059 2674 3132; x_wconf 88' lang='lat' dir='ltr'><strong>ret],</strong></span> <span class='ocrx_word' id='word_1_678' title='bbox 2704 3076 2846 3115; x_wconf 93' lang='lat' dir='ltr'><strong>nunc</strong></span> <span class='ocrx_word' id='word_1_679' title='bbox 2882 3059 2948 3113; x_wconf 90' lang='lat' dir='ltr'><strong>ad</strong></span> <span class='ocrx_word' id='word_1_680' title='bbox 2984 3058 3433 3114; x_wconf 89' lang='lat' dir='ltr'><strong>mediterraneam</strong></span> <span class='ocrx_word' id='word_1_681' title='bbox 3482 3060 3812 3129; x_wconf 87' lang='lat' dir='ltr'><strong>provinciam</strong></span> <span class='ocrx_word' id='word_1_682' title='bbox 3856 3061 4023 3124; x_wconf 89' lang='lat' dir='ltr'><strong>redit;</strong></span> <span class='ocrx_word' id='word_1_683' title='bbox 4055 3068 4111 3116; x_wconf 82' lang='lat' dir='ltr'><strong>et</strong></span> 
     </span>
    </p>
   </div>
   <div class='ocr_carea' id='block_1_90' title="bbox 2536 3148 4111 3223">
    <p class='ocr_par' dir='ltr' id='par_1_90' title="bbox 2536 3148 4111 3223">
     <span class='ocr_line' id='line_1_91' title="bbox 2536 3148 4111 3223; baseline 0.001 -18"><span class='ocrx_word' id='word_1_684' title='bbox 2536 3150 2776 3216; x_wconf 78' lang='lat' dir='ltr'><strong>Isaehar,</strong></span> <span class='ocrx_word' id='word_1_685' title='bbox 2804 3166 2923 3221; x_wconf 69' lang='lat' dir='ltr'><strong>qua:</strong></span> <span class='ocrx_word' id='word_1_686' title='bbox 2951 3149 3084 3223; x_wconf 79' lang='lat' dir='ltr'><strong>[Al.,</strong></span> <span class='ocrx_word' id='word_1_687' title='bbox 3113 3150 3227 3223; x_wconf 87' lang='lat' dir='ltr'><strong>qui]</strong></span> <span class='ocrx_word' id='word_1_688' title='bbox 3250 3148 3403 3218; x_wconf 84' lang='lat' dir='ltr'><strong>juxta</strong></span> <span class='ocrx_word' id='word_1_689' title='bbox 3424 3149 3835 3220; x_wconf 83' lang='lat' dir='ltr'><strong>Nephtalimest</strong></span> <span class='ocrx_word' id='word_1_690' title='bbox 3862 3151 4111 3221; x_wconf 88' lang='lat' dir='ltr'><strong>pulcher-</strong></span> 
     </span>
    </p>
   </div>
   <div class='ocr_carea' id='block_1_91' title="bbox 2540 3238 4110 3316">
    <p class='ocr_par' dir='ltr' id='par_1_91' title="bbox 2540 3238 4110 3316">
     <span class='ocr_line' id='line_1_92' title="bbox 2540 3238 4110 3316; baseline 0 -17"><span class='ocrx_word' id='word_1_691' title='bbox 2540 3246 2732 3299; x_wconf 90' lang='lat' dir='ltr'><strong>rimam</strong></span> <span class='ocrx_word' id='word_1_692' title='bbox 2776 3243 2855 3316; x_wconf 90' lang='lat' dir='ltr'><strong>[in</strong></span> <span class='ocrx_word' id='word_1_693' title='bbox 2881 3238 3119 3316; x_wconf 74' lang='lat' dir='ltr'><strong>Galilzea]</strong></span> <span class='ocrx_word' id='word_1_694' title='bbox 3152 3245 3420 3314; x_wconf 87' lang='lat' dir='ltr'><strong>regionem</strong></span> <span class='ocrx_word' id='word_1_695' title='bbox 3447 3257 3794 3313; x_wconf 86' lang='lat' dir='ltr'><strong>possessurus</strong></span> <span class='ocrx_word' id='word_1_696' title='bbox 3819 3254 3922 3307; x_wconf 88' lang='lat' dir='ltr'><strong>est,</strong></span> <span class='ocrx_word' id='word_1_697' title='bbox 3949 3242 4110 3299; x_wconf 50' lang='lat' dir='ltr'><strong>bene;</strong></span> 
     </span>
    </p>
   </div>
   <div class='ocr_carea' id='block_1_92' title="bbox 2540 3332 4109 3405">
    <p class='ocr_par' dir='ltr' id='par_1_92' title="bbox 2540 3332 4109 3405">
     <span class='ocr_line' id='line_1_93' title="bbox 2540 3332 4109 3405; baseline -0.001 -16"><span class='ocrx_word' id='word_1_698' title='bbox 2540 3334 2769 3390; x_wconf 90' lang='lat' dir='ltr'><strong>dictione</strong></span> <span class='ocrx_word' id='word_1_699' title='bbox 2788 3350 2885 3389; x_wconf 89' lang='lat' dir='ltr'><strong>sua</strong></span> <span class='ocrx_word' id='word_1_700' title='bbox 2906 3334 3259 3388; x_wconf 89' lang='lat' dir='ltr'><strong>habitatorem</strong></span> <span class='ocrx_word' id='word_1_701' title='bbox 3287 3332 3430 3388; x_wconf 84' lang='lat' dir='ltr'><strong>fecit.</strong></span> <span class='ocrx_word' id='word_1_702' title='bbox 3454 3332 3675 3388; x_wconf 84' lang='lat' dir='ltr'><strong>Asinum</strong></span> <span class='ocrx_word' id='word_1_703' title='bbox 3695 3341 3872 3389; x_wconf 88' lang='lat' dir='ltr'><strong>autem</strong></span> <span class='ocrx_word' id='word_1_704' title='bbox 3891 3348 4109 3405; x_wconf 88' lang='lat' dir='ltr'><strong>osseum</strong></span> 
     </span>
    </p>
   </div>
   <div class='ocr_carea' id='block_1_93' title="bbox 2537 3421 4110 3495">
    <p class='ocr_par' dir='ltr' id='par_1_93' title="bbox 2537 3421 4110 3495">
     <span class='ocr_line' id='line_1_94' title="bbox 2537 3421 4110 3495; baseline 0.001 -20"><span class='ocrx_word' id='word_1_705' title='bbox 2537 3422 2621 3476; x_wconf 89' lang='lat' dir='ltr'><strong>vel</strong></span> <span class='ocrx_word' id='word_1_706' title='bbox 2650 3422 3046 3487; x_wconf 82' lang='lat' dir='ltr'><strong>fortem.vocat,</strong></span> <span class='ocrx_word' id='word_1_707' title='bbox 3087 3431 3143 3477; x_wconf 89' lang='lat' dir='ltr'><strong>et</strong></span> <span class='ocrx_word' id='word_1_708' title='bbox 3169 3422 3450 3477; x_wconf 89' lang='lat' dir='ltr'><strong>humerum</strong></span> <span class='ocrx_word' id='word_1_709' title='bbox 3481 3421 3632 3495; x_wconf 89' lang='lat' dir='ltr'><strong>[dicit</strong></span> <span class='ocrx_word' id='word_1_710' title='bbox 3653 3422 4014 3494; x_wconf 88' lang='lat' dir='ltr'><strong>supposuisse]</strong></span> <span class='ocrx_word' id='word_1_711' title='bbox 4042 3424 4110 3494; x_wconf 83' lang='lat' dir='ltr'><strong>ad</strong></span> 
     </span>
    </p>
   </div>
   <div class='ocr_carea' id='block_1_94' title="bbox 2536 3511 4112 3581">
    <p class='ocr_par' dir='ltr' id='par_1_94' title="bbox 2536 3511 4112 3581">
     <span class='ocr_line' id='line_1_95' title="bbox 2536 3511 4112 3581; baseline 0 -16"><span class='ocrx_word' id='word_1_712' title='bbox 2536 3512 2875 3581; x_wconf 81' lang='lat' dir='ltr'><strong>portandum,</strong></span> <span class='ocrx_word' id='word_1_713' title='bbox 2898 3512 3022 3581; x_wconf 91' lang='lat' dir='ltr'><strong>quia</strong></span> <span class='ocrx_word' id='word_1_714' title='bbox 3050 3512 3101 3566; x_wconf 91' lang='lat' dir='ltr'><strong>in</strong></span> <span class='ocrx_word' id='word_1_715' title='bbox 3129 3511 3313 3567; x_wconf 78' lang='lat' dir='ltr'><strong>labore</strong></span> <span class='ocrx_word' id='word_1_716' title='bbox 3340 3521 3498 3566; x_wconf 73' lang='lat' dir='ltr'><strong>terra:</strong></span> <span class='ocrx_word' id='word_1_717' title='bbox 3517 3520 3572 3566; x_wconf 92' lang='lat' dir='ltr'><strong>et</strong></span> <span class='ocrx_word' id='word_1_718' title='bbox 3594 3511 3848 3567; x_wconf 87' lang='lat' dir='ltr'><strong>vehendis</strong></span> <span class='ocrx_word' id='word_1_719' title='bbox 3868 3511 3937 3566; x_wconf 89' lang='lat' dir='ltr'><strong>ad</strong></span> <span class='ocrx_word' id='word_1_720' title='bbox 3960 3517 4112 3566; x_wconf 88' lang='lat' dir='ltr'><strong>ma&#39;re</strong></span> 
     </span>
    </p>
   </div>
   <div class='ocr_carea' id='block_1_95' title="bbox 2537 3592 4108 3676">
    <p class='ocr_par' dir='ltr' id='par_1_95' title="bbox 2537 3592 4108 3676">
     <span class='ocr_line' id='line_1_96' title="bbox 2537 3592 4108 3676; baseline 0 -18"><span class='ocrx_word' id='word_1_721' title='bbox 2537 3592 2857 3676; x_wconf 84' lang='lat' dir='ltr'><strong>[oneribus],</strong></span> <span class='ocrx_word' id='word_1_722' title='bbox 2902 3620 3018 3673; x_wconf 72' lang='lat' dir='ltr'><strong>qua:</strong></span> <span class='ocrx_word' id='word_1_723' title='bbox 3066 3605 3119 3662; x_wconf 91' lang='lat' dir='ltr'><strong>in</strong></span> <span class='ocrx_word' id='word_1_724' title='bbox 3152 3603 3344 3659; x_wconf 88' lang='lat' dir='ltr'><strong>ﬁnibus</strong></span> <span class='ocrx_word' id='word_1_725' title='bbox 3390 3606 3501 3659; x_wconf 90' lang='lat' dir='ltr'><strong>suis</strong></span> <span class='ocrx_word' id='word_1_726' title='bbox 3529 3604 3908 3668; x_wconf 87' lang='lat' dir='ltr'><strong>nascebantur,</strong></span> <span class='ocrx_word' id='word_1_727' title='bbox 3938 3603 4108 3673; x_wconf 80' lang='lat' dir='ltr'><strong>pluri-</strong></span> 
     </span>
    </p>
   </div>
   <div class='ocr_carea' id='block_1_96' title="bbox 2536 3696 4107 3766">
    <p class='ocr_par' dir='ltr' id='par_1_96' title="bbox 2536 3696 4107 3766">
     <span class='ocr_line' id='line_1_97' title="bbox 2536 3696 4107 3766; baseline 0.001 -16"><span class='ocrx_word' id='word_1_728' title='bbox 2536 3712 2683 3751; x_wconf 90' lang='lat' dir='ltr'><strong>mum</strong></span> <span class='ocrx_word' id='word_1_729' title='bbox 2712 3697 3003 3760; x_wconf 82' lang='lat' dir='ltr'><strong>laboraret,</strong></span> <span class='ocrx_word' id='word_1_730' title='bbox 3031 3696 3247 3766; x_wconf 88' lang='lat' dir='ltr'><strong>regibus</strong></span> <span class='ocrx_word' id='word_1_731' title='bbox 3272 3711 3484 3765; x_wconf 85' lang='lat' dir='ltr'><strong>quoque</strong></span> <span class='ocrx_word' id='word_1_732' title='bbox 3520 3696 3715 3749; x_wconf 81' lang='lat' dir='ltr'><strong>tributa</strong></span> <span class='ocrx_word' id='word_1_733' title='bbox 3743 3706 4107 3766; x_wconf 86' lang='lat' dir='ltr'><strong>comportans.</strong></span> 
     </span>
    </p>
   </div>
   <div class='ocr_carea' id='block_1_97' title="bbox 2537 3785 4109 3863">
    <p class='ocr_par' dir='ltr' id='par_1_97' title="bbox 2537 3785 4109 3863">
     <span class='ocr_line' id='line_1_98' title="bbox 2537 3785 4109 3863; baseline 0.003 -24"><span class='ocrx_word' id='word_1_734' title='bbox 2537 3786 2701 3841; x_wconf 86' lang='lat' dir='ltr'><strong>Aiunt</strong></span> <span class='ocrx_word' id='word_1_735' title='bbox 2747 3785 2990 3852; x_wconf 72' lang='lat' dir='ltr'><strong>Hebraei,</strong></span> <span class='ocrx_word' id='word_1_736' title='bbox 3038 3802 3135 3857; x_wconf 84' lang='lat' dir='ltr'><strong>per</strong></span> <span class='ocrx_word' id='word_1_737' title='bbox 3178 3788 3547 3863; x_wconf 78' lang='lat' dir='ltr'><strong>metaphoram</strong></span> <span class='ocrx_word' id='word_1_738' title='bbox 3592 3788 3914 3858; x_wconf 89' lang='lat' dir='ltr'><strong>signiﬁcari,</strong></span> <span class='ocrx_word' id='word_1_739' title='bbox 3968 3790 4109 3859; x_wconf 89' lang='lat' dir='ltr'><strong>quod</strong></span> 
     </span>
    </p>
   </div>
   <div class='ocr_carea' id='block_1_98' title="bbox 2539 3877 4109 3948">
    <p class='ocr_par' dir='ltr' id='par_1_98' title="bbox 2539 3877 4109 3948">
     <span class='ocr_line' id='line_1_99' title="bbox 2539 3877 4109 3948; baseline 0.001 -15"><span class='ocrx_word' id='word_1_740' title='bbox 2539 3877 2843 3948; x_wconf 83' lang='lat' dir='ltr'><strong>Scripturas</strong></span> <span class='ocrx_word' id='word_1_741' title='bbox 2889 3888 3103 3933; x_wconf 83' lang='lat' dir='ltr'><strong>sanctas</strong></span> <span class='ocrx_word' id='word_1_742' title='bbox 3154 3878 3239 3932; x_wconf 86' lang='lat' dir='ltr'><strong>die</strong></span> <span class='ocrx_word' id='word_1_743' title='bbox 3286 3892 3352 3932; x_wconf 88' lang='lat' dir='ltr'><strong>ac</strong></span> <span class='ocrx_word' id='word_1_744' title='bbox 3395 3884 3549 3931; x_wconf 89' lang='lat' dir='ltr'><strong>nocte</strong></span> <span class='ocrx_word' id='word_1_745' title='bbox 3581 3878 3843 3931; x_wconf 84' lang='lat' dir='ltr'><strong>meditans</strong></span> <span class='ocrx_word' id='word_1_746' title='bbox 3870 3879 4109 3935; x_wconf 86' lang='lat' dir='ltr'><strong>studium</strong></span> 
     </span>
    </p>
   </div>
   <div class='ocr_carea' id='block_1_99' title="bbox 2538 3967 4109 4039">
    <p class='ocr_par' dir='ltr' id='par_1_99' title="bbox 2538 3967 4109 4039">
     <span class='ocr_line' id='line_1_100' title="bbox 2538 3967 4109 4039; baseline 0.001 -16"><span class='ocrx_word' id='word_1_747' title='bbox 2538 3984 2691 4024; x_wconf 91' lang='lat' dir='ltr'><strong>suum</strong></span> <span class='ocrx_word' id='word_1_748' title='bbox 2734 3969 2942 4022; x_wconf 89' lang='lat' dir='ltr'><strong>dederit</strong></span> <span class='ocrx_word' id='word_1_749' title='bbox 2989 3968 3055 4039; x_wconf 89' lang='lat' dir='ltr'><strong>ad</strong></span> <span class='ocrx_word' id='word_1_750' title='bbox 3098 3968 3474 4031; x_wconf 89' lang='lat' dir='ltr'><strong>laborandum,</strong></span> <span class='ocrx_word' id='word_1_751' title='bbox 3510 3975 3565 4021; x_wconf 91' lang='lat' dir='ltr'><strong>et</strong></span> <span class='ocrx_word' id='word_1_752' title='bbox 3610 3967 3808 4021; x_wconf 78' lang='lat' dir='ltr'><strong>idcirco</strong></span> <span class='ocrx_word' id='word_1_753' title='bbox 3836 3968 3884 4021; x_wconf 87' lang='lat' dir='ltr'><strong>ei</strong></span> <span class='ocrx_word' id='word_1_754' title='bbox 3918 3983 4109 4025; x_wconf 83' lang='lat' dir='ltr'><strong>omnes</strong></span> 
     </span>
    </p>
   </div>
   <div class='ocr_carea' id='block_1_100' title="bbox 2538 4060 3751 4129">
    <p class='ocr_par' dir='ltr' id='par_1_100' title="bbox 2538 4060 3751 4129">
     <span class='ocr_line' id='line_1_101' title="bbox 2538 4060 3751 4129; baseline -0.002 -16"><span class='ocrx_word' id='word_1_755' title='bbox 2538 4060 2801 4123; x_wconf 89' lang='lat' dir='ltr'><strong>serviunt,</strong></span> <span class='ocrx_word' id='word_1_756' title='bbox 2830 4060 2983 4129; x_wconf 90' lang='lat' dir='ltr'><strong>quasi</strong></span> <span class='ocrx_word' id='word_1_757' title='bbox 3014 4060 3268 4129; x_wconf 89' lang='lat' dir='ltr'><strong>magistro</strong></span> <span class='ocrx_word' id='word_1_758' title='bbox 3293 4060 3433 4114; x_wconf 92' lang='lat' dir='ltr'><strong>dona</strong></span> <span class='ocrx_word' id='word_1_759' title='bbox 3458 4067 3751 4129; x_wconf 86' lang='lat' dir='ltr'><strong>portantes.</strong></span> 
     </span>
    </p>
   </div>
   <div class='ocr_carea' id='block_1_101' title="bbox 2608 4138 4111 4222">
    <p class='ocr_par' dir='ltr' id='par_1_101' title="bbox 2608 4138 4111 4222">
     <span class='ocr_line' id='line_1_102' title="bbox 2608 4138 4111 4222; baseline 0.001 -17"><span class='ocrx_word' id='word_1_760' title='bbox 2608 4151 2728 4205; x_wconf 87' lang='lat' dir='ltr'><strong>Dan</strong></span> <span class='ocrx_word' id='word_1_761' title='bbox 2767 4152 3028 4221; x_wconf 84' lang='lat' dir='ltr'><strong>judicabit</strong></span> <span class='ocrx_word' id='word_1_762' title='bbox 3060 4152 3305 4222; x_wconf 88' lang='lat' dir='ltr'><strong>populum</strong></span> <span class='ocrx_word' id='word_1_763' title='bbox 3326 4168 3505 4217; x_wconf 86' lang='lat' dir='ltr'><strong>suum,</strong></span> <span class='ocrx_word' id='word_1_764' title='bbox 3534 4152 3665 4204; x_wconf 90' lang='lat' dir='ltr'><strong>sicut</strong></span> <span class='ocrx_word' id='word_1_765' title='bbox 3706 4150 3813 4204; x_wconf 86' lang='lat' dir='ltr'><strong>alia</strong></span> <span class='ocrx_word' id='word_1_766' title='bbox 3852 4152 4026 4206; x_wconf 68' lang='lat' dir='ltr'><strong>tribus</strong></span> <span class='ocrx_word' id='word_1_767' title='bbox 4059 4138 4111 4207; x_wconf 81' lang='lat' dir='ltr'><strong>in</strong></span> 
     </span>
    </p>
   </div>
   <div class='ocr_carea' id='block_1_102' title="bbox 2499 4241 4109 4321">
    <p class='ocr_par' dir='ltr' id='par_1_102' title="bbox 2499 4241 4109 4321">
     <span class='ocr_line' id='line_1_103' title="bbox 2499 4241 4109 4321; baseline 0.002 -30"><span class='ocrx_word' id='word_1_768' title='bbox 2499 4287 2502 4291; x_wconf 82' lang='lat'><strong>.</strong></span> <span class='ocrx_word' id='word_1_769' title='bbox 2538 4241 2725 4321; x_wconf 77' lang='lat' dir='ltr'><strong>Israel.</strong></span> <span class='ocrx_word' id='word_1_770' title='bbox 2758 4242 2879 4296; x_wconf 69' lang='lat' dir='ltr'><strong>Fiat</strong></span> <span class='ocrx_word' id='word_1_771' title='bbox 2911 4242 3028 4296; x_wconf 90' lang='lat' dir='ltr'><strong>Dan</strong></span> <span class='ocrx_word' id='word_1_772' title='bbox 3063 4242 3271 4321; x_wconf 85' lang='lat' dir='ltr'><strong>coluber</strong></span> <span class='ocrx_word' id='word_1_773' title='bbox 3306 4244 3361 4297; x_wconf 89' lang='lat' dir='ltr'><strong>in</strong></span> <span class='ocrx_word' id='word_1_774' title='bbox 3404 4246 3505 4309; x_wconf 76' lang='lat' dir='ltr'><strong>via,</strong></span> <span class='ocrx_word' id='word_1_775' title='bbox 3547 4255 3766 4301; x_wconf 79' lang='lat' dir='ltr'><strong>cerastes</strong></span> <span class='ocrx_word' id='word_1_776' title='bbox 3804 4243 3860 4299; x_wconf 84' lang='lat' dir='ltr'><strong>in</strong></span> <span class='ocrx_word' id='word_1_777' title='bbox 3900 4246 4109 4306; x_wconf 76' lang='lat' dir='ltr'><strong>semita,</strong></span> 
     </span>
    </p>
   </div>
   <div class='ocr_carea' id='block_1_103' title="bbox 2537 4320 4109 4404">
    <p class='ocr_par' dir='ltr' id='par_1_103' title="bbox 2537 4320 4109 4404">
     <span class='ocr_line' id='line_1_104' title="bbox 2537 4320 4109 4404; baseline 0.001 -18"><span class='ocrx_word' id='word_1_778' title='bbox 2537 4332 2779 4387; x_wconf 71' lang='lat' dir='ltr'><strong>mordens</strong></span> <span class='ocrx_word' id='word_1_779' title='bbox 2829 4321 3052 4403; x_wconf 82' lang='lat' dir='ltr'><strong>ungulas</strong></span> <span class='ocrx_word' id='word_1_780' title='bbox 3091 4320 3228 4404; x_wconf 74' lang='lat' dir='ltr'><strong>equi,</strong></span> <span class='ocrx_word' id='word_1_781' title='bbox 3278 4334 3341 4388; x_wconf 80' lang='lat' dir='ltr'><strong>ut</strong></span> <span class='ocrx_word' id='word_1_782' title='bbox 3361 4332 3515 4388; x_wconf 89' lang='lat' dir='ltr'><strong>cadat</strong></span> <span class='ocrx_word' id='word_1_783' title='bbox 3545 4348 3787 4387; x_wconf 82' lang='lat' dir='ltr'><strong>ascensor</strong></span> <span class='ocrx_word' id='word_1_784' title='bbox 3811 4322 3947 4402; x_wconf 40' lang='lat' dir='ltr'><strong>ejus.</strong></span> <span class='ocrx_word' id='word_1_785' title='bbox 3972 4344 4109 4387; x_wconf 86' lang='lat' dir='ltr'><strong>retro</strong></span> 
     </span>
    </p>
   </div>
   <div class='ocr_carea' id='block_1_104' title="bbox 2540 4420 4112 4497">
    <p class='ocr_par' dir='ltr' id='par_1_104' title="bbox 2540 4420 4112 4497">
     <span class='ocr_line' id='line_1_105' title="bbox 2540 4420 4112 4497; baseline 0 -19"><span class='ocrx_word' id='word_1_786' title='bbox 2540 4422 2691 4497; x_wconf 85' lang='lat' dir='ltr'><strong>(Gen.</strong></span> <span class='ocrx_word' id='word_1_787' title='bbox 2719 4440 2862 4489; x_wconf 60' lang='lat' dir='ltr'><strong>tux,</strong></span> <span class='ocrx_word' id='word_1_788' title='bbox 2894 4421 3095 4496; x_wconf 77' lang='lat'><strong>16-18).</strong></span> <span class='ocrx_word' id='word_1_789' title='bbox 3121 4422 3369 4478; x_wconf 82' lang='lat' dir='ltr'><strong>Salutare</strong></span> <span class='ocrx_word' id='word_1_790' title='bbox 3401 4432 3547 4478; x_wconf 88' lang='lat' dir='ltr'><strong>tuum</strong></span> <span class='ocrx_word' id='word_1_791' title='bbox 3578 4424 3901 4493; x_wconf 75' lang='lat' dir='ltr'><strong>exspectabo,</strong></span> <span class='ocrx_word' id='word_1_792' title='bbox 3923 4420 4112 4479; x_wconf 50' lang='lat' dir='ltr'><strong>Domi&#39;</strong></span> 
     </span>
    </p>
   </div>
   <div class='ocr_carea' id='block_1_105' title="bbox 2539 4512 4111 4583">
    <p class='ocr_par' dir='ltr' id='par_1_105' title="bbox 2539 4512 4111 4583">
     <span class='ocr_line' id='line_1_106' title="bbox 2539 4512 4111 4583; baseline 0.003 -16"><span class='ocrx_word' id='word_1_793' title='bbox 2539 4530 2620 4567; x_wconf 87' lang='lat' dir='ltr'><strong>ne.</strong></span> <span class='ocrx_word' id='word_1_794' title='bbox 2655 4512 2880 4570; x_wconf 90' lang='lat' dir='ltr'><strong>Samson</strong></span> <span class='ocrx_word' id='word_1_795' title='bbox 2907 4513 3069 4583; x_wconf 79' lang='lat' dir='ltr'><strong>judex</strong></span> <span class='ocrx_word' id='word_1_796' title='bbox 3099 4515 3151 4569; x_wconf 90' lang='lat' dir='ltr'><strong>in</strong></span> <span class='ocrx_word' id='word_1_797' title='bbox 3189 4514 3352 4570; x_wconf 81' lang='lat' dir='ltr'><strong>Israel</strong></span> <span class='ocrx_word' id='word_1_798' title='bbox 3397 4515 3464 4569; x_wconf 89' lang='lat' dir='ltr'><strong>de</strong></span> <span class='ocrx_word' id='word_1_799' title='bbox 3509 4515 3647 4569; x_wconf 88' lang='lat' dir='ltr'><strong>tribu</strong></span> <span class='ocrx_word' id='word_1_800' title='bbox 3688 4514 3799 4568; x_wconf 80' lang='lat' dir='ltr'><strong>Dan</strong></span> <span class='ocrx_word' id='word_1_801' title='bbox 3846 4512 3965 4570; x_wconf 79' lang='lat' dir='ltr'><strong>fuit.</strong></span> <span class='ocrx_word' id='word_1_802' title='bbox 3995 4514 4111 4572; x_wconf 82' lang='lat' dir='ltr'><strong>Hoc</strong></span> 
     </span>
    </p>
   </div>
   <div class='ocr_carea' id='block_1_106' title="bbox 2530 4598 4112 4684">
    <p class='ocr_par' dir='ltr' id='par_1_106' title="bbox 2530 4598 4112 4684">
     <span class='ocr_line' id='line_1_107' title="bbox 2530 4598 4112 4684; baseline 0.001 -24"><span class='ocrx_word' id='word_1_803' title='bbox 2530 4620 2666 4677; x_wconf 81' lang='lat' dir='ltr'><strong>ergo</strong></span> <span class='ocrx_word' id='word_1_804' title='bbox 2711 4620 2853 4660; x_wconf 88' lang='lat' dir='ltr'><strong>nunc</strong></span> <span class='ocrx_word' id='word_1_805' title='bbox 2894 4606 3023 4659; x_wconf 87' lang='lat' dir='ltr'><strong>dicit</strong></span> <span class='ocrx_word' id='word_1_806' title='bbox 3065 4598 3251 4659; x_wconf 86' lang='lat' dir='ltr'><strong>videns</strong></span> <span class='ocrx_word' id='word_1_807' title='bbox 3292 4605 3345 4659; x_wconf 89' lang='lat' dir='ltr'><strong>in</strong></span> <span class='ocrx_word' id='word_1_808' title='bbox 3385 4604 3597 4676; x_wconf 87' lang='lat' dir='ltr'><strong>spiritu,</strong></span> <span class='ocrx_word' id='word_1_809' title='bbox 3644 4620 3873 4684; x_wconf 37' lang='lat' dir='ltr'><strong>comam.</strong></span> <span class='ocrx_word' id='word_1_810' title='bbox 3897 4606 4112 4665; x_wconf 82' lang='lat' dir='ltr'><strong>nutrire</strong></span> 
     </span>
    </p>
   </div>
   <div class='ocr_carea' id='block_1_107' title="bbox 2542 4693 4106 4770">
    <p class='ocr_par' dir='ltr' id='par_1_107' title="bbox 2542 4693 4106 4770">
     <span class='ocr_line' id='line_1_108' title="bbox 2542 4693 4106 4770; baseline 0.001 -21"><span class='ocrx_word' id='word_1_811' title='bbox 2542 4693 2769 4750; x_wconf 92' lang='lat' dir='ltr'><strong>Samson</strong></span> <span class='ocrx_word' id='word_1_812' title='bbox 2791 4693 3124 4758; x_wconf 69' lang='lat' dir='ltr'><strong>Nazarmum,</strong></span> <span class='ocrx_word' id='word_1_813' title='bbox 3145 4702 3202 4748; x_wconf 92' lang='lat' dir='ltr'><strong>et</strong></span> <span class='ocrx_word' id='word_1_814' title='bbox 3217 4693 3283 4749; x_wconf 89' lang='lat' dir='ltr'><strong>de</strong></span> <span class='ocrx_word' id='word_1_815' title='bbox 3302 4694 3455 4749; x_wconf 64' lang='lat' dir='ltr'><strong>ctesis</strong></span> <span class='ocrx_word' id='word_1_816' title='bbox 3476 4694 3713 4749; x_wconf 78' lang='lat' dir='ltr'><strong>hostibus</strong></span> <span class='ocrx_word' id='word_1_817' title='bbox 3730 4694 4066 4770; x_wconf 87' lang='lat' dir='ltr'><strong>triumphare</strong></span> <span class='ocrx_word' id='word_1_818' title='bbox 4090 4701 4106 4760; x_wconf 75' lang='lat'><strong>&#39;;</strong></span> 
     </span>
    </p>
   </div>
   <div class='ocr_carea' id='block_1_108' title="bbox 2538 4778 4111 4858">
    <p class='ocr_par' dir='ltr' id='par_1_108' title="bbox 2538 4778 4111 4858">
     <span class='ocr_line' id='line_1_109' title="bbox 2538 4778 4111 4858; baseline -0.001 -18"><span class='ocrx_word' id='word_1_819' title='bbox 2538 4778 2680 4858; x_wconf 86' lang='lat' dir='ltr'><strong>quod</strong></span> <span class='ocrx_word' id='word_1_820' title='bbox 2727 4786 2782 4841; x_wconf 88' lang='lat' dir='ltr'><strong>in</strong></span> <span class='ocrx_word' id='word_1_821' title='bbox 2824 4784 3224 4841; x_wconf 86' lang='lat' dir='ltr'><strong>similitudinem</strong></span> <span class='ocrx_word' id='word_1_822' title='bbox 3272 4782 3473 4839; x_wconf 85' lang='lat' dir='ltr'><strong>colubri</strong></span> <span class='ocrx_word' id='word_1_823' title='bbox 3510 4794 3783 4854; x_wconf 83' lang='lat' dir='ltr'><strong>regunque</strong></span> <span class='ocrx_word' id='word_1_824' title='bbox 3809 4783 4111 4841; x_wconf 80' lang='lat' dir='ltr'><strong>obsidentis</strong></span> 
     </span>
    </p>
   </div>
   <div class='ocr_carea' id='block_1_109' title="bbox 2534 4871 4105 4947">
    <p class='ocr_par' dir='ltr' id='par_1_109' title="bbox 2534 4871 4105 4947">
     <span class='ocr_line' id='line_1_110' title="bbox 2534 4871 4105 4947; baseline 0.001 -18"><span class='ocrx_word' id='word_1_825' title='bbox 2534 4878 2675 4941; x_wconf 82' lang='lat' dir='ltr'><strong>vias,</strong></span> <span class='ocrx_word' id='word_1_826' title='bbox 2704 4876 2905 4934; x_wconf 84' lang='lat' dir='ltr'><strong>nullum</strong></span> <span class='ocrx_word' id='word_1_827' title='bbox 2947 4888 3046 4947; x_wconf 85' lang='lat' dir='ltr'><strong>per</strong></span> <span class='ocrx_word' id='word_1_828' title='bbox 3084 4882 3285 4928; x_wconf 84' lang='lat' dir='ltr'><strong>terram</strong></span> <span class='ocrx_word' id='word_1_829' title='bbox 3319 4871 3483 4927; x_wconf 86' lang='lat' dir='ltr'><strong>israel</strong></span> <span class='ocrx_word' id='word_1_830' title='bbox 3528 4873 3759 4929; x_wconf 87' lang='lat' dir='ltr'><strong>transire</strong></span> <span class='ocrx_word' id='word_1_831' title='bbox 3797 4876 4105 4946; x_wconf 79' lang='lat' dir='ltr'><strong>permittat;</strong></span> 
     </span>
    </p>
   </div>
   <div class='ocr_carea' id='block_1_110' title="bbox 2537 4964 4105 5039">
    <p class='ocr_par' dir='ltr' id='par_1_110' title="bbox 2537 4964 4105 5039">
     <span class='ocr_line' id='line_1_111' title="bbox 2537 4964 4105 5039; baseline -0.001 -18"><span class='ocrx_word' id='word_1_832' title='bbox 2537 4966 2632 5021; x_wconf 86' lang='lat' dir='ltr'><strong>sed</strong></span> <span class='ocrx_word' id='word_1_833' title='bbox 2653 4966 2815 5023; x_wconf 80' lang='lat' dir='ltr'><strong>etiam</strong></span> <span class='ocrx_word' id='word_1_834' title='bbox 2844 4964 2889 5019; x_wconf 88' lang='lat' dir='ltr'><strong>si</strong></span> <span class='ocrx_word' id='word_1_835' title='bbox 2913 4965 3036 5033; x_wconf 88' lang='lat' dir='ltr'><strong>quis</strong></span> <span class='ocrx_word' id='word_1_836' title='bbox 3062 4964 3382 5019; x_wconf 90' lang='lat' dir='ltr'><strong>temerarius</strong></span> <span class='ocrx_word' id='word_1_837' title='bbox 3405 4966 3601 5021; x_wconf 87' lang='lat' dir='ltr'><strong>virtute</strong></span> <span class='ocrx_word' id='word_1_838' title='bbox 3631 4979 3750 5032; x_wconf 86' lang='lat' dir='ltr'><strong>sua,</strong></span> <span class='ocrx_word' id='word_1_839' title='bbox 3780 4967 3933 5039; x_wconf 86' lang='lat' dir='ltr'><strong>quasi</strong></span> <span class='ocrx_word' id='word_1_840' title='bbox 3956 4968 4105 5026; x_wconf 84' lang='lat' dir='ltr'><strong>velo-</strong></span> 
     </span>
    </p>
   </div>
   <div class='ocr_carea' id='block_1_111' title="bbox 2538 5054 4108 5126">
    <p class='ocr_par' dir='ltr' id='par_1_111' title="bbox 2538 5054 4108 5126">
     <span class='ocr_line' id='line_1_112' title="bbox 2538 5054 4108 5126; baseline 0 -16"><span class='ocrx_word' id='word_1_841' title='bbox 2538 5056 2699 5111; x_wconf 81' lang='lat' dir='ltr'><strong>citate</strong></span> <span class='ocrx_word' id='word_1_842' title='bbox 2735 5055 2859 5124; x_wconf 86' lang='lat' dir='ltr'><strong>equi</strong></span> <span class='ocrx_word' id='word_1_843' title='bbox 2911 5055 3168 5119; x_wconf 87' lang='lat' dir='ltr'><strong>conﬁsus,</strong></span> <span class='ocrx_word' id='word_1_844' title='bbox 3210 5069 3333 5110; x_wconf 90' lang='lat' dir='ltr'><strong>eam</strong></span> <span class='ocrx_word' id='word_1_845' title='bbox 3374 5054 3602 5117; x_wconf 84' lang='lat' dir='ltr'><strong>voluerit</strong></span> <span class='ocrx_word' id='word_1_846' title='bbox 3646 5055 3913 5126; x_wconf 68' lang='grc' dir='ltr'><strong>ι)ηὰοὼ</strong></span> <span class='ocrx_word' id='word_1_847' title='bbox 3955 5072 4108 5115; x_wconf 83' lang='lat' dir='ltr'><strong>more</strong></span> 
     </span>
    </p>
   </div>
   <div class='ocr_carea' id='block_1_112' title="bbox 2534 5136 4108 5221">
    <p class='ocr_par' dir='ltr' id='par_1_112' title="bbox 2534 5136 4108 5221">
     <span class='ocr_line' id='line_1_113' title="bbox 2534 5136 4108 5221; baseline -0.003 -21"><span class='ocrx_word' id='word_1_848' title='bbox 2534 5145 2799 5221; x_wconf 84' lang='lat' dir='ltr'><strong>populari,</strong></span> <span class='ocrx_word' id='word_1_849' title='bbox 2826 5159 2929 5199; x_wconf 89' lang='lat' dir='ltr'><strong>non</strong></span> <span class='ocrx_word' id='word_1_850' title='bbox 2967 5144 3114 5199; x_wconf 88' lang='lat' dir='ltr'><strong>illum</strong></span> <span class='ocrx_word' id='word_1_851' title='bbox 3149 5142 3381 5216; x_wconf 75' lang='lat' dir='ltr'><strong>effugere</strong></span> <span class='ocrx_word' id='word_1_852' title='bbox 3412 5142 3638 5205; x_wconf 6' lang='lat' dir='ltr'><strong>(valebit.</strong></span> <span class='ocrx_word' id='word_1_853' title='bbox 3666 5136 3878 5207; x_wconf 31' lang='lat' dir='ltr'><strong>i&#39;l&#39;otun</strong></span> <span class='ocrx_word' id='word_1_854' title='bbox 3922 5151 4108 5203; x_wconf 80' lang='lat' dir='ltr'><strong>autem</strong></span> 
     </span>
    </p>
   </div>
   <div class='ocr_carea' id='block_1_113' title="bbox 2536 5225 4107 5311">
    <p class='ocr_par' dir='ltr' id='par_1_113' title="bbox 2536 5225 4107 5311">
     <span class='ocr_line' id='line_1_114' title="bbox 2536 5225 4107 5311; baseline -0.003 -18"><span class='ocrx_word' id='word_1_855' title='bbox 2536 5252 2635 5308; x_wconf 85' lang='lat' dir='ltr'><strong>per</strong></span> <span class='ocrx_word' id='word_1_856' title='bbox 2658 5238 3027 5311; x_wconf 84' lang='lat' dir='ltr'><strong>metaphoram</strong></span> <span class='ocrx_word' id='word_1_857' title='bbox 3050 5236 3316 5304; x_wconf 84' lang='lat' dir='ltr'><strong>serpentis</strong></span> <span class='ocrx_word' id='word_1_858' title='bbox 3342 5243 3397 5289; x_wconf 88' lang='lat' dir='ltr'><strong>et</strong></span> <span class='ocrx_word' id='word_1_859' title='bbox 3422 5225 3619 5303; x_wconf 80' lang='lat' dir='ltr'><strong>equitis</strong></span> <span class='ocrx_word' id='word_1_860' title='bbox 3646 5230 3879 5303; x_wconf 86' lang='lat' dir='ltr'><strong>loquitur</strong></span> <span class='ocrx_word' id='word_1_861' title='bbox 3904 5230 4107 5309; x_wconf 79' lang='lat' dir='ltr'><strong>[Edit.,</strong></span> 
     </span>
    </p>
   </div>
   <div class='ocr_carea' id='block_1_114' title="bbox 2536 5322 4107 5407">
    <p class='ocr_par' dir='ltr' id='par_1_114' title="bbox 2536 5322 4107 5407">
     <span class='ocr_line' id='line_1_115' title="bbox 2536 5322 4107 5407; baseline 0.001 -26"><span class='ocrx_word' id='word_1_862' title='bbox 2536 5327 2677 5397; x_wconf 87' lang='lat' dir='ltr'><strong>quod</strong></span> <span class='ocrx_word' id='word_1_863' title='bbox 2699 5327 2957 5397; x_wconf 84' lang='lat' dir='ltr'><strong>loquitur,</strong></span> <span class='ocrx_word' id='word_1_864' title='bbox 2980 5325 3047 5379; x_wconf 82' lang='lat' dir='ltr'><strong>ad</strong></span> <span class='ocrx_word' id='word_1_865' title='bbox 3074 5322 3300 5379; x_wconf 79' lang='lat' dir='ltr'><strong>formam</strong></span> <span class='ocrx_word' id='word_1_866' title='bbox 3321 5324 3587 5397; x_wconf 78' lang='lat' dir='ltr'><strong>serpentis</strong></span> <span class='ocrx_word' id='word_1_867' title='bbox 3605 5333 3661 5379; x_wconf 88' lang='lat' dir='ltr'><strong>et</strong></span> <span class='ocrx_word' id='word_1_868' title='bbox 3679 5324 3800 5395; x_wconf 88' lang='lat' dir='ltr'><strong>equi</strong></span> <span class='ocrx_word' id='word_1_869' title='bbox 3824 5326 4107 5407; x_wconf 77' lang='lat' dir='ltr'><strong>pertinet].</strong></span> 
     </span>
    </p>
   </div>
   <div class='ocr_carea' id='block_1_115' title="bbox 2536 5411 4111 5487">
    <p class='ocr_par' dir='ltr' id='par_1_115' title="bbox 2536 5411 4111 5487">
     <span class='ocr_line' id='line_1_116' title="bbox 2536 5411 4111 5487; baseline 0.001 -16"><span class='ocrx_word' id='word_1_870' title='bbox 2536 5416 2737 5471; x_wconf 76' lang='lat' dir='ltr'><strong>Videas</strong></span> <span class='ocrx_word' id='word_1_871' title='bbox 2768 5429 2897 5485; x_wconf 87' lang='lat' dir='ltr'><strong>ergo</strong></span> <span class='ocrx_word' id='word_1_872' title='bbox 2938 5412 3102 5487; x_wconf 73' lang='lat' dir='ltr'><strong>[Ms.,</strong></span> <span class='ocrx_word' id='word_1_873' title='bbox 3132 5411 3342 5486; x_wconf 88' lang='lat' dir='ltr'><strong>autem]</strong></span> <span class='ocrx_word' id='word_1_874' title='bbox 3396 5422 3506 5469; x_wconf 83' lang='lat' dir='ltr'><strong>tam</strong></span> <span class='ocrx_word' id='word_1_875' title='bbox 3554 5412 3745 5469; x_wconf 73' lang='lat' dir='ltr'><strong>fortem</strong></span> <span class='ocrx_word' id='word_1_876' title='bbox 3786 5414 4111 5473; x_wconf 59' lang='grc' dir='ltr'><strong>Νίκῃ-κυσὶ</strong></span> 
     </span>
    </p>
   </div>
   <div class='ocr_carea' id='block_1_116' title="bbox 2530 5500 4111 5581">
    <p class='ocr_par' dir='ltr' id='par_1_116' title="bbox 2530 5500 4111 5581">
     <span class='ocr_line' id='line_1_117' title="bbox 2530 5500 4111 5581; baseline 0.001 -21"><span class='ocrx_word' id='word_1_877' title='bbox 2530 5514 2709 5569; x_wconf 84' lang='lat' dir='ltr'><strong>tuum,</strong></span> <span class='ocrx_word' id='word_1_878' title='bbox 2759 5505 2902 5574; x_wconf 86' lang='lat' dir='ltr'><strong>quod</strong></span> <span class='ocrx_word' id='word_1_879' title='bbox 2947 5506 3061 5581; x_wconf 87' lang='lat' dir='ltr'><strong>ipse</strong></span> <span class='ocrx_word' id='word_1_880' title='bbox 3110 5512 3329 5576; x_wconf 88' lang='lat' dir='ltr'><strong>propter</strong></span> <span class='ocrx_word' id='word_1_881' title='bbox 3352 5500 3534 5577; x_wconf 81' lang='lat' dir='ltr'><strong>[Edit.</strong></span> <span class='ocrx_word' id='word_1_882' title='bbox 3554 5546 3569 5572; x_wconf 94' lang='lat'><strong>,</strong></span> <span class='ocrx_word' id='word_1_883' title='bbox 3596 5503 3731 5577; x_wconf 90' lang='lat' dir='ltr'><strong>per]</strong></span> <span class='ocrx_word' id='word_1_884' title='bbox 3763 5507 4111 5565; x_wconf 88' lang='lat' dir='ltr'><strong>meretricem</strong></span> 
     </span>
    </p>
   </div>
   <div class='ocr_carea' id='block_1_117' title="bbox 2534 5588 4106 5669">
    <p class='ocr_par' dir='ltr' id='par_1_117' title="bbox 2534 5588 4106 5669">
     <span class='ocr_line' id='line_1_118' title="bbox 2534 5588 4106 5669; baseline 0.002 -17"><span class='ocrx_word' id='word_1_885' title='bbox 2534 5604 2779 5653; x_wconf 77' lang='lat' dir='ltr'><strong>martuus</strong></span> <span class='ocrx_word' id='word_1_886' title='bbox 2820 5606 2905 5652; x_wconf 89' lang='lat' dir='ltr'><strong>est</strong></span> <span class='ocrx_word' id='word_1_887' title='bbox 2928 5638 2943 5663; x_wconf 95' lang='lat'><strong>,</strong></span> <span class='ocrx_word' id='word_1_888' title='bbox 2985 5606 3041 5653; x_wconf 92' lang='lat' dir='ltr'><strong>et</strong></span> <span class='ocrx_word' id='word_1_889' title='bbox 3067 5589 3302 5653; x_wconf 81' lang='lat' dir='ltr'><strong>moriens</strong></span> <span class='ocrx_word' id='word_1_890' title='bbox 3345 5607 3556 5654; x_wconf 84' lang='lat' dir='ltr'><strong>nostros</strong></span> <span class='ocrx_word' id='word_1_891' title='bbox 3580 5588 3790 5669; x_wconf 75' lang='lat' dir='ltr'><strong>cecidit</strong></span> <span class='ocrx_word' id='word_1_892' title='bbox 3835 5598 4106 5663; x_wconf 83' lang='lat' dir='ltr'><strong>inimicos,</strong></span> 
     </span>
    </p>
   </div>
   <div class='ocr_carea' id='block_1_118' title="bbox 2534 5680 4104 5763">
    <p class='ocr_par' dir='ltr' id='par_1_118' title="bbox 2534 5680 4104 5763">
     <span class='ocr_line' id='line_1_119' title="bbox 2534 5680 4104 5763; baseline 0.001 -20"><span class='ocrx_word' id='word_1_893' title='bbox 2534 5680 2738 5759; x_wconf 82' lang='lat' dir='ltr'><strong>putavi,</strong></span> <span class='ocrx_word' id='word_1_894' title='bbox 2766 5704 2801 5743; x_wconf 89' lang='grc' dir='ltr'>ο</span> <span class='ocrx_word' id='word_1_895' title='bbox 2829 5689 2999 5744; x_wconf 67' lang='grc' dir='ltr'><strong>υθωέ</strong></span> <span class='ocrx_word' id='word_1_896' title='bbox 3029 5690 3204 5763; x_wconf 88' lang='lat' dir='ltr'><strong>ipsum</strong></span> <span class='ocrx_word' id='word_1_897' title='bbox 3250 5702 3368 5745; x_wconf 84' lang='lat' dir='ltr'><strong>esse</strong></span> <span class='ocrx_word' id='word_1_898' title='bbox 3392 5689 3665 5744; x_wconf 87' lang='lat' dir='ltr'><strong>Christum</strong></span> <span class='ocrx_word' id='word_1_899' title='bbox 3698 5686 3891 5746; x_wconf 76' lang='lat' dir='ltr'><strong>Filium</strong></span> <span class='ocrx_word' id='word_1_900' title='bbox 3919 5698 4104 5754; x_wconf 83' lang='lat' dir='ltr'><strong>tuum;</strong></span> 
     </span>
    </p>
   </div>
   <div class='ocr_carea' id='block_1_119' title="bbox 2608 5810 3593 5892">
    <p class='ocr_par' dir='ltr' id='par_1_119' title="bbox 2608 5810 3593 5892">
     <span class='ocr_line' id='line_1_120' title="bbox 2608 5810 3593 5892; baseline 0.001 -16"><span class='ocrx_word' id='word_1_901' title='bbox 2608 5832 2631 5859; x_wconf 73' lang='grc' dir='ltr'><strong>α</strong></span> <span class='ocrx_word' id='word_1_902' title='bbox 2672 5820 2965 5892; x_wconf 59' lang='lat' dir='ltr'><strong>Sequenti;</strong></span> <span class='ocrx_word' id='word_1_903' title='bbox 2991 5810 3097 5875; x_wconf 85' lang='lat' dir='ltr'><strong>non</strong></span> <span class='ocrx_word' id='word_1_904' title='bbox 3116 5819 3593 5892; x_wconf 63' lang='lat' dir='ltr'><strong>suntjlieronymi.</strong></span> 
     </span>
    </p>
   </div>
   <div class='ocr_carea' id='block_1_120' title="bbox 2668 5888 3367 5957">
    <p class='ocr_par' dir='ltr' id='par_1_120' title="bbox 2668 5888 3367 5957">
     <span class='ocr_line' id='line_1_121' title="bbox 2668 5888 3367 5957; baseline -0.001 -11"><span class='ocrx_word' id='word_1_905' title='bbox 2668 5888 2887 5948; x_wconf 74' lang='lat' dir='ltr'><strong>Hieron.</strong></span> <span class='ocrx_word' id='word_1_906' title='bbox 2922 5888 3119 5957; x_wconf 62' lang='lat' dir='ltr'><strong>Quaest.</strong></span> <span class='ocrx_word' id='word_1_907' title='bbox 3152 5892 3204 5951; x_wconf 90' lang='lat' dir='ltr'><strong>in</strong></span> <span class='ocrx_word' id='word_1_908' title='bbox 3232 5888 3367 5951; x_wconf 81' lang='lat' dir='ltr'><strong>Gen.</strong></span> 
     </span>
    </p>
   </div>
  </div>
