4428 6430
89 458 181 514 561

688 465 1094 523 ΕΧΕΟΕΤῙΟΑ.
1137 498 1204 507 —-—
1242 466 1611 524 INTERROG.
1654 466 1741 521 ΕΤ
1784 467 2109 527 RESPONS.
2154 471 2221 525 IN
2258 473 2525 540 GENES.,
2572 475 2719 532 ETC.
3227 479 3332 535 562

1784 467 2109 527 RESPONS.
2154 471 2221 525 IN
2258 473 2525 540 GENES.,
2572 475 2719 532 ETC.

3227 479 3332 535 562

85 584 273 626 verum
314 572 449 642 quia
480 582 724 631 mortuus
748 584 851 643 est,
880 586 937 632 et
974 592 1079 633 non
1110 578 1422 643 resurrexit,
1451 586 1507 632 et
1535 592 1656 631 rur-
1683 579 1731 636 Δ
1758 577 1893 633 lecta
1934 589 2077 647 sunt,
2105 581 2285 652 lupum
2312 586 2735 655 sanguinarium,
2765 586 2945 658 lupum
2966 605 3213 646 voracem
3243 596 3332 648 su"-

86 676 203 718 sum
242 661 436 718 ductus
481 672 671 736 captus
714 675 800 723 est
837 667 1023 735 Israel,
1058 669 1195 724 alius
1246 670 1375 725 mihi
1414 669 1661 725 Salvator

85 748 240 824 [Ed.,
266 768 477 822 verum,
509 756 602 826 qui
630 765 875 812 mortuus
913 766 1000 815 est
1026 767 1083 815 et
1109 761 1423 825 resurrexit,
1449 759 1536 815 ille
1563 760 1663 831 igi-

86 848 173 896 tur
196 842 334 899 mihi
354 844 610 910 salvator,
632 846 971 919 etc.]mundi
998 856 1054 904 et
1080 850 1185 904 mei
1210 851 1419 919 generis
1440 856 1664 920 praesto-

84 930 277 989 Iandus
314 930 420 1001 est,
454 943 509 989 ut
537 937 727 1003 ueniat,
766 938 853 991 sai
896 940 1176 1011 repositum
1217 948 1312 1006 est,
1352 948 1400 994 et
1431 940 1538 1011 ipse
1564 940 1662 993 erit

81 1011 397 1095 mpectatio
423 1030 679 1098 gentium.
1170 1048 1179 1053 ‘

148 1116 315 1188 336
338 1115 455 1171 Gad
483 1120 745 1174 accinctus
787 1120 1116 1191 praeliabitur
1155 1131 1277 1177 ante
1302 1139 1453 1188 eum,
1482 1130 1532 1178 et
1554 1122 1664 1192 ipse

82 1208 375 1279 aecingetar
408 1217 713 1277 retrorsum,
744 1210 897 1282 (vers.
930 1212 1019 1283 19)
1048 1212 1337 1284 signiﬁcat,
1367 1213 1512 1283 quod
1536 1220 1663 1267 ante

83 1296 294 1360 Ruben,
320 1305 377 1353 et
408 1295 686 1355 dimidiam
715 1302 912 1357 tribum
958 1303 1223 1369 Manasse,
1253 1313 1309 1359 et
1332 1304 1489 1369 ﬁlios,
1528 1317 1665 1374 quos

80 1391 231 1439 trans
258 1384 548 1443 Iordanem
592 1388 749 1461 [Ms.,
778 1392 915 1447 filios
936 1409 1062 1447 suos
1094 1402 1245 1449 trans
1270 1393 1583 1467 Iordanem]
1611 1396 1663 1449 in

83 1474 481 1541 possessionem
496 1476 793 1546 dimiserat,
813 1488 932 1555 post
960 1482 1365 1551 quatuordecim
1388 1497 1557 1536 annos
1580 1500 1666 1537 re-

78 1569 317 1627 vertens,
352 1563 593 1633 praelium
622 1567 907 1623 adversum
944 1584 1039 1624 eos
1082 1571 1321 1640 gentium
1364 1571 1663 1626 vicinarum

78 1651 301 1721 grande.
329 1655 530 1724 reperit
566 1665 623 1711 et
648 1658 803 1712 victis
840 1659 1085 1715 hostibus
1127 1659 1337 1715 fortiter
1368 1661 1659 1715 dimicavit.

77 1738 219 1811 Lege
252 1741 449 1800 librum
494 1743 622 1802 Iesu
667 1746 815 1803 Nave
856 1748 1011 1822 (xm,
1036 1750 1100 1824 7)
1123 1758 1180 1806 et
1218 1750 1663 1822 Paralipomenon

78 1830 216 1900 (ια,
246 1833 301 1897 1,
330 1836 439 1907 η).

78 1970 81 1971 ν
144 1922 452 1994 Nephtalim
489 1944 667 1985 cerrus
691 1932 942 1997 emissus,
973 1933 1105 1988 dans
1133 1934 1338 2006 eloquia
1366 1917 1659 2006 pulcltritu-
1693 1920 1737 1979 Β

75 2012 215 2067 dinis
265 2015 376 2071 sive
408 2016 711 2088 Nepbtalim
757 2040 882 2093 ager
922 2025 1152 2095 irrigans
1181 2025 1337 2097 (Gen.
1368 2044 1514 2092 χιιι,
1545 2026 1657 2099 21).

82 2102 380 2175 Utrumque
424 2108 568 2163 enim
615 2111 885 2182 signiﬁcat
916 2114 1198 2171 Hebraaum
1242 2119 1466 2172 verbum
1507 2119 1660 2173 Aiala

79 2194 276 2251 Sclvha
314 2196 509 2271 [Edit.,
538 2199 787 2276 Silvam].
816 2203 1097 2277 Signiﬁcat
1121 2215 1301 2262 autem
1339 2210 1482 2279 quod
1508 2224 1662 2279 aqua:

76 2289 266 2344 calidae
289 2290 344 2345 in
364 2292 477 2361 ipsa
501 2303 799 2350 nascuntur
820 2298 983 2363 tribu,
1008 2298 1123 2353 sive
1146 2299 1289 2370 quod
1308 2315 1468 2370 super
1488 2298 1662 2355 lacum

76 2378 323 2434 Genesar
349 2379 549 2436 ﬂuenta
569 2383 702 2455 (AL,
727 2384 946 2459 ﬂuento]
966 2386 1218 2445 Iordanis
1240 2398 1385 2445 esset
1408 2391 1661 2461 irrignus.

80 2468 289 2525 Hebrzei
320 2481 501 2527 autem
526 2474 714 2529 volunt
748 2490 969 2548 propter
994 2479 1356 2555 Tiberiadem,
1384 2496 1503 2551 quae
1530 2482 1663 2553 legis

77 2563 362 2618 videbatur
388 2565 592 2621 habere
631 2569 897 2636 notitiam,
928 2586 1117 2643 agrum
1147 2566 1409 2645 irriguum
1460 2575 1549 2630 hic
1580 2576 1664 2630 in-

84 2652 249 2725 telligi
271 2655 485 2725 eloquia
508 2658 927 2727 pulchritudinis
945 2658 1331 2734 prOpbetarum
1356 2662 1510 2737 [Hs.,
1540 2666 1665 2722 irri-

72 2760 238 2814 gnum
268 2753 326 2801 et
354 2747 567 2816 eloquia
614 2749 1031 2819 pulchritudinis
1067 2753 1429 2827 prophetari].
1458 2754 1663 2811 Cervus

79 2845 258 2890 autem
300 2837 537 2893 emissus
581 2846 959 2911 temporaneas
1003 2841 1185 2913 fruges
1222 2851 1279 2901 et
1320 2844 1662 2900 velocitatem

78 2932 237 3005 terra}
255 2924 523 2983 uberioris
549 2929 802 2986 ostendit.
834 2929 941 2987 Sed
962 2932 1176 3000 melius,
1198 2935 1245 2990 si
1270 2935 1339 2990 ad
1360 2936 1661 2993 doctrinam

81 3016 379 3076 Salvatoris
418 3033 612 3078 cuncta
638 3023 960 3092 referamus,
1003 3028 1145 3097 quod
1191 3028 1263 3083 ibi
1296 3029 1664 3088 vel'moaime

73 3112 323 3169 docuerit
346 3113 617 3181 Salvator,
656 3124 717 3171 ut
741 3116 797 3171 in
830 3117 1122 3190 Evangelio
1157 3126 1371 3190 quoque
1400 3120 1663 3192 scriptum

76 3214 163 3259 est
188 3205 407 3276 (Matth.
433 3222 508 3272 ιν,
527 3206 658 3280 ‘45).

1759 683 1857 738 per
1895 669 2083 725 altaris
2133 672 2575 743 interpretatione
2614 684 2894 747 ponentes,
2944 687 3001 734 et
3039 678 3333 750 spolion

1760 759 2075 815 divisionem
2098 776 2261 833 super
2296 764 2680 831 sawrdotibus,
2727 767 2819 839 qui
2846 768 3141 823 servientes
3179 770 3334 827 altari

1759 849 1949 905 vivunt
1996 851 2063 906 de
2122 851 2276 908 altari
2316 852 2633 925 [ﬂuensque
2675 870 2741 911 ex
2788 856 3161 932 Hieronymo].
3211 858 3339 915 Haec

1761 940 2023 997 hactenus
2048 941 2199 1013 [Ms.,
2228 944 2432 1018 autem]
2454 940 2737 1001 historice.

1833 1028 2199 1100 Spiritualiter
2238 1042 2418 1089 autem
2456 1034 2556 1108 [in]
2585 1036 2772 1092 Ruben
2798 1037 2999 1109 prioris
3030 1038 3208 1110 populi
3245 1038 3339 1094 Iu-

1760 1120 1997 1177 daeorum
2034 1124 2273 1178 ostendit
2308 1140 2621 1195 personam,
2658 1128 2745 1181 cui
2774 1143 2805 1183 a
2842 1127 3068 1184 Domino
3096 1144 3192 1199 per
3215 1144 3341 1201 proo

1761 1211 1983 1280 pbetam
2008 1202 2243 1267 dicitur:
2267 1214 2432 1269 Israel
2452 1216 2823 1286 primogenitae
2847 1234 2991 1271 naeus
3010 1218 3166 1291 (Gen.
3190 1235 3338 1286 xttx,

1761 1302 1838 1375 3).
1866 1304 2077 1360 Etenim
2091 1303 2249 1373 juxta
2265 1306 2407 1376 quod
2427 1307 2795 1378 primogenitis
2830 1308 3145 1373 debebatur,
3174 1310 3339 1380 ipsius

1761 1404 1880 1450 erat
1906 1398 2153 1467 accipere
2196 1399 2553 1454 sacerdotium
2581 1408 2638 1454 et
2664 1416 2905 1474 regnum.
2954 1402 3181 1455 Additur
3212 1418 3227 1455 :
3264 1400 3342 1454 'l‘u

1761 1488 1923 1541 rirtus
1962 1505 2097 1542 mea.
2135 1488 2327 1560 Utique
2373 1491 2513 1560 quod
2542 1491 2666 1546 huic
2712 1492 2907 1563 populo
2936 1491 3343 1547 fundamentum

1762 1578 1884 1632 ﬁdei
1914 1594 1980 1633 ex
2030 1580 2399 1648 ipsa.virtute
2449 1583 2544 1637 Dei
2589 1582 2744 1654 [Hs.,
2791 1584 2918 1654 quia
2973 1600 3040 1638 ex
3081 1585 3197 1655 ipso
3249 1599 3347 1655 po-

1760 1668 1886 1738 pulo
1917 1668 2323 1724 fundamentum
2353 1670 2507 1735 ﬁdei;
2537 1687 2602 1725 ex
2630 1674 2748 1742 ipso
2774 1674 2946 1727 virtus
2971 1672 3111 1745 Dei],
3140 1674 3231 1743 qui
3263 1680 3348 1728 est

1760 1759 2025 1823 Christus,
2068 1759 2299 1813 advenit.
2331 1759 2609 1827 Quomodo
2653 1768 2834 1816 autem
2865 1762 2977 1831 ipse
3024 1764 3095 1816 sit
3140 1761 3345 1832 princi-

1762 1854 1911 1924 pium
1936 1851 2199 1916 dolorum,
2231 1853 2335 1906 nisi
2387 1852 2514 1906 dum
2562 1851 2711 1931 Patri
2756 1851 2869 1907 Deo
2903 1868 3117 1923 semper
3142 1854 3348 1923 irrogat

1765 1942 2011 2011 injurias,
2036 1952 2357 1997 convertens
2386 1942 2453 1996 ad
2479 1958 2604 1997 eum
2627 1942 2845 1997 dorsum
2868 1942 2966 2015 [et]
2989 1959 3092 1997 non
3118 1942 3346 1997 faciem?

1762 2036 1866 2091 Iste
1913 2038 2062 2106 prior
2092 2036 2144 2089 in
2192 2036 2366 2100 donis,
2416 2036 2542 2105 quia
2587 2036 2687 2106 ipsi
2716 2036 2950 2105 primum
2991 2034 3193 2091 credita
3224 2046 3350 2089 sunt

1762 2127 1973 2196 eloquia
2005 2127 2120 2191 Dei,
2163 2136 2217 2180 et
2243 2127 2527 2197 legislatio,
2572 2135 2627 2181 et
2654 2134 3032 2181 testamentum
3061 2123 3195 2197 [sive
3225 2139 3348 2194 pro-

1761 2208 1989 2288 missio].
2022 2217 2127 2271 lstc
2156 2216 2329 2284 major
2368 2217 2617 2287 imperio,
2648 2219 2832 2287 utique
2856 2233 2955 2287 pro
2984 2218 3349 2287 magnitudine

1763 2310 1982 2373 virium,
2008 2309 2136 2379 quia
2166 2308 2434 2378 copiosius
2478 2309 2688 2364 caneris
2717 2310 2770 2363 in
2813 2310 2917 2363 hoc
2940 2308 3135 2363 saeculo
3157 2324 3348 2380 regna-

1764 2401 1841 2453 vit
1866 2398 2020 2471 [Ed.,
2050 2399 2219 2465 Deum
2248 2401 2482 2470 negavit,
2510 2399 2796 2471 mendose].
2822 2399 3039 2455 Eliusus
3062 2406 3146 2454 est
3168 2409 3346 2454 autem

1763 2490 1902 2544 sicut
1930 2504 2093 2559 aqua,
2138 2491 2413 2560 peccando
2441 2493 2494 2546 in
2532 2491 2771 2556 Christo,
2817 2507 2939 2561 quae
2981 2494 3199 2548 vasculo
3241 2508 3346 2547 non

1764 2588 2015 2645 tenetur;
2046 2581 2339 2635 voluntatis
2369 2580 2502 2653 [Αι.,
2550 2583 2860 2655 voluptatis]
2909 2584 3109 2640 ell'usus
3134 2594 3218 2641 est
3244 2586 3348 2641 im-

1762 2678 1891 2741 petu
1920 2689 1935 2725 :
1965 2679 2021 2725 et
2041 2672 2241 2727 idcirco
2268 2672 2473 2728 addidit
2499 2672 2638 2727 ultra
2660 2690 2763 2728 non
2790 2691 3012 2729 crescas.
3041 2675 3199 2747 [Quia
3224 2688 3351 2747 peo-

1686 2820 1689 2825 λ
1762 2765 1929 2831 cavit,
1956 2773 2011 2820 et
2057 2764 2329 2821 Christum
2380 2766 2638 2839 negavit},
2682 2776 3027 2839 quapropter
3056 2769 3169 2839 ipse
3203 2778 3351 2839 post-

1762 2872 1927 2925 quam
1948 2857 2001 2911 in
2018 2858 2331 2912 universum
2359 2858 2545 2913 orbem
2576 2859 2852 2929 dispersus
2877 2869 2982 2925 est,
3002 2860 3156 2916 valde
3174 2861 3353 2915 immi-

1764 2954 1926 3002 nutus
1952 2959 2055 3002 est.
2090 2946 2196 3003 Sed
2218 2962 2389 3018 quare
2419 2948 2547 3002 talia
2575 2950 2793 3012 meruit,-
2827 2949 2899 3003 ita
2921 2949 3156 3018 subjecit
3183 2968 3196 3003 :
3221 2950 3348 3020 quia

1766 3037 2051 3092 ascendisti
2097 3036 2271 3092 cubile
2322 3039 2513 3108 patris
2546 3026 2647 3102 tui,
2696 3046 2753 3091 et
2801 3039 3080 3093 maculasti
3119 3048 3344 3096 stratum

1765 3127 1916 3197 ejus;
1940 3128 2156 3201 quando
2183 3126 2376 3200 [Edit.,
2395 3128 2674 3201 quamam]
2695 3144 2891 3200 corpus
2911 3128 3265 3196 Dominicum,
3293 3131 3344 3186 in

1764 3235 1873 3289 quo
1925 3219 2203 3291 plenitudo
2226 3216 2542 3281 ,Divinitatis
2588 3220 2995 3291 requiescebat,
3048 3230 3257 3292 raptum
3294 3222 3357 3277 in

150 3274 326 3350 Filius
369 3312 516 3351 meus
559 3274 857 3355 accrescens
896 3300 1111 3373 Ioseph,
1142 3302 1286 3373 [ilius
1307 3320 1455 3360 meus
1483 3321 1661 3361 accre-
1687 3274 1736 3339 ο
1765 3274 2315 3379 cruce'suspendit,“
2339 3307 2485 3365 ferro
2512 3274 2943 3366 eomaiaculavit.

80 3401 222 3463 scene
265 3394 319 3440 st
366 3385 588 3442 decorus
637 3398 869 3459 aspectu.
922 3389 1082 3446 Filii:
1126 3391 1467 3448 decurrerunt
1508 3410 1665 3465 super

80 3492 312 3543 maritas,
337 3478 428 3532 sed
473 3493 905 3550 aequaverant
932 3498 1072 3548 eum,
1100 3492 1149 3536 et
1173 3484 1379 3554 jurgati
1404 3495 1546 3552 sunt,
1576 3488 1663 3542 in-

82 3569 331 3641 sidiaeque
369 3568 469 3641 [Ita
516 3570 653 3636 115.;
699 3571 787 3626 Al.
836 3573 1229 3646 invideantque
1273 3574 1376 3649 illi]
1419 3578 1663 3635 habentes

79 3661 273 3731 iacula.
329 3662 479 3719 Sedit
516 3664 571 3718 in
611 3664 737 3734 forti
783 3683 939 3723 arcus
984 3668 1122 3739 ejus,
1166 3677 1214 3723 et
1257 3668 1512 3725 dissoluta
1542 3678 1667 3741 sunt

82 3751 281 3808 uincula
312 3752 646 3808 brachiorum
667 3764 717 3809 et
738 3772 991 3811 manuum
1015 3758 1247 3829 ejus’per
1272 3775 1460 3813 manus
1479 3767 1664 3828 poten-

82 3841 144 3895 tis
168 3841 357 3898 Iacob.
388 3841 521 3898 Inde
547 3853 728 3914 pastor
751 3834 987 3923 egressus
1023 3856 1121 3911 est,
1146 3845 1280 3917 lapis
1307 3845 1479 3902 Israel
1503 3845 1657 3919 (Gen.

85 3945 224 3997 sua»,
252 3932 474 4003 22-24).
496 3930 542 3988 0
569 3932 641 3988 ﬁli
664 3931 884 4005 Ioseph,
914 3935 1008 4006 qui
1036 3943 1143 3991 tam
1166 3936 1390 4008 pulcher
1412 3951 1495 4003 es,
1522 3947 1583 3993 ut
1610 3947 1663 3994 te

82 4031 188 4080 tota
215 4026 283 4080 de
329 4026 504 4082 muris
539 4035 596 4082 et
638 4028 900 4095 turribus,
948 4044 1013 4084 ac
1058 4028 1312 4087 fenestris
1357 4030 1661 4102 puellarum

83 4112 295 4186 Egypti
324 4115 483 4170 turba
524 4126 897 4189 prospectaret
924 4116 1079 4191 [Ms.,
1120 4118 1485 4193 prospectet];
1528 4123 1663 4178 invi-

79 4205 398 4261 deruntvtibi
430 4205 508 4278 [et
531 4214 584 4261 te
617 4208 685 4262 ad
716 4208 1048 4265 iracundiam
1074 4213 1525 4287 provocaverunt]
1547 4212 1662 4270 fra-

82 4302 186 4351 tres
210 4296 325 4363 tui,
356 4296 620 4353 habentes
646 4296 833 4355 livoris
858 4300 1085 4372 sagittas
1112 4310 1169 4358 et
1207 4303 1307 4359 zeli
1329 4302 1526 4374 iaculis
1547 4306 1664 4361 vul-
1708 4324 1723 4341 ο

26 4448 35 4461 ,
81 4388 290 4443 aerati:
326 4402 519 4445 verum
546 4387 651 4463 [tu]
686 4406 875 4449 areum
904 4401 1056 4449 tuum
1099 4404 1157 4451 et
1191 4411 1344 4452 arma
1388 4398 1661 4469 pugnandi

82 4480 298 4547 posuisti
326 4480 389 4536 in
412 4480 548 4547 Deo,
569 4482 661 4552 qui
680 4481 839 4538 fortis
859 4492 944 4540 est
960 4496 1355 4557 propugnator;
1374 4498 1430 4542 et
1446 4487 1661 4542 vincula

82 4578 187 4637 tua,
217 4573 420 4642 quibus
445 4580 499 4627 te
528 4571 725 4630 fratres
753 4575 1071 4646 ligaverunt,
1101 4578 1171 4633 ab
1195 4578 1661 4649 ipso~solutasunt

82 4670 131 4715 et
145 4662 412 4735 disrupta.
438 4663 510 4720 Ut
530 4678 596 4720 ex
624 4672 716 4721 tuo
736 4667 938 4722 semine
959 4654 1131 4723 tribus
1157 4678 1412 4725 nascatur
1435 4668 1655 4725 Eifraim

82 4750 244 4821 fortis,
272 4754 512 4822 stabilis,
539 4763 594 4813 et
631 4756 803 4813 instar
825 4758 1018 4830 lapidis
1042 4760 1275 4816 durioris
1301 4762 1520 4828 invicta,
1560 4763 1661 4819 im-

83 4861 271 4918 parans
292 4849 557 4923 [quoque]
579 4850 763 4908 decem
794 4852 1040 4909 tribubus
1068 4854 1254 4911 Israel.

146 4938 428 5009 Benjamin
468 4938 622 5010 lupus
658 4950 849 5023 rapat,
898 4960 1052 5000 mane
1092 4947 1315 5002 comedit
1347 4948 1659 5020 pradamet

84 5042 276 5099 vespere
314 5028 513 5084 diuidet
546 5030 712 5101 spolia
736 5027 887 5112 (vers.
911 5034 1024 5106 27).
1054 5034 1225 5103 Quam
1251 5038 1316 5093 de
1343 5039 1509 5095 Paulo
1531 5056 1660 5111 apo-

32 5144 35 5148 4
84 5123 216 5181 stolo
239 5122 683 5201 manifestissima
714 5126 784 5181 sit
810 5128 1092 5198 prophetia
1117 5132 1367 5186 omnibus
1392 5143 1561 5202 patet.
1601 5135 1657 5190 In

87 5217 440 5275 adolescentia
461 5221 605 5274 enim
630 5230 945 5290 persecutus
961 5230 1044 5277 est
1058 5221 1351 5277 Ecclesiam
1374 5222 1511 5295 (Act.
1537 5243 1653 5289 vm,

86 5306 179 5375 3);
232 5309 286 5363 in
332 5300 615 5366 senectute
661 5312 984 5383 praedicator
1028 5312 1303 5383 Evangelii
1358 5313 1533 5372 factus
1576 5327 1661 5373 est

86 5394 279 5465 (Gal.|.
315 5400 427 5470 I3).
461 5399 674 5457 ﬂehml
701 5410 879 5458 autem
916 5404 992 5459 ita
1029 5404 1282 5459 dixerunt
1309 5403 1457 5476 μὴ,
1488 5407 1658 5462 disse-

86 5481 218 5563 runt]
246 5509 259 5546 :
288 5492 464 5546 altare
498 5491 552 5545 in
587 5506 694 5562 quo
722 5493 1141 5549 immolabantur
1181 5496 1388 5561 hostiae,
1423 5505 1473 5551 et
1505 5499 1658 5553 victi-

1838 3414 2051 3475 Simeon
2097 3427 2147 3473 et
2191 3417 2314 3473 Levi
2356 3419 2545 3489 fratres
2596 3436 2719 3473 rasa
2763 3421 3054 3491 iniquitatis
3103 3422 3353 3479 bellantia

1767 3510 1920 3581 (vers.
1945 3509 2021 3580 5).
2049 3510 2155 3565 Per
2180 3509 2487 3566 Simeonem
2508 3518 2565 3565 et
2592 3508 2716 3564 [κνί
2741 3511 2954 3576 ἐπῆκε,
2984 3519 3041 3565 et
3058 3510 3350 3579 Pharisaei,

1765 3589 1821 3655 ét
1837 3601 2147 3656 sacerdotes
2162 3599 2368 3656 Iudaici
2391 3600 2571 3672 populi
2590 3600 2976 3674 intelliguntur.
3001 3603 3075 3659 De
3097 3602 3351 3661 Simeone

1762 3690 1908 3745 enim
1959 3689 2151 3744 scribe
2194 3702 2353 3745 erant
2398 3688 2737 3755 Iudaeorum;
2785 3690 2854 3747 de
2882 3693 3024 3749 tribu
3047 3710 3179 3751 vero
3220 3694 3349 3750 Levi

1762 3780 2035 3851 principes
2074 3780 2441 3845 sacerdotum,
2468 3773 2630 3852 337
2669 3783 3069 3853 qui'consilium
3092 3785 3346 3853 fecerunt.

1764 3880 1822 3925 ut
1847 3871 2028 3926 Iesum
2055 3870 2429 3927 dblo'tcnerent
2448 3882 2506 3926 et
2538 3872 2850 3927 occiderent.
2880 3872 2960 3928 De
2987 3889 3095 3944 quo
3122 3876 3350 3931 concilio
3459 3906 3463 3911 -

1765 3961 1896 4020 dicit
1922 3982 1936 4019 :
1965 3964 2029 4019 In
2059 3964 2336 4020 concilium
2364 3981 2544 4021 eorum
2576 3981 2640 4019 ne
2660 3966 2828 4020 veniat
2848 3967 3025 4021 anima
3044 3983 3181 4022 mea.
3211 3966 3350 4023 1101-

1763 4060 1918 4116 rebat
1946 4062 2089 4116 enim
2118 4068 2199 4115 tot
2221 4060 2429 4117 scelera
2455 4075 2574 4131 quae
2603 4060 2657 4116 in
2686 4060 2994 4116 novissimis
3018 4061 3349 4132 temporibus

1763 4150 1959 4208 facturi
2008 4160 2167 4207 erant
2207 4150 2407 4220 Iudaei;
2432 4154 2558 4224 quia
2589 4152 2644 4208 in
2686 4151 2871 4211 furore
2899 4167 2997 4208 suo
3038 4153 3354 4209 occiderunt

1762 4245 1960 4311 virum,
2008 4244 2061 4300 id
2110 4253 2198 4300 est
2239 4243 2536 4310 Christum,
2580 4244 2649 4300 de
2695 4258 2804 4314 quo
2841 4244 3039 4300 dicitur
3064 4259 3082 4298 :
3112 4242 3248 4299 Ecce
3273 4245 3353 4299 air

1763 4334 1936 4387 oriens
1982 4349 2170 4387 nomen
2215 4333 2331 4403 ejus
2361 4331 2546 4403 (Zach.
2574 4348 2655 4399 vr,
2693 4332 2803 4401 12).
2833 4332 3052 4391 Ειεειίδί
3082 4347 3098 4387 :
3127 4330 3352 4388 Femina

1762 4420 2105 4476 circumdabit
2145 4420 2312 4474 cirum
2352 4418 2495 4491 (Ier.
2528 4436 2679 4486 xxxx,
2706 4420 2830 4493 22).
2862 4418 3206 4491 Suﬂ'oderunt
3230 4438 3348 4475 mu-

1761 4527 1900 4574 rum,
1929 4510 1983 4564 id
2009 4516 2111 4575 est,
2158 4509 2489 4581 spiritualem
2532 4510 2679 4565 illum
2726 4508 3080 4566 fortissimum
3108 4507 3348 4577 murum,

1687 4633 1740 4695 υ
1762 4602 1852 4695 qui
1878 4601 2108 4657 custodit
2128 4600 2403 4695 Israelem,
2423 4601 2612 4695 lancea
2632 4600 3009 4695 confoderunt.
3033 4594 3349 4695 Ifaledictus

1764 4691 1913 4761 furor
1958 4707 2158 4757 eorum,
2194 4690 2318 4761 quia
2354 4686 2620 4761 pertinax.
2665 4691 2862 4762 Utique
2906 4692 3124 4761 quando
3164 4690 3350 4748 furore

1762 4782 1978 4838 accensi
2022 4782 2075 4837 in
2106 4782 2187 4837 ira
2212 4782 2518 4837 obtulerunt
2540 4782 2813 4839 Christum
2846 4782 3038 4839 Pontio
3062 4782 3236 4840 Pilato
3260 4785 3345 4840 di-

1760 4882 1945 4930 centes
1975 4894 1987 4929 :
2017 4872 2305 4946 Cruci/iga,
2349 4875 2595 4947 cruciﬁge
2618 4891 2735 4933 eum
2783 4873 2976 4948 (Ioan.
3011 4892 3124 4943 xxx,
3156 4874 3242 4950 ϐ).
3278 4874 3347 4930 Et

1760 4964 2053 5038 indignatio
2085 4982 2289 5031 eorum,
2313 4965 2483 5040 [quia]
2500 4968 2670 5022 dura.
2698 4966 3155 5040 Dum\Barabbam
3179 4966 3345 5020 latro.

1761 5072 1885 5112 nem
1927 5066 2191 5127 peterent,
2221 5065 2277 5111 et
2310 5058 2609 5129 principem
2650 5059 2773 5115 vita:
2800 5058 3215 5130 cruciﬁgendum
3247 5072 3343 5127 po-

1758 5146 2023 5202 stularent
2066 5144 2292 5218 (Matth.
2325 5164 2495 5215 xxvu,
2525 5148 2587 5204 2i
2609 5149 2650 5223 ).
2682 5149 2922 5206 Dividam
2962 5166 3047 5202 eos
3071 5149 3126 5202 in
3152 5146 3341 5211 Iacob,

1757 5248 1806 5294 et
1839 5238 2137 5310 disperdam
2167 5238 2330 5312 [Με.,·
2349 5240 2676 5313 dispergam]
2723 5239 2885 5313 [illos]
2915 5241 2971 5294 in
3000 5237 3187 5301 Israel,
3215 5239 3338 5308 quia

1759 5327 1997 5383 ncnnulli
2025 5344 2093 5384 ex
2137 5330 2243 5385 illis
2272 5330 2636 5394 crediderunt,
2666 5330 2882 5399 quidam
2912 5338 3091 5384 autem
3122 5329 3173 5383 in
3220 5328 3340 5382 inﬁ-

1758 5406 1976 5478 delitate
2010 5430 2441 5494 permanserunt.
2479 5422 2738 5476 Dicuntur
2762 5423 2905 5478 enim
2934 5422 3088 5477 divisi
3112 5418 3220 5493 (bi,
3248 5423 3339 5491 qui

1751 5515 1826 5568 ab
1853 5514 1954 5586 eis]
1983 5520 2321 5584 separantur,
2350 5521 2404 5567 et
2422 5512 2644 5567 veniunt
2670 5512 2738 5566 ad
2766 5512 2959 5577 ﬁdem;
2990 5511 3219 5581 dispersi
3243 5526 3342 5566 au-

82 5592 291 5677 marum
320 5577 624 5677 sanguis'i‘n
648 5582 830 5677 basim
868 5586 1011 5642 illius
1037 5586 1379 5652 fundebatur»
1414 5589 1468 5643 in
1505 5600 1657 5659 Part0
1760 5615 1866 5660 tem
1897 5577 2006 5677 [Ᾱι.
2034 5577 2184 5676 ergo]
2212 5614 2356 5671 sunt,
2384 5619 2612 5674 quorum
2642 5606 2816 5676 patria
2844 5613 2900 5660 et
2926 5577 3181 5675 templum
3208 5605 3339 5660 sub-

91 5674 243 5770 tribus
260 5674 547 5770 Beniamin
572 5673 673 5731 fuit
688 5676 820 5750 [Αι.,
842 5679 1028 5755 fuisse]
1059 5701 1070 5735 :
1095 5682 1208 5738 lIoc
1231 5683 1502 5752 inquiunt,
1526 5699 1656 5755 ergo
1754 5673 1968 5750 veme
1998 5673 2183 5761 θειξεί
2208 5709 2303 5766 ρει·
2329 5673 2513 5751 orbem
2729 5710 2859 5766 gens
2882 5673 3339 5770 incredulale.,

90 5764 335 5855 signiﬁcat
350 5767 498 5840 quod
523 5770 832 5827 sacerdotes
856 5774 1137 5831 immolant
1154 5791 1311 5831 mane
1337 5776 1560 5841 hostias,
1587 5779 1653 5833 ad
1758 5785 2089 5841 incredulum
2118 5764 2309 5859 genus]
2339 5786 2630 5858 spargitur.

80 5854 351 5931 ἤθρει-πη
383 5862 629 5919 dividunt
651 5878 735 5929 ea,
768 5879 889 5937 qua:
914 5867 1072 5924 sibi‘a
1098 5870 1291 5941 populo
1320 5870 1517 5941 exh-ge
1545 5874 1655 5927 col—
1826 5876 1967 5930 Jmlu
1998 5886 2044 5930 te
2068 5854 2382 5932 («uitabant
2399 5854 2586 5948 [πίτνεις
2618 5880 2693 5933 tm’
2726 5876 2903 5951 (Cm,
2934 5896 3091 5937 mx.
3125 5877 3198 5942 8).
3235 5854 3338 5930 l‘cr
