4428 6430
945 413 1051 470 563

1786 417 1848 470 θ.
1886 413 1952 472 r.
1988 411 2216 470 annua
2251 411 2385 470 seu
2405 395 2696 471 ‘chumi
2734 384 3019 473 ornavit
3055 415 3237 476 rans
3269 399 3329 477 ιι

4079 423 4180 485 ωι

913 481 1090 582 hunc
1131 523 1326 581 ludam
1378 538 1538 581 verus
1589 508 1878 582 confessor.
1897 525 2220 597 exprimitur
2241 522 2512 589 Christus,
2539 525 2589 589 Α
2617 536 2845 593 quorum
2888 534 3158 598 precepts
3205 525 3340 600 [ΑΛ.
3383 529 3608 606 scripta]
3656 535 4024 592 austeritatem
4072 481 4180 598 viai

940 615 1034 684 qui
1083 629 1153 670 ex
1200 612 1317 683 eius
1354 612 1496 673 tribu
1546 613 1841 672 semiudum
1883 627 2106 669 carnem
2150 621 2237 673 est
2273 611 2528 700 genitum.

938 703 1118 775 ipsum
1142 703 1367 760 laudant
1381 701 1594 758 Intres
1633 703 1740 770 sui,
1769 702 1997 774 apostoli
2019 702 2226 763 scilicet
2247 710 2306 766 et
2322 716 2514 764 omnes

937 794 1247 852 eolmaredes
1287 793 1428 865 eius,
1451 781 1547 863 qui
1573 808 1673 865 per
1697 793 2038 874 adoptionem
2064 793 2184 851 Filii
2210 792 2309 849 Dei
2332 791 2512 850 Patris

936 891 994 938 at
1011 882 1212 940 Christi
1225 881 1423 938 fratres
1439 881 1615 939 effecti
1630 892 1755 939 sum
1767 894 1864 956 per
1875 885 2127 956 gratiam,
2142 898 2371 954 quorum
2395 884 2511 954 ipsa

831 987 843 997 ·
934 982 1024 1030 est
1055 972 1313 1040 Dominus
1347 987 1446 1044 per
1488 981 1760 1037 natm-am.
1793 972 1987 1029 lienus
2013 982 2120 1028 tute
2145 973 2204 1028 in
2227 971 2509 1029 cervicibus

936 1065 1270 1120 inimicorum
1312 1074 1544 1121 tuorum.
1572 1064 1767 1122 Iisdem
1792 1062 2529 1179 euimgmanibuset‘aQ

946 1157 1117 1179 ___--!-
1143 1157 1378 1179 .-Α-ιΑ-
1410 1165 1458 1179 ,Α
1484 1170 1610 1179 Α-Α-
1634 1157 1787 1179 ΑΑ-ιει
1859 1165 1909 1179 ,Α
1955 1156 2202 1179 2-2...2---
2248 1154 2471 1179 ,ΑΙ-.-.α-

938 1157 1120 1215 crucis
1143 1157 1383 1228 trophaao
1405 1165 1462 1212 et
1483 1170 1614 1214 suos
1634 1157 1812 1223 textit,
1854 1165 1912 1214 et
1955 1156 2206 1213 inimicas
2247 1154 2506 1210 adversa?-

933 1250 1156 1320 riasque
1204 1257 1502 1321 potestates
1548 1249 1749 1306 devicit
1798 1241 1962 1322 μὴ),
2011 1247 2298 1322 curvavit].
2344 1245 2507 1304 Juxta

935 1340 1079 1410 quod
1097 1350 1155 1395 et
1173 1339 1335 1395 Pater
1353 1341 1619 1412 promittit
1643 1341 1695 1396 ei
1713 1341 1899 1396 dicens
1928 1356 1943 1395 :
1973 1338 2114 1396 Sede
2135 1339 2204 1395 ad
2228 1339 2507 1396 dexteram

931 1445 1132 1497 meam,
1153 1431 1325 1488 donec
1346 1419 1546 1503 ponam
1581 1431 1828 1487 inimicos
1854 1438 1976 1488 tuos
1999 1430 2290 1488 scabellum
2308 1431 2508 1502 pedum

932 1531 1168 1578 tuorum.
1199 1520 1506 1579 Adorabunt
1546 1529 1597 1577 te
1622 1520 1724 1590 ﬁlii
1763 1521 1930 1592 patris
1958 1521 2056 1585 tui,
2083 1519 2336 1591 quoniam
2355 1519 2506 1577 multi

929 1630 998 1670 ex
1028 1613 1154 1670 ﬁliis
1171 1612 1340 1670 Jacob
1361 1613 1648 1669 adorantes
1671 1611 1842 1688 [eum]
1867 1627 1964 1685 per
1981 1612 2298 1670 electionem
2318 1614 2508 1688 gratiae

929 1703 1066 1759 salvi
1093 1701 1225 1768 facti
1269 1711 1414 1764 sunt.
1443 1701 1662 1759 Catulus
1700 1703 1864 1759 leonis
1901 1703 2047 1758 Iuda
2075 1703 2231 1777 (vers.
2261 1705 2341 1775 9),
2371 1718 2507 1776 quo-

929 1794 1079 1850 niam
1120 1794 1392 1850 nascendo
1428 1793 1689 1867 parvulus
1726 1794 1905 1850 factus
1934 1801 2037 1861 est,
2067 1795 2207 1851 sicut
2244 1795 2504 1866 scriptum

2610 614 2802 686 prisca
2829 613 2990 687 λιτὴ
3036 626 3315 692 superant.
3344 619 3474 690 quia
3504 619 3679 694 longe
3701 621 3906 680 leviora
3944 625 4179 686 sant-Et

2609 703 2790 760 dentes
2828 704 2968 775 lacte
2987 707 3352 766 candidiores.
3409 708 3615 789 Dentes
3657 722 4013 786 praeceptores
4058 726 4182 777 ιιωι

2609 795 2804 862 sancti,
2833 795 2925 866 qui
2949 797 3248 868 pracidunt
3284 798 3356 856 ab
3379 801 3658 858 erroribus
3693 803 3962 872 homines,
4007 815 4064 864 et
4085 822 4176 866 eos

2609 887 2765 956 quasi
2807 887 3139 944 eomcdeudo
3193 889 3249 945 in
3301 889 3504 948 Christi
3553 907 3750 966 corpus
3794 899 4173 956 transmittunt.

2608 976 2960 1035 Candidiores
3006 990 3190 1037 autem
3243 982 3423 1041 electi
3475 994 3603 1044 situt
3646 988 3898 1049 doctam
3943 970 4178 1051 ecclesia

2607 1065 2748 1124 lacte
2770 1071 2978 1125 veteris
3009 1069 3165 1144 legis.
3689 1103 3692 1106 ~

2678 1157 2917 1215 Zabuton
2935 1157 2992 1216 in
3005 1161 3182 1219 littore
3201 1165 3387 1231 maris,
3404 1175 3456 1221 et
3473 1167 3530 1222 in
3554 1168 3778 1238 statione
3794 1169 4007 1225 minus
4033 1172 4178 1226 babi-

2606 1257 2682 1303 tat
2715 1247 3160 1326 [MaJurbitabit]
3188 1252 3342 1331 (uera.
3373 1255 3484 1328 l3).
3527 1255 3765 1314 labulou
3799 1259 4177 1332 interpretatur

2607 1338 2970 1396 habitaculum
2997 1342 3410 1420 pulchritudinis
3431 1343 3562 1418 ιιι..
3587 1344 3954 1420 fortitudinis],
3987 1359 4043 1406 et
4078 1351 4176 1406 Ec-

2605 1429 2826 1485 clesiam
2846 1431 3132 1504 significat,
3158 1449 3280 1506 qua
3303 1434 3359 1490 in
3379 1435 3561 1492 littore
3585 1437 3750 1510 338
3767 1440 3933 1496 maris
3953 1441 4171 1509 habitat,

2608 1519 2722 1618 [et].
2753 1523 2809 1578 in
2847 1524 3080 1618 statione
3133 1521 3375 1618 tiavium,
3396 1536 3480 1618 _ut
3524 1530 3869 1586 credentilms
3902 1531 4174 1618 refugium

2608 1610 2744 1685 [sit],
2788 1620 2846 1668 et
2887 1613 3321 1684 periclitantibus
3374 1616 3710 1675 demonstret
3764 1619 3890 1676 ﬁdei
3942 1610 4172 1692 portum.

2607 1699 2734 1757 llaec
2757 1710 2945 1759 contra
2969 1717 3160 1760 omnes
3177 1705 3434 1764 turbines
3455 1709 3639 1766 sectili
3662 1710 3979 1768 inconuiuus
4011 1712 4177 1769 ﬁrmi-

2607 1800 2720 1849 tate
2771 1794 2944 1857 solida
3003 1805 3285 1866 exspectat
3338 1798 3680 1872 naufragium
3727 1799 4031 1860 Judeorum
4053 1845 4069 1868 ,
4122 1813 4178 1862 et

935 1897 1026 1943 est
1055 1905 1068 1942 :
1102 1886 1367 1943 Parvulus
1408 1898 1564 1943 notus
1595 1897 1690 1943 ’ρει
1715 1887 1882 1943 nobis.
1911 1887 1996 1943 Ad
2042 1887 2277 1960 praedam
2318 1887 2400 1958 ﬁli
2432 1888 2505 1941 ini
2538 1877 2581 1937 Β
2607 1881 2985 1940 hereticorum
3051 1885 3348 1957 procellas,
3400 1889 3492 1958 qui
3545 1889 3995 1947 circumferuntur
4031 1895 4176 1952 omni

936 1979 1216 2035 ascendisti
1235 2020 1250 2047 ,
1287 1979 1342 2037 id
1387 1987 1491 2048 est,
1538 1981 1836 2037 ascendens
1874 1981 1931 2036 in
1984 1993 2234 2046 crucem,
2263 1982 2507 2053 captivos

932 2069 1156 2140 populos
1200 2070 1474 2126 redemisti
1501 2069 1600 2144 [et]
1626 2059 1764 2142 quos
1791 2071 2135 2127 adversarius
2183 2057 2311 2144 [11s.
2331 2111 2349 2138 ,
2377 2086 2508 2127 eon-

930 2159 1152 2234 trarius]
1182 2161 1271 2217 ille
1299 2160 1571 2218 invaserat
1611 2161 1692 2235 [tu
1739 2163 1979 2220 moriens
2027 2163 2291 2235 eripuisti.
2341 2162 2504 2220 Deni-

927 2267 1036 2324 que
1065 2252 1266 2308 rediens
1292 2253 1356 2306 ab
1396 2253 1582 2324 inferis
1626 2253 1929 2327 ascendisti]
1957 2255 2014 2310 in
2041 2254 2224 2319 altum,
2250 2255 2505 2326 captivam

928 2342 1127 2400 duxisti
1157 2345 1523 2415 captivitatem.
1574 2343 1917 2415 Requiescens
1958 2345 2246 2401 accubuisti
2293 2355 2350 2400 ut
2401 2345 2501 2401 leo.

929 2433 1360 2491 lianifestissime
1378 2435 1625 2492 Christus
1646 2439 1896 2494 accubuit
1914 2439 1968 2494 in
1990 2439 2260 2510 passione,
2289 2437 2504 2509 quando

929 2524 1184 2581 inclinato
1234 2527 1408 2598 capite
1447 2528 1667 2583 tradidit
1709 2529 1988 2600 spiritum,
2034 2531 2149 2586 sive
2183 2531 2401 2602 quando
2447 2532 2503 2586 in

927 2615 1174 2686 sepulcro
1221 2613 1491 2690 [securus]
1542 2617 1690 2673 velut
1733 2619 1968 2689 quodam
2018 2621 2262 2691 corporis
2311 2634 2504 2675 somno

927 2708 1148 2778 quievit.
1172 2707 1278 2764 Sed
1301 2723 1470 2778 quare
1491 2718 1545 2764 ut
1573 2708 1653 2763 leo
1680 2718 1737 2764 et
1776 2708 1958 2783 [velut]
1982 2709 2188 2767 catulus
2214 2710 2378 2767 leonis
2393 2713 2420 2766 ἵ
2442 2711 2503 2768 1n

927 2813 1116 2854 somno
1148 2812 1248 2853 suo
1291 2798 1375 2854 leo
1402 2797 1524 2865 fuit,
1573 2800 1830 2871 quoniam
1874 2815 1980 2855 non
2029 2801 2378 2867 necessitate,
2407 2801 2502 2857 sed

927 2900 1192 2971 potestate
1244 2891 1348 2947 hoc
1396 2891 1575 2962 ipsum
1626 2891 1886 2973 implevit,
1941 2893 2083 2947 sicut
2133 2893 2250 2964 ipse
2300 2893 2433 2948 dicit
2486 2912 2499 2948 :

931 2980 1099 3035 Nemo
1131 2979 1275 3034 tollet
1325 2998 1359 3034 α
1402 2998 1483 3035 me
1526 2982 1758 3035 animam
1812 2997 2003 3047 meam,
2031 2982 2122 3036 sed
2169 2998 2263 3053 ego
2307 2998 2498 3053 ponam

925 3089 1060 3130 eam.
1094 3073 1246 3141 Quod
1270 3087 1399 3128 vero
1425 3072 1632 3128 addidit
1658 3092 1670 3128 :
1705 3072 1774 3127 Et
1817 3083 1873 3128 ut
1917 3073 2121 3129 catulus
2150 3073 2348 3140 leonis;
2378 3074 2502 3128 inde

923 3169 1068 3228 enim
1119 3175 1362 3223 mortuus
1415 3175 1525 3232 est,
1567 3168 1708 3222 unde
1759 3165 2084 3240 [ot].natus.
2129 3167 2275 3222 Bene
2321 3165 2495 3240 [ergo]

923 3259 1173 3317 Christus
1220 3267 1280 3313 ut
1333 3258 1746 3328 leo-requievit,
1792 3259 1882 3328 qui
1937 3273 2041 3312 non
2081 3257 2257 3327 solum
2310 3226 2574 3315 mortisc

923 3351 1273 3408 acerbitatem
1323 3366 1427 3405 non
1469 3350 1665 3407 timuit.
1711 3350 1805 3405 sed
1856 3351 2021 3405 etiam
2064 3351 2118 3405 in
2167 3341 2302 3421 ipsa]
2326 3361 2500 3406 morte

920 3443 1112 3505 mortis
1159 3442 1444 3512 imperium
1490 3442 1635 3520 vicit.
1687 3440 1840 3508 Quod
1896 3450 2077 3497 autem
2123 3443 2256 3520 dicit
2307 3460 2320 3496 :
2370 3441 2499 3508 Quis

921 3536 1189 3588 suscitabit
1235 3535 1394 3590 eum?
1437 3518 1574 3600 Quid
1601 3541 1685 3588 est
1710 3533 1856 3588 aliud
1894 3532 1996 3588 nisi
2024 3518 2167 3604 quod
2207 3534 2322 3604 ipse
2371 3533 2503 3588 dicit

924 3622 1076 3696 μὴ,
1107 3627 1233 3695 quia
1277 3625 1474 3690 nullus,
1507 3626 1608 3681 nisi
1655 3627 1789 3696 ipse,
1811 3623 1966 3694 juxta
1995 3625 2140 3695 quod
2191 3625 2307 3696 ipse
2352 3623 2449 3696 ait]
2482 3642 2495 3677 :

923 3718 1119 3774 Solvite
1161 3717 1407 3788 templum
1466 3718 1601 3782 hoc,
1653 3728 1701 3771 et
1729 3719 1784 3771 in
1814 3717 1989 3770 triduo
2034 3714 2296 3769 suscitabo
2343 3712 2496 3766 illud.

925 3808 1046 3862 Non
1077 3807 1281 3877 deﬁciet
1308 3808 1418 3861 dua:
1438 3808 1501 3861 de
1528 3808 1671 3862 Juda
1694 3807 1772 3880 [et
1797 3805 2024 3879 reliqua]
2055 3805 2210 3874 (vers.
2245 3804 2353 3876 l0).
2387 3802 2500 3860 lloc

928 3899 1360 3962 manifestissime
1390 3899 1456 3954 ad
1491 3896 1683 3953 ludam
1711 3894 1962 3952 refertur.
1992 3896 2093 3958 Diu
2123 3896 2267 3952 enim
2294 3894 2395 3950 fuit
2431 3910 2499 3950 ex

919 3990 1125 4045 semine
1155 3989 1296 4043 illius
1336 3989 1657 4043 intemerata
1697 3988 1837 4058 apud
1859 3987 2074 4041 Judaaos
2113 3986 2385 4040 successio
2413 4000 2501 4041 re—

917 4084 1029 4155 gui.
1046 4082 1215 4137 donec
1233 4079 1478 4136 Christus
1506 4087 1850 4135 nasceretur:
1867 4087 1922 4134 et
1943 4079 2046 4132 hoc
2059 4093 2220 4149 supra
2243 4077 2492 4133 diximus.

919 4174 1153 4244 .llligans
1191 4174 1260 4227 ad
1302 4175 1504 4228 vineam
1547 4172 1748 4244 pullum
1790 4186 1947 4226 suum
1985 4170 2136 4241 (vers.
2174 4170 2282 4242 11).
2316 4169 2498 4226 Pullus

918 4283 1071 4331 situs,
1099 4267 1327 4339 populus
1367 4273 1451 4320 est
1496 4279 1561 4319 ex
1593 4263 1856 4334 gentibus,
1888 4263 1974 4316 cui
2019 4262 2195 4316 adhuc
2223 4279 2498 4333 nunquam

919 4357 1096 4412 fuerat
1123 4372 1258 4412 onus
1278 4356 1412 4427 legis
1437 4356 1765 4426 impositum.
1813 4353 1964 4408 Hunc
1992 4351 2346 4424 alligaverunt
2371 4368 2501 4430 apo-

919 4448 1062 4512 stoli,
1090 4448 1180 4518 qui
1205 4462 1270 4502 ex
1297 4445 1497 4502 iudicis
1517 4453 1659 4509 sunt,
1692 4445 1760 4499 ad
1787 4445 1999 4499 vincam
2029 4443 2097 4498 de
2126 4458 2232 4512 qua
2259 4443 2456 4498 dicitur
2481 4462 2492 4496 :

930 4535 1091 4594 Vinea
1113 4537 1324 4592 Domini
1344 4535 1575 4591 Sabaoth
1604 4534 2036 4624 [.ll.,rt‘0pulavit
2074 4533 2403 4624 adivineam,
2430 4535 2497 4588 ad
2522 4565 2574 4624 Β

917 4629 1188 4703 apostolos
1217 4629 1445 4694 scilicet,
1489 4627 1580 4698 qui
1619 4643 1684 4680 ex
1730 4623 1930 4680 iudicis
1975 4632 2116 4679 sunt.
2151 4623 2287 4678 Nam
2339 4624 2497 4681 vinea

918 4722 1127 4784 Domini
1167 4721 1404 4776 Sabaoth
1453 4719 1645 4774 domus
1682 4716 1849 4773 lsrael
1891 4715 1999 4788 est]
2042 4734 2055 4770 :
2092 4716 2159 4770 Et
2197 4715 2266 4769 ad
2305 4715 2496 4778 vitem,

919 4828 1039 4882 qum
1060 4812 1190 4866 dicit
1222 4829 1234 4864 :
1268 4810 1380 4880 Ego
1409 4826 1525 4864 sum
1557 4810 1671 4864 ritis
1697 4825 1834 4866 vero.
1863 4807 1945 4862 Ad
1987 4809 2127 4866 lianc
2163 4823 2291 4880 ergo
2333 4807 2500 4862 vilem

919 4902 1101 4973 ailigat
1144 4903 1352 4956 asinam
1392 4914 1570 4963 suam,
1601 4900 1704 4954 hoc
1729 4906 1816 4954 est
1844 4913 2170 4969 synagogam
2221 4898 2500 4969 gravidam

920 4994 1072 5064 ιβιδ..
1104 4993 1467 5064 tardigradam
1514 4989 1739 5062 scilicet]
1784 4998 1840 5044 et
1873 4991 2022 5062 gravi
2076 4989 2210 5062 legis
2261 4991 2501 5061 pondere

918 5087 1250 5160 depressam.
1301 5082 1448 5136 Larit
1496 5083 1552 5137 in
1603 5083 1720 5140 vino
1741 5081 1933 5138 stolam
1968 5099 2137 5137 suam.
2170 5081 2342 5154 [Sive]
2374 5096 2497 5135 car-

919 5194 1042 5236 nem
1071 5194 1222 5233 suam
1271 5177 1324 5232 iu
1356 5175 1616 5247 sanguine
1642 5176 1938 5244 passionis;
1969 5174 2082 5229 sive
2130 5181 2370 5229 sanctam
2400 5173 2499 5228 Ec—

920 5272 1138 5326 clesium
1168 5270 1256 5326 illo
1295 5271 1437 5335 riuo,
1463 5267 1605 5340 quod
1634 5283 1732 5343 pro
1777 5268 1960 5323 multis
2006 5264 2302 5320 effunditur
2328 5267 2380 5321 in
2413 5281 2498 5319 re~

922 5363 1229 5420 missionem
1257 5370 1621 5430 peccatorum.
1655 5359 1723 5413 Et
1750 5361 1805 5414 in
1829 5360 2085 5432 sanguine
2126 5376 2236 5413 uoce
2278 5358 2495 5430 pallium

921 5479 1090 5514 suum.
1115 5457 1364 5522 Pallium,
1389 5467 1574 5528 gentes
1601 5465 1745 5519 sunt,
1775 5473 1912 5528 quas
1937 5458 2149 5528 corpori
2179 5471 2278 5513 suo
2297 5455 2497 5525 iunxit,

921 5555 1061 5610 sicut
1088 5553 1347 5622 scriptum
1376 5558 1460 5603 est
1483 5567 1496 5602 :
1534 5547 1652 5604 Vivo
1679 5566 1796 5619 ego,
1818 5549 1945 5602 dicit
1969 5549 2247 5614 Dominus,
2277 5550 2378 5603 nisi
2403 5549 2496 5603 hos

923 5661 1097 5699 omnes
1121 5644 1337 5698 induant
1377 5643 1511 5698 sicut
1554 5642 1927 5701 uestimentum.
1980 5639 2318 5695 Pulcri‘iriores
2359 5638 2499 5694 oculi

921 5737 1036 5805 (ius
1063 5738 1176 5789 tino
1224 5737 1373 5790 (t'ers.
1410 5735 1516 5801 12).
1562 5733 1710 5792 Oculi
1751 5734 1949 5792 Christi
2001 5733 2225 5805 apostoli
2265 5740 2392 5788 sunt
2444 5739 2499 5787 et

923 5828 1289 5899 Plx-angelistar,
1323 5830 1408 5897 qui
1453 5829 1627 5881 lumen
1670 5828 1903 5880 scientias
1935 5826 2185 5881 Ecclesiae
2212 5831 2469 5897 prrstant

2608 1982 2772 2028 vento
2811 1973 3090 2042 doctrina,
3120 1981 3351 2047 quorum
3379 1978 3482 2034 etsi
3526 1981 3767 2040 tunditur
3782 1979 4043 2049 fluctibus,
4070 1999 4176 2041 non

2607 2070 2788 2118 tamen
2808 2061 3096 2136 frangitur.
3120 2065 3392 2124 Perteudit
3421 2080 3596 2131 autem
3629 2088 3793 2143 usque
3808 2073 3877 2127 ad
3905 2072 4174 2142 Sidoneui,

2606 2155 2710 2212 hoc
2730 2164 2834 2222 est,
2861 2171 3032 2228 usque
3063 2159 3131 2214 ad
3150 2168 3370 2232 gentes;
3397 2155 3591 2233 legitur
3612 2163 3776 2218 etiam
3797 2163 3850 2220 in
3870 2164 4176 2236 Evangelia,

2605 2245 2732 2307 inde
2753 2256 3059 2319 assumptos
3102 2263 3224 2305 esse
3249 2249 3457 2322 aliquos
3480 2251 3779 2324 apostolos;
3809 2253 3863 2308 in
3892 2253 4021 2322 ipsis
4046 2253 4177 2310 locis

2606 2335 2893 2394 Dominum
2934 2353 3080 2411 saepe
3116 2341 3562 2408 docuisse,.sicut
3582 2344 3840 2415 scriptum
3867 2353 3952 2402 est
3979 2363 3994 2400 :
4019 2343 4176 2401 Terra

2605 2429 2867 2498 Zabulon,
2894 2442 2944 2488 ct
2969 2444 3111 2488 terra
3144 2432 3468 2504 Nephtalim,
3512 2436 3734 2517 populus
3757 2437 3846 2508 qui
3886 2435 4090 2493 sedebat
4121 2437 4177 2491 in

2605 2525 2846 2592 tenebris,
2888 2525 3016 2580 uidit
3044 2525 3213 2580 lucent
3259 2519 3524 2598 magnam.
3576 2526 3790 2599 (Matth.
3819 2544 3889 2592 iv,
3919 2527 4017 2595 l6;
4043 2527 4174 2587 lsai.

2604 2628 2689 2679 ix,
2731 2614 2783 2680 1,
2806 2615 2884 2686 2).
2912 2614 3079 2672 Sidon
3115 2616 3508 2688 interpretatur
3530 2626 3755 2674 venator
3792 2617 3878 2674 vel
3908 2619 4173 2677 venatrix.

2606 2705 2903 2763 Venatores
2929 2721 3060 2762 vero
3086 2707 3178 2778 qui
3216 2716 3362 2772 sunt,
3387 2708 3490 2764 nisi
3514 2708 3773 2781 apostoli?
3797 2709 3908 2780 qui,
3934 2719 3995 2764 ut
4017 2724 4177 2780 supra

2605 2795 2857 2860 diximus,
2889 2811 2955 2868 ex
2992 2795 3098 2852 illis
3125 2795 3258 2853 locis
3285 2799 3545 2868 assumpti
3593 2808 3748 2866 sunt;
3790 2801 3856 2855 de
3880 2799 4072 2869 quibus
4099 2799 4179 2853 di-

2605 2888 2745 2944 citur
2785 2907 2799 2942 :
2830 2887 3041 2943 Mittunt
3087 2899 3355 2945 venatores
3391 2891 3618 2970 multos,
3654 2902 3703 2946 et
3741 2893 4062 2947 venabantur
4088 2907 4174 2947 vos

2602 2978 2657 3034 in
2678 2980 2819 3033 omni
2853 2990 3026 3061 monte
3051 2979 3184 3052 [Al.,
3209 2979 3346 3054 loco]
3376 2981 3507 3053 (Jer.
3529 2999 3638 3049 xvi,
3666 2984 3772 3056 16).

2675 3070 2903 3133 lsacltar
2941 3075 3122 3130 asinus
3156 3074 3309 3146 fortis
3344 3074 3499 3147 (Gen.
3523 3093 3671 3142 xux,
3708 3077 3794 3142 14,
3825 3077 3932 3150 15).
3964 3078 4178 3138 lsachar

2603 3163 2745 3232 quod
2767 3165 3155 3236 interpretatur
3176 3179 3406 3235 merces,
3436 3166 3670 3223 refertur
3694 3168 3759 3222 ad
3784 3168 4032 3239 populum
4053 3187 4178 3242 gen-

2605 3260 2760 3324 tium,
2789 3274 2949 3330 quem
2981 3259 3240 3315 Dominus
3283 3261 3459 3332 pretio
3492 3263 3768 3332 sanguinis
3791 3263 3873 3317 sui
3911 3272 4178 3318 mercatus

2601 3358 2702 3405 est.
2733 3349 2832 3405 llic
2869 3349 3090 3405 lsachar
3134 3351 3320 3405 asinus
3359 3349 3514 3406 fortis
3555 3350 3825 3416 scribitur,
3860 3353 3985 3422 quia
4027 3352 4178 3422 prius

2599 3439 2826 3510 populus
2861 3440 3096 3511 gentilis,
3145 3441 3300 3511 quasi
3332 3425 3549 3504 brutum
3586 3451 3640 3496 et
3688 3441 4015 3497 luxuriosum
4059 3442 4180 3498 ani-

2598 3533 2708 3589 mal
2731 3533 2961 3606 [egerat]
2984 3534 3235 3604 nullaque
3283 3536 3492 3589 ratione
3518 3534 3848 3598 subsistens;
3879 3550 4020 3592 nunc
4044 3548 4178 3592 vero

2600 3622 2756 3679 fortis
2804 3618 3180 3693 Redemptoris
3232 3624 3470 3679 dominio
3498 3623 3694 3678 collum
3740 3623 4060 3681 submittens
4108 3625 4177 3683 ad

2597 3712 2783 3786 iugum
2812 3714 3106 3784 disciplina
3129 3714 3464 3786 Evangelicae
3489 3713 3884 3787 pervenat/1L,
3913 3716 4004 3771 sed
4031 3724 4181 3785 post-

2600 3804 2819 3859 modum
2858 3801 3138 3874 iugum...
3169 3803 3397 3868 libenter
3445 3802 3720 3876 portavit].
3768 3802 4177 3858 Hic.accubans

2598 3896 2735 3948 inter
2767 3895 3012 3948 terminos
3039 3893 3163 3948 vidit
3200 3895 3448 3964 requiem,
3473 3893 3613 3964 quod
3646 3903 3773 3947 esset
3811 3894 3975 3958 bona;
3999 3904 4046 3947 et
4074 3903 4179 3948 ter-

2601 4001 2735 4050 ram,
2760 3985 2900 4056 quod
2940 3985 3156 4056 optima.
3180 3984 3324 4039 Inter
3346 3985 3605 4040 terminos
3634 3982 3861 4057 [autem]
3891 3984 4175 4045 accubare.

2599 4085 2684 4131 est
2727 4074 3035 4146 praestolato
3062 4076 3247 4130 mundi
3296 4075 3405 4133 line
3435 4077 3792 4147 requiescere,
3820 4075 4059 4146 nihilque
4087 4091 4179 4130 eo-

2599 4185 2740 4234 rum,
2777 4183 2898 4238 quae
2921 4177 3209 4224 versantur
3251 4170 3305 4224 in
3336 4170 3532 4233 medio,
3559 4185 3823 4240 qumrere,
3866 4170 3962 4225 sed
3991 4169 4176 4224 ultima

2598 4259 2930 4317 desiderare.
2962 4261 3028 4314 lit
3057 4259 3212 4316 fortis
3238 4262 3423 4315 asinus
3457 4261 3696 4330 requiem
3722 4269 3778 4316 et
3809 4269 4010 4315 terram
4038 4261 4178 4342 opti-

2599 4366 2745 4410 mam
2779 4352 2942 4416 videt,
2986 4366 3108 4406 cum
3135 4351 3362 4422 simplex
3416 4350 3689 4422 gentilitas
3734 4348 3978 4423 [idcirco]
4009 4364 4069 4405 se
4110 4349 4179 4405 ad

2600 4443 2764 4498 robur
2789 4442 2912 4500 boni
2954 4443 3133 4513 operis
3157 4442 3319 4513 erigit
3343 4439 3514 4513 [quia]
3559 4441 3626 4494 ad
3649 4449 3863 4496 interna:
3891 4441 4015 4494 vitae
4040 4453 4180 4510 prb-

2600 4533 2766 4587 mium
2789 4533 2978 4588 tendit.
3008 4531 3160 4588 Unde
3203 4532 3368 4586 etiam
3397 4531 3607 4603 apponit
3633 4531 3902 4588 humerum
3926 4541 4082 4584 suum
4108 4528 4176 4583 ad

2598 4623 2934 4694 portandum,
2961 4623 3086 4694 quia
3114 4622 3240 4677 dum
3261 4623 3327 4677 ad
3349 4623 3672 4693 promissam
3716 4624 3958 4692 requiem
3987 4636 4178 4691 perve-

2600 4717 2718 4772 nire
2746 4717 3040 4781 desiderat,
3078 4723 3270 4771 cuncta
3314 4715 3693 4770 mandatorum
3731 4726 3897 4769 onera
3948 4712 4178 4769 libenter

2599 4815 2798 4877 portat.
2838 4807 2990 4863 Unde
3019 4806 3189 4876 factus
3209 4814 3284 4860 est
3305 4806 3514 4860 tributis
3538 4806 3778 4868 sentiens,
3805 4804 3908 4859 hoc
3924 4811 4033 4870 est,
4063 4804 4174 4874 regi

2598 4897 2814 4958 Christo
2842 4912 2941 4955 suo
2969 4896 3092 4954 ﬁdei
3120 4895 3262 4951 dona
3289 4902 3346 4950 et
3383 4910 3608 4967 operum
3651 4895 3913 4952 bonorum
3940 4892 4174 4950 oﬂ'ercns

2600 5005 2846 5055 munera.
3555 4996 3559 5000 '

2671 5085 2791 5140 Dan
2839 5085 3105 5156 iudicabit
3158 5081 3407 5154 populum
3447 5098 3623 5147 suum,
3652 5081 3787 5136 sicut
3836 5077 3958 5134 alia:
4007 5076 4176 5131 tribus

2601 5175 2790 5233 Israel.
2846 5175 2972 5232 Fiat
3007 5176 3128 5230 Dan
3161 5175 3368 5233 coluber
3393 5175 3448 5232 in
3481 5176 3583 5237 uia,
3632 5179 3853 5228 cerastes
3884 5170 3940 5224 in
3965 5171 4173 5233 semita,

2601 5267 2680 5340 [et
2708 5267 2938 5340 reliqua]
2961 5267 3113 5338 (vers.
3149 5268 3257 5339 16).
3289 5269 3483 5325 Dicunt
3520 5263 3739 5336 quidam
3782 5262 4177 5319 Antichristum

2597 5373 2697 5429 per
2720 5359 2835 5413 hinc
2856 5357 3017 5413 verba
3039 5360 3265 5430 praedici
3281 5360 3348 5414 de
3374 5356 3518 5412 tribu
3541 5355 3656 5410 Dan
3677 5352 3935 5415 futurum.
3960 5363 4062 5422 pro
4086 5363 4175 5414 eo.

2598 5451 2740 5519 quod
2756 5452 2859 5506 hoc
2879 5451 2996 5506 loco
3007 5452 3119 5506 Dan
3138 5459 3193 5506 et
3204 5450 3424 5505 coluber
3434 5447 3696 5503 asseritur
3708 5452 3764 5502 et
3776 5442 4046 5501 mordens.
4063 5439 4176 5498 Un-

2599 5546 2665 5600 de
2688 5548 2828 5599 inter
2847 5544 3020 5600 tribus
3037 5543 3198 5599 lsrael
3214 5544 3421 5613 primus
3436 5541 3548 5596 Dan
3566 5539 3633 5595 ad
3653 5535 3968 5607 Aquilonem
3991 5540 4172 5589 castra

2598 5642 2830 5691 metatus
2843 5644 2944 5701 est,
2962 5634 3110 5690 illum
3125 5632 3458 5704 signiﬁcans,
3471 5631 3563 5703 qui
3591 5644 3649 5684 se
3664 5627 3717 5682 in
3738 5625 3995 5683 lateribus
4009 5622 4170 5693 Aqui-

2595 5725 2734 5782 lonis
2765 5727 2952 5782 sedere
2975 5725 3133 5789 dicit,
3171 5723 3313 5779 etde
3333 5738 3441 5794 quo
3481 5718 3774 5792 ﬁguraliter
3799 5717 4058 5790 propheta
4084 5711 4166 5766 di-

2597 5820 2668 5875 cit
2687 5838 2697 5870 :
2715 5820 2755 5875 Α
2776 5817 2888 5874 Dan
2912 5817 3123 5870 auditus
3141 5824 3216 5870 est
3242 5815 3475 5886 fremitus
3494 5826 3738 5883 (quon
3759 5809 3872 5879 ejus
3893 5805 4172 5876 (havsit.
