4428 6408
821 421 921 473 $67

821 541 948 585 stat.
982 530 1047 584 lit
1071 533 1208 587 sicut
1229 533 1368 588 Dcus
1396 534 1575 599 Pater,
1606 536 1744 590 Deus
1773 535 1868 589 Fili

819 634 1041 679 sanctus
1068 635 1173 689 est,
1203 643 1307 682 non
1337 637 1514 682 tamen
1538 639 1647 684 tres
1674 630 1746 683 dii
1780 638 1926 696 sunt,
1952 632 2045 686 sed
2073 647 2212 686 unus
2252 632 2397 687 Deus

822 729 935 771 tres
949 717 1153 773 habens
1172 718 1461 787 personas;
1494 721 1568 775 ita
1593 730 1646 775 et
1671 723 1849 776 anima
1878 723 2199 789 intellectus,
2214 725 2393 793 anima

819 806 1090 876 voluntas,
1115 810 1295 864 anima
1319 812 1610 878 memoria;
1642 828 1748 869 non
1788 822 1967 869 tamen
1994 816 2186 870 anima:
2206 823 2317 872 tres
2341 818 2394 871 in

816 915 926 955 uno
950 915 1199 972 corpore,
1220 902 1314 957 sed
1341 918 1446 957 una
1479 906 1657 959 anima
1689 914 1799 962 tres
1836 906 2039 961 habens
2068 908 2390 980 dignitates;

818 989 982 1063 πω
1028 993 1269 1063 atquein
1298 994 1383 1049 his
1410 994 1583 1048 tribus
1612 994 1731 1063 ejus
1758 996 2045 1067 imaginem
2073 999 2396 1055 mirabiliter

814 1083 957 1153 gerit
976 1083 1030 1137 in
1056 1098 1153 1138 sua
1177 1092 1371 1138 natura
1408 1095 1593 1140 noster
1615 1085 1841 1142 interior
1868 1088 2031 1143 homo
2056 1107 2067 1142 ε
2100 1103 2168 1143 ex
2198 1090 2394 1159 quibus

813 1176 968 1245 quasi
1013 1174 1482 1232 excellentioribus
1514 1177 1706 1233 animm
1752 1177 2099 1249 dignitatibus
2140 1179 2396 1250 jubemur

811 1266 1035 1338 diligere
1052 1266 1418 1332 Conditorem,
1445 1276 1507 1323 ut
1538 1277 1796 1339 quantum
1823 1268 2174 1342 intelligatur,
2206 1271 2402 1344 diliga-.

809 1357 1045 1430 tur[Al.,
1070 1357 1401 1428 intelligitur.
1423 1399 1436 1411 .
1455 1397 1469 1410 .
1498 1398 1511 1411 .
1530 1398 1549 1411 .
1581 1356 1874 1431 diligitur];
1904 1368 1961 1415 et
1987 1369 2248 1429 quantum
2276 1362 2395 1416 dilb-

810 1457 989 1516 gatur,
1019 1462 1233 1518 semper
1258 1450 1310 1503 in
1334 1448 1593 1503 memoria
1623 1448 1903 1504 habeatur.
1931 1448 2041 1504 Nec
2063 1448 2210 1505 solus
2248 1449 2395 1505 δυω-

808 1538 886 1591 στίι
914 1538 979 1594 de
1007 1553 1072 1594 eo
1103 1538 1427 1604 intellectus,
1476 1542 1578 1596 nisi
1624 1539 1717 1594 ﬂat
1742 1541 1795 1595 in
1824 1555 2007 1597 amore
2043 1540 2162 1610 ejus
2207 1542 2394 1597 volun-

808 1638 894 1681 tas
922 1646 936 1682 :
966 1630 1073 1682 imo
1098 1642 1199 1683 nec
1231 1630 1347 1684 hinc
1390 1630 1496 1685 duo
1525 1628 1818 1695 sufficiunt,
1866 1632 1967 1686 nisi
2000 1632 2261 1687 memoria
2300 1632 2395 1688 ad-

806 1718 987 1780 datur,
1016 1732 1121 1785 qua
1150 1732 1365 1788 semper
1398 1718 1453 1772 in
1487 1728 1666 1774 mente
1704 1718 2049 1789 intelligentis
2073 1728 2130 1774 et
2172 1720 2396 1791 diligen-

810 1809 881 1862 tis
906 1816 1123 1861 maneat
1144 1807 1314 1871 Deus;
1362 1818 1420 1862 ut
1449 1810 1589 1863 sicut
1637 1808 1841 1862 nullum
1893 1818 2071 1879 potest
2115 1826 2235 1867 esse
2280 1828 2395 1867 mo-'

1668 422 1725 474 Β.
1770 382 1837 475 μί
1867 420 2092 477 ,ιιωδι
2133 421 2265 479 εει]
2305 424 2583 479 suum
2621 423 2913 482 οιιειιω
2946 398 3125 481 psus
3164 427 3227 481 ll.

3958 432 4058 487 568

2000 538 2127 592 )eus
2158 517 2389 606 Spiritus
2419 544 2467 601 Α
2493 537 2676 603 habet,
2708 548 2856 593 tanto
2882 543 3100 610 propius
3147 551 3232 597 est
3273 542 3400 608 Deo,
3432 554 3486 599 et
3514 546 3771 615 majorem
3815 548 3895 604 sui
3924 548 4059 603 Con-

2494 626 2684 682 ditoris
2710 629 2849 699 gerit
2891 630 3311 686 similitudinem.
3346 630 3403 686 Si
3428 647 3576 698 vero,
3605 635 3746 704 quod
3774 636 3931 703 absit,
3960 637 4057 691 sli-

2493 719 2614 787 quis
2632 735 2731 789 per
2751 720 2904 775 devia
2933 722 3189 777 vitiorum
3226 732 3285 779 et
3308 723 3536 778 divortia
3564 725 3848 781 criminum
3870 726 3937 781 ab
3960 727 4060 782 bac

2492 810 2823 866 nobilissima
2842 813 2925 867 sui
2952 812 3259 869 Conditoris
3283 815 3628 871 similitudine
3652 816 3882 887 degener
3907 816 4062 873 aber-

2493 910 2596 966 ret,
2646 910 2771 957 tunc
2800 902 2893 958 [iet
2917 904 2983 959 de
3014 918 3080 959 eo
3109 905 3251 976 quod
3296 907 3557 976 scriptum
3600 916 3684 963 est
3716 926 3730 961 :
3758 906 3826 962 Et
3868 910 4020 963 homo
4041 949 4057 973 ,

2492 1008 2611 1045 eum
2634 992 2689 1046 in
2714 993 2910 1048 Itonore
2946 1005 3077 1051 esset
3117 1013 3221 1051 non
3271 998 3556 1065 intellexit,
3603 1009 3935 1071 comparatus
3984 1010 4059 1056 est

2483 1082 2735 1152 jumentis
2753 1086 3115 1156 insipientibus
3139 1097 3189 1141 et
3220 1088 3407 1143 similis
3434 1089 3604 1159 factus
3637 1100 3712 1146 est
3739 1090 3846 1147 illis
3885 1090 4055 1159 (Paul.

2494 1189 2697 1240 sui",
2741 1175 2849 1246 15).
2879 1176 2982 1243 Qui
3028 1176 3204 1246 major
3242 1177 3417 1233 honor
3456 1180 3635 1250 potuit
3677 1182 3879 1238 homini
3904 1197 4056 1247 esse,

2491 1278 2655 1332 quam
2680 1271 2740 1319 ut
2761 1265 2827 1320 ad
2846 1265 3247 1324 similitudinem
3267 1270 3349 1324 sui
3370 1268 3616 1326 Factoris
3641 1271 3981 1338 conderetur,
4004 1280 4061 1329 et

2491 1354 2696 1409 eisdem
2737 1356 2997 1412 virtutum
3022 1359 3353 1415 vestimean
3373 1368 3677 1428 ornaretur,
3704 1360 3898 1432 quibus
3925 1360 4063 1418 (Ion-|

2492 1445 2653 1514 ditor,
2694 1448 2761 1503 de
2788 1464 2897 1519 quo
2929 1448 3128 1521 legitur
3170 1469 3183 1503 :
3212 1450 3468 1506 Dominus
3498 1453 3749 1523 regnavit,
3774 1452 3958 1508 decore
3980 1454 4063 1508 ins

2492 1538 2651 1592 datus
2708 1538 2880 1609 (Psal.
2931 1555 3064 1606 xcn,
3110 1540 3203 1607 1),
3244 1541 3299 1595 id
3349 1549 3473 1606 est,
3522 1542 3760 1597 omnium
3798 1543 4060 1597 virtutum

2494 1626 2774 1698 splendore
2809 1638 2866 1684 et
2910 1630 3078 1685 totius
3119 1628 3374 1686 bonitatis
3419 1631 3612 1687 decore
3664 1632 3915 1687 ornatus?
3965 1631 4060 1687 Vel

2493 1720 2636 1789 quod
2662 1721 2835 1792 majus
2850 1722 3063 1787 ,bomini
3097 1731 3274 1793 putest
3312 1737 3433 1778 esse
3469 1724 3723 1791 dedecus,
3750 1732 3842 1780 aut
3889 1723 4061 1779 infeli-

2494 1812 2611 1867 cior
2637 1813 2874 1876 miseria,
2904 1828 3068 1882 quam
3095 1821 3157 1867 ut
3199 1814 3301 1868 bac
3349 1813 3711 1869 similitudinis
3752 1814 3921 1885 gloria
3978 1815 4062 1869 sui

807 1912 1065 1964 ruentum,
1101 1918 1209 1973 quo
1253 1903 1415 1957 homo
1458 1902 1609 1975 [non]
1650 1911 1857 1968 utatur,
1896 1903 1982 1958 vel
2032 1903 2244 1959 fruatur
2286 1905 2381 1961 Dei
2416 1896 2461 1954 Β
2486 1902 2793 1958 Conditoris
2812 1904 3032 1968 amissa,
3056 1903 3125 1958 ad
3153 1903 3437 1958 informem
3456 1910 3510 1959 et
3546 1903 3614 1958 ad
3640 1902 4059 1958 irrationabilem

808 1997 1043 2052 bonitate
1088 2007 1144 2052 et
1189 1997 1593 2060 misericordia;
1644 1997 1719 2050 ita
1776 1995 1980 2051 nullum
2026 1994 2219 2050 debeat
2267 2011 2386 2052 esse

805 2096 1162 2149 momentum,
1191 2101 1298 2154 quo
1325 2094 1643 2155 przesentem
1678 2101 1799 2141 eum
1829 2099 1936 2139 non
1964 2085 2163 2140 habeat
2191 2085 2244 2139 in
2275 2100 2387 2141 me-

805 2182 997 2237 moria.
1025 2177 1089 2231 Et
1116 2177 1230 2231 hll‘C
1258 2176 1321 2229 de
1343 2177 1569 2247 imagine
1591 2176 1808 2231 habeto.

877 2268 989 2323 lloc
1019 2282 1149 2322 vero
1177 2282 1316 2321 nunc
1338 2267 1402 2319 de
1421 2265 1764 2319 similitudine
1786 2265 1961 2335 aliqua
1993 2266 2384 2337 intellige,quaa

803 2364 857 2417 in
893 2362 1135 2416 moribus
1162 2356 1297 2431 [Αι.,
1340 2356 1658 2431 minoribus]
1689 2359 1959 2413 cernenda
1990 2366 2074 2413 est
2102 2376 2114 2412 :
2148 2366 2207 2413 ut
2246 2357 2386 2412 sicut

806 2454 945 2506 licus
972 2451 1219 2514 Creator,
1244 2448 1335 2520 qui
1368 2449 1638 2503 hominem
1682 2449 1751 2503 ad
1797 2447 2199 2512 similitudinem
2229 2463 2382 2502 suam

803 2544 1030 2609 creaiit,
1078 2542 1446 2605 estcharitas,
1499 2549 1584 2596 est
1613 2540 1786 2596 bonus
1831 2549 1887 2597 et
1928 2542 2126 2612 justus,
2172 2542 2384 2612 patiens

804 2646 966 2707 atque
992 2635 1161 2699 mitis,
1184 2634 1434 2697 mundus,
1454 2622 1791 2697 misericors,
1820 2641 1875 2686 et
1904 2640 2097 2687 caetera
2122 2632 2383 2686 virtutum

804 2734 1118 2781 sanctarum
1149 2724 1391 2795 insignia
1414 2737 1533 2792 qua:
1563 2722 1628 2777 de
1669 2736 1735 2777 eo
1760 2720 2049 2793 leguntur:
2099 2721 2175 2775 ita
2222 2720 2384 2776 homo

801 2826 1019 2888 creatus
1048 2825 1134 2872 est
1162 2825 1224 2871 ut
1248 2816 1568 2873 cbaritatem
1595 2814 1844 2880 haberet,
1874 2822 1935 2868 ut
1956 2813 2131 2868 bonus
2167 2819 2312 2868 esset
2332 2818 2391 2867 et

801 2911 1002 2982 justus,
1031 2907 1242 2979 patiens
1285 2915 1446 2977 atque
1498 2905 1663 2971 mitis,
1705 2904 1938 2959 mundus
1977 2910 2033 2957 et
2080 2900 2390 2957 misericors

808 2991 967 3054 foret.
1020 2997 1168 3066 Quas
1214 2998 1443 3051 virtutes
1484 3003 1688 3065 quanto
1714 2994 1837 3065 plus
1864 2993 2093 3064 quisque
2128 2993 2183 3048 in
2211 2992 2388 3064 seipso

2486 1991 2766 2046 brutorum
2804 1990 3173 2060 iumentorum
3231 1991 3566 2047 ‘dilaberetur
3617 1992 4062 2048 similitudinem?

2485 2083 2783 2153 Eapropter
2827 2084 3058 2155 quisque
3085 2084 3391 2155 diligentius
3426 2084 3667 2139 attendat
3705 2086 3891 2156 prima:
3933 2100 4061 2141 con-

2485 2174 2702 2230 ditionis
2752 2188 2865 2228 suae
2912 2174 3321 2239 excellentiam,
3379 2183 3435 2229 et
3469 2176 3828 2230 venerandam
3864 2185 4061 2237 sancta:

2487 2264 2767 2320 Trinitatis
2813 2266 2868 2320 in
2911 2266 3409 2338 seipsoimaginem
3448 2275 3723 2339 agnoscat,
3772 2268 4057 2323 honorem-

2489 2370 2594 2425 que
2622 2354 2989 2410 similitudinis
3012 2355 3224 2421 divinae,
3243 2357 3309 2410 ad
3323 2371 3485 2427 quem
3512 2344 3725 2413 creatus
3747 2366 3848 2423 est,
3869 2356 4059 2412 nobili-

2489 2456 2597 2504 tate
2631 2462 2864 2511 morum,
2904 2448 3164 2503 exercitio
3210 2448 3489 2513 virtutum,
3538 2449 3793 2520 dignitate
3840 2450 4059 2508 merito-

2488 2546 2609 2591 rum
2655 2536 2857 2590 babere
2898 2536 3191 2591 contendat
3221 2554 3233 2590 :
3263 2544 3323 2590 ut
3357 2538 3569 2608 quando
3611 2548 3865 2607 appareat
3888 2539 4061 2610 qualis

2486 2626 2578 2689 sit,
2606 2633 2731 2680 tunc
2754 2624 2947 2681 similis
2972 2625 3021 2680 ei
3053 2634 3310 2697 appareat
3336 2627 3429 2697 qui
3454 2641 3519 2682 se
3550 2627 3865 2682 mirabiliter
3895 2628 3965 2683 ad
3992 2629 4067 2683 si-

2490 2714 2843 2770 militudinem
2870 2730 3025 2771 suam
3069 2717 3122 2771 in
3151 2718 3327 2787 primo
3350 2717 3520 2774 Adam
3562 2719 3818 2784 condidit,
3847 2718 4066 2775 mirabi-

2493 2806 2705 2878 liusque
2750 2808 2801 2861 in
2826 2805 3085 2879 [secundo
3129 2807 3299 2875 Edit.,
3324 2808 3591 2875 mendose,
3637 2808 3850 2882 mulo]
3897 2808 4068 2866 refor-

2492 2901 2680 2956 mavit.

1293 3125 4043 3141 —-——_———————————————-W—

1202 3204 1308 3266 DE
1350 3201 1621 3263 DECEM
1661 3200 1946 3263 VERBIS
1990 3196 2217 3260 LEGIS
2261 3196 2403 3259 SEU
2446 3190 2729 3260 B‘REVIS
2770 3200 3201 3263 EXPOSITIO
3242 3198 3669 3262 DECALOGI.

1234 3392 1547 3452 MONITUM
1598 3388 1957 3446 PMV’IUM.

877 3516 1022 3570 lianc
1048 3509 1422 3566 brevissimam
1446 3502 1696 3579 Decalogi
1725 3500 2117 3579 expositionem
2136 3498 2389 3579 ulmeas

808 3569 1060 3643 il‘nchcri
1106 3596 1137 3635 e
1165 3580 1286 3633 cod.
1310 3574 1537 3649 ψει-8.·
1560 3569 1816 3649 Germani
1845 3587 1876 3625 a
1902 3570 2082 3649 Pratis
2106 3584 2233 3649 cuni
2269 3569 2390 3649 aliis

806 3635 1277 3720 iliialiuvs'epistolis
1298 3648 1365 3720 B._
1387 3643 1598 3720 Alcuini
1628 3640 1738 3720 :D_e
1766 3635 2390 3720 comparatione.i.’eteris

804 3708 1030 3781 έέέῖγυιίί
1055 3708 1389 3779 Ῡρδεαηιεηιὶ,
1422 3726 1476 3769 et
1504 3731 1517 3767 :
1543 3712 1620 3767 De
1640 3711 1804 3765 tribus
1837 3708 2109 3781 generibus
2133 3708 2388 3781 uisionum

804 3777 947 3861 (viii.
981 3791 1135 3865 epist.
1165 3790 1275 3865 sua
1302 3777 1532 3865 eiset),
1560 3782 1734 3862 edidit
1757 3777 1888 3862 toni.
1930 3778 1994 3834 ιιι
2020 3777 2232 3865 Spicil.,
2256 3792 2387 3865 Pug:

806 3848 927 3922 hil.
968 3848 1117 3920 [Inde
1163 3861 1308 3915 illam
1356 3858 1462 3912 huc
1489 3848 1984 3923 transcripsimus;
2036 3848 2191 3923 tum,
2246 3848 2390 3917 Quod

804 3920 998 4015 turma-
1034 3920 1947 4015 epistolarincare'atitumi‘qgod
1992 3920 2221 3974 materia
2263 3932 2389 3974 eum

802 3991 1199 4076 Qumstion‘ibus
1226 4001 1279 4055 in
1301 3996 1535 4053 Genesin
1564 4000 1806 4049 connexa
1833 3991 1922 4044 sit.

877 4146 976 4198 Dat
1013 4140 1175 4212 igitur
1216 4133 1475 4190 Dominus
1503 4127 1671 4201 Moysi
1698 4127 1873 4198 legem
1920 4122 2241 4180 innocentia:
2287 4134 2389 4176 no-

803 4250 931 4292 sine
955 4244 1010 4289 et
1036 4227 1357 4300 cognitionis
1385 4239 1513 4285 sum,
1546 4220 1899 4287 eamdemque
1924 4216 1980 4270 in
2007 4215 2196 4270 decem
2226 4212 2391 4269 verba

806 4325 1111 4387 mnstituit,
1137 4329 1193 4376 et
1235 4316 1415 4374 saxeis
1462 4312 1661 4369 tabulis
1698 4310 1866 4381 digito
1905 4322 2004 4363 suo
2053 4305 2291 4376 scripsit.
2323 4305 2392 4359 Et

804 4424 917 4474 lucc
967 4415 1183 4487 quidem
1221 4416 1490 4482 praecepta
1538 4406 1612 4459 ita
1666 4409 1792 4457 sunt
1834 4398 2145 4460 distributa,
2179 4402 2239 4449 ut
2287 4394 2392 4449 tria

803 4512 1107 4581 pertineant
1151 4505 1218 4559 ad
1250 4501 1591 4557 dilectionem
1618 4495 1812 4551 divinae
1837 4491 2152 4556 Trinitatis;
2185 4496 2391 4560 septem

803 4622 930 4659 vero
951 4602 1017 4657 ad
1046 4612 1287 4654 amorem
1313 4594 1631 4653 fratcrnum,
1658 4587 1856 4659 quibus
1883 4585 2117 4641 societas
2154 4584 2392 4638 humana

806 4715 908 4751 non
934 4695 1161 4749 lieditur.
1192 4687 1435 4743 Primum
1480 4680 1732 4749 Decalogi
1772 4677 2087 4732 mandatum
2116 4674 2184 4730 ad
2220 4672 2390 4727 Deum

2413 3384 2464 3451 C
2491 3383 2848 3439 sanctiﬁeavit
2866 3382 3009 3439 Deus
3041 3401 3053 3436 :
3085 3382 3139 3437 in
3163 3382 3283 3438 aliis
3309 3382 3454 3439 enim
3479 3357 3685 3448 diebus,
3710 3397 3930 3454 aperum
3952 3400 4061 3440 non

2490 3483 2574 3531 est
2592 3478 2866 3531 nominata
2914 3473 3291 3538 sanctiﬁcatio,
3319 3472 3424 3528 nisi
3452 3471 3507 3527 in
3537 3471 3783 3538 sabbato,
3812 3473 3905 3537 ubi
3930 3473 4069 3529 dici-

2491 3579 2581 3623 tur
2610 3588 2622 3622 :
2668 3568 2933 3638 Requieeit
2960 3566 3122 3621 Densi
3153 3564 3387 3621 Proinde
3426 3564 3588 3636 igitur
3613 3565 3720 3620 hoc
3756 3564 4071 3620 mandatum

2490 3660 2724 3733 pertinet
2736 3658 2803 3713 ad
2822 3656 3083 3729 Spiritum
3098 3664 3365 3723 sanctum,
3383 3664 3491 3709 tam
3511 3663 3731 3725 propter
3743 3669 3937 3709 nomen
3952 3668 4076 3710 sana

2490 3748 2854 3813 ctiticationis,
2883 3762 3044 3817 quam
3070 3747 3234 3801 etiam
3257 3754 3478 3815 propter
3512 3752 3769 3800 mternam
3804 3744 4073 3814 requiem,

2491 3843 2559 3896 ad
2598 3842 2798 3897 donum
2829 3839 3003 3895 sancti
3034 3835 3271 3907 Spiritus
3288 3836 3664 3906 pertinentem.
3696 3832 3903 3890 Dicitur
3925 3834 4074 3891 enim

2492 3933 2596 3987 ibi:
2625 3931 2904 3995 Memento,
2954 3939 3011 3983 ut
3052 3931 3191 3983 diem
3218 3929 3424 3984 sabbati
3461 3927 3777 3997 sanctiﬁca.
3821 3925 3928 3984 Sea:
3961 3926 4077 3981 die-

2491 4025 2585 4079 bus
2614 4022 2929 4093 operaberis,
2959 4030 3007 4075 et
3049 4020 3211 4091 facies
3258 4018 3433 4073 omnia
3464 4022 3621 4088 opera
3650 4025 3763 4070 tua.
3808 4015 4073 4085 Septimus

2490 4129 2665 4175 autem
2690 4118 2798 4172 dies
2825 4103 3099 4171 sabbatum
3145 4121 3220 4173 est
3260 4099 3473 4166 Domini
3496 4108 3593 4165 Dei
3635 4109 3735 4174 tui,
3779 4125 3884 4163 non
3911 4108 4073 4177 facies

2491 4228 2642 4267 omne
2680 4226 2807 4281 opus
2837 4212 2892 4265 in
2930 4226 2991 4264 eo
3030 4206 3228 4280 (Exod.
3279 4222 3385 4270 xx,
3436 4203 3564 4275 ill).
3610 4202 3667 4258 lu
3716 4218 3809 4258 sex
3861 4202 4073 4264 dierum

2490 4317 2654 4375 opere
2703 4316 2797 4356 sex
2844 4300 3069 4354 millium
3126 4306 3391 4352 annorum
3432 4295 3674 4365 operatio
3722 4293 4070 4347 cdntinetur:

2492 4400 2545 4453 in
2583 4396 2795 4467 septimi
2843 4409 2975 4449 vero
3019 4392 3228 4462 requie,
3279 4378 3425 4445 beati
3472 4384 3614 4443 illius
3660 4385 3810 4458 regni
3863 4392 4072 4456 tempus

2491 4486 2810 4551 ostenditur,
2854 4485 2999 4556 quod
3037 4481 3330 4539 carnaliter
3371 4478 3537 4534 Judazi
3587 4477 3921 4535 celebrantes
3972 4490 4069 4530 ex-

2491 4587 2755 4650 spectant.
2790 4577 2855 4631 Et
2882 4578 2987 4632 hoc
3010 4591 3076 4631 ne
3108 4582 3206 4629 nus
3239 4572 3307 4626 ad
3338 4569 3497 4624 iidem
3534 4566 3800 4650 mendacii
3823 4564 4071 4645 fallentes

2493 4643 2760 4743 aptemus,
2790 4670 2991 4725 clamat
3037 4682 3135 4737 per
3161 4664 3478 4735 prophetam
3528 4658 3670 4713 Deus
3704 4676 3719 4713 :
3754 4643 4070 4711 Neontenias

805 4745 1298 4851 l’a't'riini—pertinet
1319 4816 1334 4841 ,
1386 4775 1515 4829 dum
1563 4745 1738 4826 dicit}:
1790 4766 2046 4821 Dominus
2089 4764 2232 4851 Deus
2271 4773 2392 4816 tuus
2425 4749 2473 4807 θ
2499 4772 2547 4816 et
2570 4764 2786 4817 sabbata
2816 4769 2986 4815 uestra
3004 4757 3173 4851 adivit
3199 4755 3378 4809 anitna
3408 4747 3696 4851 υιςιιυεαξ.
3723 4747 3900 4851 hi3):

807 4879 945 4931 Deus
973 4843 1106 4926 unus
1146 4878 1220 4923 est
1256 4864 1451 4938 (Exod.
1484 4878 1575 4925 xx,
1621 4859 1776 4915 Deut.
1817 4856 1892 4924 v).
1946 4843 2140 4923 Utique
2169 4862 2230 4909 ut
2274 4853 2390 4907 hinc

806 4968 1030 5022 audiens
1056 4975 1220 5016 unum
1245 4957 1413 5012 Deum
1441 4954 1659 5008 Patrem
1683 4950 1852 5014 colas,
1878 4954 1933 5003 et
1954 4947 2008 5001 in
2029 4945 2225 5001 multos
2250 4945 2388 4999 Deos

807 5056 1215 5113 fornicationem
1245 5059 1395 5102 tuam
1441 5060 1546 5098 non
1598 5041 1858 5097 eﬂ’undas.
1906 5037 2212 5094 Secundum
2253 5051 2390 5106 pras-

806 5158 1022 5221 ci-ptum
1048 5146 1281 5215 pertinet
1308 5139 1373 5194 ad
1396 5137 1611 5198 Filium,
1636 5135 1762 5189 dum
1791 5133 1921 5187 dicit
1952 5150 1965 5185 :
1998 5130 2121 5185 Non
2156 5143 2390 5181 assumes

810 5224 997 5299 nomen
1027 5238 1235 5292 Domini
1266 5236 1343 5288 tui
1363 5234 1417 5285 in
1439 5245 1647 5290 vanum,
1679 5225 1731 5282 id
1756 5232 1862 5288 est,
1891 5236 1957 5277 ne
1983 5223 2215 5277 aestimes
2238 5233 2391 5275 crea-

811 5346 989 5389 turam
1034 5343 1156 5385 esse
1188 5327 1354 5379 tilium
1382 5323 1499 5384 Dei,
1528 5320 1782 5390 quoniam
1828 5314 2004 5371 omnis
2033 5310 2190 5383 3η
2239 5324 2393 5365 crea-

813 5439 931 5481 tura
958 5420 1183 5477 vanitati
1212 5415 1453 5485 suhjecta
1480 5422 1593 5476 est;
1637 5410 1730 5465 sed
1760 5408 1951 5463 credas
1979 5418 2101 5459 eum
2132 5400 2390 5472 :equalem

812 5532 932 5573 esse
963 5512 1130 5574 Patri,
1175 5510 1345 5565 Deum
1372 5505 1619 5583 deorum,
1651 5500 1886 5555 Verbum
1913 5495 2050 5567 apud
2075 5494 2269 5556 Deum,
2296 5506 2400 5562 per.

809 5621 971 5677 quem
994 5602 1177 5659 omnia
1202 5598 1347 5653 facta
1386 5582 1529 5651 sunt.
1570 5591 1811 5647 Tertium
1837 5589 2148 5644 mandatum
2178 5584 2245 5640 de
2267 5583 2391 5638 sab-

813 5705 937 5756 bata
965 5698 1031 5752 ad
1053 5695 1314 5766 Spiritum
1343 5697 1588 5746 sanctum
1633 5685 1881 5757 pertinet,
1909 5681 2061 5753 cujus
2084 5680 2289 5766 donum
2310 5690 2391 5735 re-

813 5792 967 5860 quies
996 5765 1151 5841 nobis
1188 5782 1513 5852 sempiterna
1542 5774 1894 5849 promittitur.
1948 5769 2081 5825 Nam
2113 5768 2237 5841 quia

821 5859 954 5939 ritus
993 5887 1211 5935 sanctus
1242 5876 1455 5932 dicitur.
1506 5879 1787 5942 propterea
1823 5875 1874 5921 ct
1922 5864 2206 5933 septim'un
2252 5859 2393 5917 diem

2498 4852 2658 4908 modo
2687 4866 2815 4921 ergo
2844 4848 3185 4905 sanctiﬁcata
3237 4851 3365 4898 sunt
3390 4840 3475 4896 vel
3512 4847 3672 4896 erunt
3715 4838 3939 4895 sabbata
3982 4835 4074 4891 illa

2501 4958 2623 5013 qua:
2656 4940 2824 4996 odivit
2856 4938 3031 4995 Deus?
3059 4936 3200 5007 Ergo
3228 4933 3513 4991 sabbatum
3538 4940 3625 4987 est
3651 4927 4067 4988 sanctiﬁcatum,

2501 5033 2593 5089 ubi
2618 5040 2740 5104 post
2758 5031 2897 5087 bona
2924 5030 3048 5085 vitae
3071 5026 3232 5097 hujus
3257 5041 3423 5097 opera
3446 5024 3661 5095 requies
3692 5020 3845 5076 nobis
3870 5026 4071 5075 interna

2498 5124 2847 5196 promittitur.
2876 5121 3106 5190 ideoque
3134 5115 3392 5189 quidquid
3419 5115 3650 5185 agimus,
3676 5111 3721 5166 si
3746 5119 3963 5183 pr0pter
3990 5108 4074 5166 iu-

2498 5214 2602 5269 turi
2629 5213 2807 5269 saeculi
2838 5212 3077 5281 requiem
3105 5209 3334 5280 agimus,
3358 5204 3625 5261 veraciter
3658 5204 3941 5259 sabbatum
3962 5203 4075 5281 Vob-

2498 5319 2799 5360 servamus.

2570 5397 2695 5452 Post
2716 5398 2829 5453 haec
2858 5396 2958 5451 tria
2983 5401 3253 5467 praecepta
3268 5390 3603 5462 septenarius
3629 5386 3867 5445 antecedit
3886 5401 4071 5442 nume-

2501 5506 2595 5544 rus
2608 5503 2729 5544 man
2739 5488 3002 5553 datorum,
3018 5488 3085 5543 ad
3098 5484 3435 5543 dilectionem
3454 5480 3682 5553 proximi
3697 5477 3989 5548 pertinens,
4017 5482 4073 5529 et

2500 5580 2771 5649 incipit-ab
2794 5581 2997 5636 honore
3024 5584 3329 5649 parentum,
3352 5576 3479 5630 dum
3498 5572 3692 5629 dicitur
3710 5586 3723 5624 :
3744 5568 3961 5626 Honora
3980 5584 4070 5637 pa-

2498 5682 2629 5725 trem
2658 5683 2804 5725 tuum
2831 5680 2877 5725 et
2905 5678 3123 5723 matrem
3149 5676 3294 5721 tuam
3321 5664 3516 5736 (Exod.
3544 5678 3637 5728 xx,
3678 5661 3761 5732 η)
3787 5678 3802 5725 ;
3829 5657 3970 5728 quod
4017 5655 4069 5709 in

2518 5751 2688 5821 ii-dine
2717 5771 2965 5833 quartum
2992 5765 3094 5815 est.
3126 5758 3169 5814 Δ
3212 5757 3526 5828 parentibus
3564 5755 3705 5810 enim
3751 5751 3863 5809 suis
3913 5751 4069 5820 homo

2502 5857 2671 5925 aperit
2719 5854 2921 5917 oculos,
2954 5859 3005 5905 ct
3049 5851 3161 5905 lucc
3200 5851 3402 5905 vitaab
3432 5862 3615 5905 eorum
3647 5842 3927 5898 dilectione
3982 5856 4072 5894 su-.
