4428 6458
764 415 862 470 δτι

1602 415 1664 470 Β.
1698 413 1762 468 Ρ.
1803 413 2029 469 Αιθιλτ
2067 413 2198 469 SEU
2236 412 2513 470 ALCUlNl
2545 411 3054 476 OPERUM,PARS
3088 413 3153 469 ll.

3881 411 3984 470 δτι

759 538 922 594 scopo
946 523 1163 578 humilis
1197 521 1358 576 levita
1398 520 1654 578 Alcuinus
1678 519 1810 594 [At.,
1835 519 2161 588 Archoinus,
2186 537 2330 575 men-
2357 533 2402 591 Α
2431 537 2554 578 nem
2581 523 2888 579 ostendunt.
2919 523 3072 582 Unde
3116 532 3199 579 est
3243 531 3301 579 et
3339 523 3469 579 illud
3516 521 3815 580 Salomonis
3839 539 3858 578 :
3887 522 3988 583 Ss-

758 615 910 687 dosc]
946 613 1194 668 salutem.
1279 675 1286 686 ι

829 707 964 762 Dum
1000 714 1256 770 vestram,
1283 703 1586 761 venerande
1610 703 1791 770 Pater,
1820 704 2211 762 sanctissimam
2239 720 2328 760 vo-

757 793 1017 850 luntatem
1054 793 1330 849 catholicae
1360 792 1481 848 ﬁdei
1512 791 1723 849 fervore
1751 793 2060 865 fulgentem,
2089 802 2144 849 et
2173 808 2329 849 sane-

758 893 828 940 t:e
849 883 1131 940 eharitatis
1154 898 1185 937 a
1213 883 1324 940 Deo
1343 883 1498 939 donis
1529 883 1888 940 abundantem
1911 885 2127 956 agnovi,
2152 884 2244 948 ita,
2269 891 2331 939 ut

755 986 863 1036 me,
913 972 1194 1027 minimum
1249 971 1444 1027 divinze
1491 970 1784 1042 Scriptura:
1833 971 2200 1037 vernaculum,
2262 972 2328 1028 de

757 1061 943 1117 multis
961 1061 1341 1116 ecclesiastica:
1362 1060 1639 1130 dignitatis
1669 1061 2146 1116 consuetudinibus
2171 1061 2326 1130 quasi

753 1150 973 1208 Patrem
1001 1150 1280 1206 consulere
1301 1149 1577 1216 voluistis;
1617 1164 1685 1206 ne
1737 1149 1968 1206 fortasse
1990 1148 2194 1220 aliquid
2243 1164 2329 1206 ve-

754 1251 883 1296 strm
904 1240 1198 1312 prudentia:
1221 1239 1550 1309 incognitum
1578 1234 1901 1309 remaneret,
1917 1239 2108 1309 quid,a
2131 1239 2329 1309 quibus

753 1328 1021 1394 Patribus,
1044 1328 1108 1385 de
1131 1328 1289 1402 3&3
1310 1329 1548 1398 qualibet
1566 1331 1901 1385 resancitum
1912 1338 2076 1384 esset.
2099 1327 2330 1384 Proinde

754 1421 934 1476 subito
955 1435 1135 1474 sermo
1162 1420 1301 1474 inter
1321 1434 1419 1474 nos
1439 1419 1654 1475 habitus
1665 1420 1730 1474 de
1755 1421 2064 1491 paenitentia!
2087 1419 2324 1490 psalmis,

752 1509 848 1579 qui
899 1516 1102 1572 essent,
1163 1507 1247 1562 vel
1298 1508 1530 1577 qualiter
1581 1498 1931 1581 intelligendi,
1967 1508 2053 1565 vel
2095 1509 2328 1565 usitaudi

753 1597 1000 1664 fuissent,
1041 1599 1373 1671 inquirebat;
1417 1615 1556 1670 quos
1585 1609 1788 1669 septem
1822 1615 1942 1655 esse
1962 1614 2029 1655 ex
2057 1600 2332 1655 venerabi-

754 1690 886 1747 lium
917 1691 1135 1746 Patrum
1169 1691 1494 1745 discretione
1553 1706 1677 1744 mox
1712 1691 1989 1746 inventum
2041 1700 2164 1746 est:
2217 1688 2330 1746 Nec

753 1799 860 1838 non
898 1783 1038 1838 unde
1059 1781 1290 1852 psalmus
1321 1783 1628 1837 centesimus
1676 1782 1907 1837 decimus
1953 1792 2164 1837 octavus
2216 1791 2327 1837 tam

2424 611 2621 680 pientia
2679 612 2956 681 «dilicuit
3008 613 3109 667 sibi
3160 612 3372 666 domum
3398 653 3414 677 ,
3469 612 3661 667 excidit
3723 612 3986 669 colatum

2427 712 2618 772 septem
2646 700 2825 773 (Prov.
2854 719 2932 767 ιι,
2958 703 3034 775 l),
3063 718 3184 773 qua:
3207 702 3498 777 lopgiorem
3531 711 3756 773 poscunt
3780 719 3985 762 sermo-

2429 806 2585 857 nem;
2613 791 2658 846 si
2684 799 2860 847 tamen
2882 800 2970 847 est
2993 792 3159 848 nostri
3189 791 3444 863 temporis
3471 793 3593 860 quis
3613 791 3849 854 idoneus,
3871 793 3989 849 uni-

2430 895 2584 937 versa
2609 879 2844 952 ejusdem
2876 883 3086 938 numeri
3107 881 3392 954 explanare
3414 882 3702 953 mysteria:
3725 883 3989 953 quietiam

2430 972 2484 1029 in
2533 970 2794 1044 principio
2847 979 3213 1027 creaturarum
3269 971 3439 1043 ipsius
3483 969 3754 1028 Creatoris
3809 971 3990 1042 réquie

2429 1074 2772 1120 consecratus
2795 1072 2898 1127 est,
2941 1072 2996 1118 et
3040 1079 3182 1118 nunc
3209 1064 3342 1118 ordo
3386 1063 3702 1119 seculorum
3722 1077 3818 1133 per
3842 1077 3992 1119 eum-

2431 1153 2552 1210 dem
2599 1169 2882 1209 numerum
2925 1154 3215 1210 decurrere
3258 1160 3502 1227 constat;
3539 1154 3835 1224 quietiam,
3861 1153 3909 1210 si
3933 1155 3991 1213 in

2431 1241 2537 1298 duo
2558 1243 2813 1298 dividitur
2839 1243 3075 1298 membra
3099 1241 3318 1312 majoris
3355 1243 3616 1314 portionis
3666 1243 3992 1302 babitudinis

2430 1345 2560 1396 sate,
2589 1331 2640 1388 id
2663 1340 2748 1387 est
2776 1332 2829 1386 in
2862 1341 2972 1388 tres
2994 1341 3050 1426 pt
3076 1342 3327 1402 quatuor,
3356 1332 3595 1388 mirabile
3632 1333 3994 1390 universitatis

2430 1419 2592 1475 habet
2612 1435 2886 1475 arcanum.
2915 1418 3047 1474 Nam
3079 1420 3131 1498 in
3159 1419 3334 1475 tribus
3380 1429 3563 1486 sancta
3593 1419 3994 1476 Triuitascreao

2430 1509 2538 1564 tris
2562 1509 2800 1564 omnium
2823 1525 2942 1580 qua:
2963 1519 3109 1574 sunt,
3131 1510 3468 1581 designatur;
3491 1519 3547 1566 et
3570 1510 3625 1565 in
3650 1511 3994 1580 quatuorsci-

2413 1598 2575 1673 licet,
2613 1600 2936 1654 universitas
2957 1600 3357 1677 demonstratur
3386 1609 3782 1666 creaturarum;
3805 1615 3900 1658 seu
3924 1603 3995 1658 ob

2429 1689 2661 1760 quatuor
2681 1690 2863 1744 mundi
2892 1689 3104 1765 plagas;
3133 1692 3244 1745 sive
3262 1700 3484 1762 propter
3508 1700 3737 1761 quatuor
3757 1689 3993 1747 elemen-

2431 1789 2606 1835 torum
2621 1780 2881 1853 originem
2899 1797 2915 1844 ;
2940 1789 3033 1835 aut
3053 1781 3214 1836 etiam
3233 1789 3530 1850 temporum
3547 1778 3995 1846 distributionem,

755 1868 957 1930 celebri
991 1874 1148 1928 laude
1173 1890 1188 1938 ;
1213 1873 1312 1936 vel,
1346 1889 1446 1928 cur
1483 1882 1593 1927 tam
1634 1882 1891 1944 perpetua
1945 1873 2332 1928 consuetudine
2363 1876 2404 1934 Β
2431 1885 2551 1940 qua:
2579 1869 2906 1940 quadrifarie
2923 1885 3145 1926 currere
3171 1869 3760 1940 uoscuntur:quocirca
3781 1876 3998 1938 propter

751 1965 1037 2021 canonicis.
1059 1964 1205 2018 horis
1230 1963 1504 2018 decantari
1530 1961 1721 2018 solitus
1754 1961 1826 2018 sit
1855 1980 1869 2015 :
1910 1969 2002 2017 aut
2026 1962 2167 2016 unde
2184 1958 2330 2032 psal-

755 2053 831 2108 mi
885 2053 1145 2122 graduum
1195 2051 1526 2114 dicerentur,
1574 2065 1804 2119 quorum
1859 2049 2165 2119 quindecim
2211 2060 2332 2103 esse

754 2140 978 2203 nemini,
1008 2139 1201 2194 librum
1247 2139 1509 2194 lectilanti
1534 2150 1558 2178 ι
1587 2137 1940 2200 Psalmorum,
1970 2137 2189 2192 dubium
2211 2152 2332 2194 esse

758 2246 901 2288 reor.
934 2230 1007 2284 De
1028 2230 1223 2298 quibus
1245 2239 1441 2285 vestra:
1462 2229 1821 2299 sagacissima:
1848 2229 2118 2284 sanctitati
2142 2230 2333 2284 breves

753 2321 1205 2393 expositiunculas
1233 2322 1386 2390 quasi
1421 2321 1690 2390 quoddam
1733 2319 2099 2382 Euchiridion,
2147 2320 2202 2374 id
2249 2330 2333 2376 est

755 2412 1054 2467 manualem
1080 2412 1296 2474 librum,
1325 2410 1440 2464 fieri
1464 2410 1746 2480 ﬂagitastis
1773 2408 1880 2482 [ΑΙ.
1907 2409 2200 2482 ﬂagitatis].
2232 2411 2330 2468 Cui

755 2506 999 2576 petitioni
1035 2503 1164 2575 [ΑΛ.
1203 2518 1307 2572 qua
1335 2487 1614 2575 petitione]
1651 2503 1906 2556 almitatis
1940 2512 2134 2557 vestra:
2164 2503 2333 2558 libens

755 2595 941 2668 annui,
981 2593 1317 2664 arreptisque
1374 2602 1682 2647 sanctorqu
1734 2590 1952 2646 Patrum
1992 2592 2331 2656 tractatibus,

752 2686 845 2754 qui
877 2685 1090 2754 copiose
1127 2685 1193 2738 de
1215 2682 1439 2752 singulis
1475 2684 1526 2737 in
1556 2681 1889 2737 Psalmorum
1921 2682 2056 2736 libro
2085 2682 2332 2736 versibus

753 2775 978 2831 scrutati
1011 2782 1165 2836 sunt;
1199 2781 1464 2842 quatenus
1499 2771 1566 2824 de
1612 2771 1697 2825 his
1723 2785 1953 2840 quoque,
1995 2769 2126 2839 quid
2176 2769 2328 2824 dice-

753 2876 894 2928 rent.
944 2865 1278 2922 aduotarem.
1330 2862 1594 2931 ﬂoresque
1632 2863 1940 2932 colligerem
1994 2861 2334 2918 dulcissimos

755 2956 821 3010 ad
851 2965 1041 3010 vestra:
1065 2954 1354 3008 voluntatis
1378 2950 1812 3006 satisfacieadum
1844 2949 2133 3004 desiderio.

827 3047 934 3102 Sed
962 3047 1134 3116 primo
1160 3045 1772 3098 omnium‘numerorum
1806 3041 2071 3095 eruendas
2096 3040 2334 3095 rationes

755 3147 933 3191 ratum
964 3137 1164 3205 putavi,
1202 3136 1253 3188 iJ
1278 3142 1377 3188 est.
1432 3149 1529 3188 cur
1566 3132 1729 3187 etiam
1769 3131 1959 3202 psalmi
2001 3132 2332 3200 pmnitentite

2431 1959 3108 2032 perfecmmremissionem
3124 1967 3485 2030 peccatorum,
3500 1973 3658 2029 quam
3673 1957 3724 2012 in
3739 1958 3999 2026 baptismo

2431 2054 2757 2124 accepimus,
2785 2051 2868 2108 vel
2888 2053 3047 2108 etiam
3077 2051 3328 2123 lacrymis
3347 2049 3721 2114 confessionis,
3751 2059 3803 2104 et
3828 2048 3998 2120 pinni-

2433 2144 2633 2209 tentiaa,
2656 2143 2847 2214 psalmi
2879 2143 3272 2214 penitentiales
3295 2142 3599 2214 septenario
3625 2154 3850 2194 numero
3869 2154 3998 2195 cau-

2432 2245 2731 2293 secrantur.
2757 2235 2847 2291 Sic
2872 2235 3034 2291 etiam
3063 2243 3118 2289 et
3137 2234 3326 2305 psalmi
3346 2231 3620 2289 novissimi
3642 2232 3695 2286 in
3716 2229 3998 2297 Psalterio,

2433 2326 2488 2381 in
2518 2325 2731 2380 laudem
2779 2323 2992 2380 Domini
3039 2322 3136 2379 Dei
3179 2323 3386 2388 aeterni,
3436 2323 3619 2379 eadem
3659 2319 4000 2392 perfectionis

2431 2416 2618 2488 rcgula
2641 2415 2947 2484 septenario
2974 2429 3197 2470 numero
3213 2415 3542 2470 dedicantur.
3569 2410 3813 2468 Psalmus
3831 2409 3998 2480 siqui-

2434 2509 2554 2563 dem
2584 2508 2910 2563 centesimus
2942 2515 3102 2576 atque
3129 2514 3352 2562 octavus
3394 2506 3652 2568 decimus.
3679 2503 3768 2560 cui
3788 2503 3853 2558 ad
3874 2517 4000 2573 pro-

2431 2599 2701 2670 bationem
2733 2597 2886 2670 [Als.,
2915 2597 3309 2671 purgationem]
3342 2597 3554 2660 animm,
3586 2595 3892 2651 inluerendo
3915 2609 3998 2650 sa-

2432 2689 2543 2744 cris
2572 2688 2904 2742 orationibus
2933 2687 3064 2754 Deo,
3098 2687 3272 2742 nullus
3307 2685 3626 2757 mquiparari
3669 2699 3826 2754 posse
3850 2693 3999 2753 puta-

2432 2789 2541 2844 tur,
2566 2779 2720 2850 juxm
2746 2778 3086 2848 alphabetum
3118 2777 3395 2834 llebraiea:
3445 2776 3637 2847 linguae
3667 2773 3995 2845 compositus

2431 2880 2536 2935 est,
2556 2870 2643 2938 qui
2673 2869 2965 2924 secundum
2995 2882 3276 2923 numerum
3313 2867 3607 2922 litterarum
3637 2863 3872 2934 ejusdem
3895 2863 3997 2917 lin-

2432 2979 2550 3034 guzc
2583 2965 2767 3034 viginti
2791 2963 3001 3018 duobus
3038 2962 3273 3032 periodis
3299 2969 3548 3016 constare
3588 2959 3796 3012 videtur
3827 2972 3843 3010 :
3869 2971 4000 3026 quo-

2436 3071 2552 3110 rum
2582 3057 2809 3126 quisque
2855 3065 2978 3110 octo
3008 3069 3195 3110 versus
3235 3053 3412 3115 habet,
3461 3063 3672 3122 semper
3713 3049 3998 3104 secundum

2433 3147 2675 3201 ordinem
2700 3146 2965 3215 alphabeti
2993 3147 3061 3200 ab
3085 3147 3269 3200 eadem
3316 3143 3630 3212 incipientes
3673 3140 3870 3201 littera,
3894 3137 4002 3192 for-

756 3228 1062 3298 septenario
1085 3239 1308 3281 numero
1330 3225 1626 3280 consecrati
1654 3223 1870 3278 essent?
1908 3231 2000 3278 aut
2025 3237 2192 3292 quare
2211 3237 2336 3279 cen—
2363 3229 2409 3291 (ζ
2441 3249 2505 3292 ωε

2249 3237 2336 3277 εηο
2363 3229 2409 3291 C
2441 3239 2601 3293 tassis
2626 3247 2845 3308 propter
2871 3236 3207 3306 evangelicas
3235 3245 3356 3291 octo
3388 3233 3756 3296 beatitudines,
3799 3232 3853 3286 in
3880 3229 3998 3300 qui-

756 3327 840 3371 tes
864 3333 984 3370 mus
1007 3317 1244 3370 decimus
1275 3323 1497 3368 octavus
1526 3313 1714 3382 viginti
1747 3314 1954 3368 dualus
1984 3314 2220 3384 periodis
2255 3315 2337 3370 di-

756 3407 1051 3466 videretur,
1077 3420 1302 3473 quorum
1332 3403 1523 3474 singuli
1557 3418 1679 3458 ueto
1703 3404 1964 3457 haberent
1992 3403 2210 3458 versus?
2231 3402 2337 3456 Aut

755 3493 884 3564 quid
908 3494 1129 3550 rationis
1151 3493 1240 3556 sit,
1269 3493 1572 3562 quindecim
1593 3507 1710 3546 esse
1739 3482 1991 3561 psalmos,
2009 3492 2337 3568 quica‘ntico

757 3590 1018 3656 graduum
1044 3587 1200 3640 titulo
1232 3584 1723 3656 ptassiguarentur?
1758 3583 2105 3639 Notissimum
2140 3586 2338 3654 quippe

752 3683 853 3732 est.
882 3675 934 3726 in
956 3684 1142 3729 sancta
1168 3674 1445 3742 Scriptura
1464 3688 1710 3743 magnam
1733 3673 1932 3726 habere
1955 3670 2344 3741 perfectionem

756 3771 1120 3838 septenarium
1153 3769 1204 3822 in
1247 3767 1637 3837 significatione
1675 3766 1872 3834 ubique
1916 3778 2218 3829 numerum,
2254 3763 2336 3819 vel

755 3875 821 3914 cs
869 3876 937 3914 eo
979 3862 1230 3924 maxime,
1263 3861 1404 3929 quod
1433 3861 1604 3914 sancti
1650 3857 1885 3928 Spiritus
1913 3859 2073 3922 dona,
2103 3857 2335 3928 prophe-

755 3952 847 4008 tali
876 3951 1201 4013 deﬁnitione,
1233 3951 1286 4004 in
1318 3949 1536 4005 Christo
1562 3963 1702 4009 esse,
1731 3949 1798 4003 ab
1819 3947 1952 4002 Isaia
1973 3933 2183 4002 surumo
2208 3961 2335 4015 pro-

754 4045 1040 4112 phetarum
1066 4044 1266 4095 dictum
1319 4041 1446 4101 Ms.,
1472 4037 1808 4110 prmdictum]
1831 4047 1934 4100 est,
1969 4038 2058 4090 ubi
2085 4037 2224 4092 idem
2255 4051 2338 4092 sc-
2371 4051 2377 4058 '

755 4145 1025 4191 crctorum
1057 4134 1267 4189 Domini
1315 4133 1563 4189 conscius
1591 4131 1668 4186 ait
1700 4145 1714 4184 :
1744 4129 2059 4201 Egredietur
2083 4129 2226 4198 virga
2273 4128 2337 4182 de

756 4229 931 4282 radice
978 4226 1146 4290 Jesse,
1169 4235 1217 4280 et
1241 4227 1338 4294 [los
1364 4224 1428 4278 de
1457 4222 1632 4277 radice
1681 4222 1795 4291 ejus
1824 4221 2066 4274 ascendet
2110 4234 2128 4279 ξ
2165 4228 2219 4274 et
2258 4235 2340 4272 re-

751 4321 974 4388 quiescet
1003 4335 1158 4387 snper
1179 4334 1293 4370 eum
1323 4317 1538 4385 spiritus
1576 4313 1807 4376 Domini,
1833 4313 2045 4381 spiritus
2066 4312 2338 4376 sapientia

753 4420 800 4462 et
849 4408 1154 4466 intellectus.
1193 4409 1407 4478 spiritus
1450 4405 1654 4460 consilii
1681 4415 1728 4458 et
1753 4389 2100 4474 fortitudinis,
2123 4403 2336 4470 spiritus

755 4502 981 4556 scientia'
995 4511 1042 4555 et
1065 4501 1295 4570 pietatis.
1319 4510 1366 4553 ct
1388 4498 1598 4568 replebit
1622 4514 1738 4550 eum
1764 4496 2202 4566 spiritusttmoris
2227 4493 2335 4549 Do-

755 4596 882 4647 mini
915 4594 1066 4663 (lsai.
1099 4609 1171 4655 xi,
1202 4593 1279 4646 2t.
1304 4593 1420 4660 Ipse
1457 4606 1670 4661 quoque
1711 4591 1966 4644 Dominus
1998 4599 2202 4659 septem
2234 4605 2333 4644 nos
2364 4574 2405 4628 ί)

754 4685 1018 4754 petitioni'
1043 4700 1105 4739 us
1146 4683 1436 4740 informare
1466 4682 1632 4736 voluit
1673 4680 1886 4752 (Matth.
1934 4697 2006 4741 vt,
2038 4682 2124 4753 9);
2173 4688 2227 4735 et
2280 4681 2334 4733 in

754 4777 1073 4846 Apocalypsi
1100 4774 1321 4831 Joannis
1349 4778 1415 4845 (ι,
1444 4774 1498 4838 ι,
1531 4775 1617 4838 l3,
1650 4773 1734 4841 l6)
1766 4782 1970 4842 septem
2014 4772 2335 4829 candelabra

757 4867 987 4928 vidisse;
1013 4875 1326 4934 septemque
1352 4867 1556 4928 stellas,
1595 4881 1658 4920 ac
1708 4875 1913 4936 septem
1955 4880 2015 4920 se
2055 4866 2338 4938 scripsisse

759 4956 1013 5012 Ecclesiis
1058 4964 1300 5015 testatur.
1350 4966 1404 5010 et
1446 4956 1610 5009 multa
1663 4957 1765 5010 alia
1809 4957 2035 5026 sparsim
2063 4957 2116 5011 in
2143 4958 2338 5013 divinis

761 5050 1102 5128 repetiuntur
1127 5049 1296 5110 libris.
1321 5065 1440 5119 quae
1467 5048 1753 5118 septenarii
1802 5049 2008 5104 numeri
2049 5049 2336 5118 perfectio-

763 5163 1022 5218 adnotare
1045 5165 1186 5218 esset
1213 5161 1632 5216 inutilissimum.
1665 5161 1721 5215 lu
1745 5176 1810 5216 eo
1831 5161 2014 5216 codice
2060 5162 2174 5216 brec
2199 5163 2336 5218 scri-

768 5243 856 5303 pta
886 5239 1042 5303 erant
1066 5251 1077 5284 :
1097 5231 1247 5303 _Voto
1293 5233 1440 5285 bonae
1483 5235 1748 5285 memoria
1775 5231 2088 5303 _Mranuom's
2109 5231 2237 5286 liber
2269 5235 2340 5288 ad

766 5301 1057 5371 sepu'crum
1083 5301 1141 5372 Si.
1174 5303 1410 5372 Augendi
1453 5303 1674 5356 oblatus.
1716 5322 1734 5353 ι
1773 5301 1896 5356 Fuit
1925 5316 2052 5372 ergo
2078 5302 2211 5356 liher
2239 5303 2338 5359 iste

769 5370 1080 5427 monasterii
1111 5371 1167 5426 S.
1208 5370 1444 5442 Augendi
1477 5373 1632 5434 vulgo
1663 5373 1896 5442 Eugenli
1929 5370 2339 5430 indurensibus

771 5442 921 5505 locis,
949 5443 1090 5509 quod
1122 5444 1279 5496 modo
1302 5442 1362 5497 Β.
1401 5442 1604 5497 Claudii
1638 5443 1833 5497 dicitur
1860 5451 1915 5497 et
1948 5442 2159 5509 quidem
2190 5442 2339 5496 obla-

769 5520 855 5565 tus
880 5527 909 5564 a
934 5511 1214 5576 Mauuone,
1239 5512 1476 5580 ejusdem
1503 5512 1729 5568 emnohii
1765 5513 2070 5619 pl‘ﬂ’gOSllO,
2100 5514 2176 5568 ait
2223 5511 2334 5567 Ma-

769 5581 860 5619 ΜΙΙ
920 5582 1083 5619 Annal
1131 5596 1238 5619 Insn
1290 5582 1328 5619 11
1375 5581 1446 5619 Iih
1500 5598 1649 5619 vvvn
1701 5596 1803 5619 non
1844 5583 1877 5619 Β
1915 5584 1948 5619 α

769 5581 882 5634 bill.
912 5582 1103 5652 Annal.
1131 5596 1259 5637 tom.
1289 5582 1352 5645 ll,
1375 5581 1467 5635 lib.
1500 5598 1675 5646 vxxtt,
1701 5581 1823 5652 pag.
1844 5581 1967 5638 629.

840 5663 866 5691 ⁸
908 5651 1180 5707 Lectitanti
1210 5653 1348 5724 apud
1381 5652 1668 5724 Acberiutn
1724 5653 1952 5724 habetur
1975 5671 1987 5706 :
2013 5651 2227 5724 Librum
2248 5652 2337 5706 de-

767 5720 1172 5801 Iidameﬂuod
1213 5720 1515 5801 portentum
1544 5722 2065 5801 Acheriumlinquit
2111 5721 2337 5801 novissi-

771 5805 890 5844 mus
909 5789 1174 5863 Spicilegii
1203 5789 1398 5860 editor)
1420 5794 1490 5848 ita
1519 5792 1712 5849 terruit
1736 5833 1748 5852 .
1802 5789 1946 5863 utin
1970 5789 1980 5791 “
2001 5792 2118 5860 ejus
2152 5792 2334 5863 locum

771 5861 963 5930 puncta
991 5861 1234 5924 ediderit,
1267 5864 1461 5931 quibus
1509 5865 1764 5917 indiceret
1809 5861 1896 5915 hic
1927 5862 2162 5916 nonnihil
2217 5879 2334 5916 eSse

2437 3332 2539 3386 bus
2592 3331 2838 3399 legalium
2879 3339 3090 3384 constat
3116 3343 3232 3382 esse
3278 3325 3534 3396 perfectio
3562 3333 3994 3394 pnuceptorum:

2438 3425 2549 3478 sive
2576 3432 2794 3493 propter
2823 3430 3066 3487 octavam
3116 3417 3541 3480 circumcisionis
3587 3417 3747 3474 diem.
3799 3428 3917 3483 qua:
3948 3413 4000 3467 in

2435 3528 2576 3567 novo
2600 3514 2812 3566 homine
2848 3511 3289 3580 exspoliationem
3317 3507 3608 3563 carnalium
3639 3504 3879 3575 designat
3904 3517 4000 3559 vo-

2436 3603 2696 3672 luptatum
2730 3621 2743 3654 :
2783 3600 2933 3669 cujus
2961 3602 3150 3670 psalmi
3179 3615 3366 3655 versus
3405 3608 3527 3654 sunt
3550 3597 3709 3652 simul
3731 3594 4003 3667 aggrcgati

2436 3693 2519 3748 bis
2569 3709 2828 3756 Lxxxvm,
2885 3691 3036 3761 quasi
3090 3706 3187 3760 per
3215 3690 3396 3744 decem
3436 3687 3620 3758 legalia
3651 3695 3912 3757 praecepta
3935 3681 4003 3742 ad

2433 3796 2556 3841 octo
2583 3784 2902 3855 evangelie'e
2952 3781 3294 3853 perfectionis
3347 3779 3702 3849 beatitudiues
3741 3791 4002 3834 ascensus

2435 3882 2752 3943 putesceret.
2807 3874 2959 3929 Unde
3011 3874 3142 3928 mihi
3187 3873 3346 3927 modo
3398 3873 3546 3927 locus
3592 3878 3735 3926 esset
3782 3871 4004 3927 idoneus

2436 3964 2737 4033 disputandi
2763 3964 2826 4018 de
2848 3963 3078 4018 mirabili
3123 3978 3468 4019 numerorum
3510 3963 3854 4032 congruentia
3880 3977 4003 4016 cum

2436 4055 2627 4111 salutis
2650 4064 2847 4111 nostrze
2873 4051 3170 4125 mysteriis,
3221 4053 3269 4110 si
3310 4053 3438 4114 alibi
3480 4053 3654 4109 oratio
3694 4057 3801 4107 non
3830 4051 4004 4107 inten-

2437 4147 2605 4201 deret.

2507 4235 2668 4308 3M
2698 4236 2958 4291 Similiter
2975 4251 3103 4293 vero
3120 4245 3176 4295 et
3205 4237 3270 4294 de
3290 4235 3510 4306 psalmis
3545 4238 3801 4305 graduum
3848 4237 4007 4307 quin-

2437 4329 2610 4385 decim
2668 4327 3064 4399 pulcherrimus
3122 4327 3453 4383 ascensionis
3509 4327 3642 4382 ordo
3697 4326 4006 4396 designatur

2439 4435 2610 4490 usque
2635 4420 2702 4474 ad
2745 4419 3103 4484 cmnaculum,
3151 4419 3205 4474 in
3249 4435 3357 4488 quo
3409 4418 3638 4488 Spiritus
3680 4428 3898 4474 sanctus
3947 4418 4005 4474 in

2438 4512 2608 4581 igneis
2637 4511 2833 4583 linguis
2874 4527 2994 4565 cum
3023 4498 3295 4568 ﬂammatu
3340 4507 3667 4584 [Ms.,tlatu]
3703 4508 4006 4565 vehementi

2434 4618 2595 4671 super
2619 4605 2834 4657 nomina
2862 4603 3100 4676 virorum
3125 4588 3338 4657 centum
3371 4601 3557 4671 viginti
3600 4609 3838 4656 venerat.
3865 4600 4006 4668 Ergo

2434 4693 2476 4746 si
2520 4702 2831 4762 computare
2881 4693 2910 4732 δ
2957 4693 3180 4762 incipies
3221 4692 3459 4762 singulos
3502 4707 3753 4747 numeros
3791 4691 3859 4746 ab
3901 4705 4006 4746 uno

2434 4797 2606 4851 usque
2648 4784 2714 4837 ad
2759 4782 3089 4853 quindecim,
3116 4792 3172 4835 et
3198 4798 3412 4836 omnem
3453 4796 3712 4838 summam
3743 4798 3926 4839 eorum
3951 4784 4004 4839 in

2417 4888 2598 4927 unum
2626 4873 2975 4944 congregabis
3032 4874 3332 4939 cumulum,
3384 4885 3598 4931 centum
3628 4875 3812 4946 viginti
3857 4891 4006 4946 repe—

2437 4965 2564 5030 ries,
2589 4964 2640 5020 id
2669 4973 2773 5027 est,
2805 4965 2873 5020 de
2899 4974 2982 5018 ter
3008 4966 3188 5036 quinis
3211 4975 3293 5022 ter
3315 4968 3684 5039 quadragenos
3710 4966 3886 5030 nasci;
3912 4982 4007 5020 nu-

2436 5071 2643 5111 merum
2673 5056 2942 5122 videlieet,
2963 5058 3014 5111 in
3034 5073 3142 5127 quo
3165 5058 3371 5130 Moyses
3390 5057 3685 5128 jejunando
3707 5056 3874 5127 legem
3901 5070 4008 5110 me»

2435 5165 2572 5222 vitii.
2599 5166 2741 5222 Idem
2769 5182 2895 5222 vero
2921 5167 3095 5222 editor
3133 5167 3220 5223 ille
3249 5169 3540 5229 existimat,
3569 5165 3684 5220 loco
3737 5164 4007 5220 delictum:
4061 5203 4068 5216 .

2438 5236 2716 5304 legendum
2756 5253 2876 5292 esse
2896 5237 3194 5303 delectanti,
3225 5253 3288 5292 eo
3327 5253 3411 5290 em
3448 5237 3699 5290 nimirum
3723 5248 3880 5292 sensa
3903 5251 4007 5301 quo

2437 5308 2660 5361 verbum
2708 5307 2962 5377 delectare
3009 5309 3268 5377 arripitur
3319 5308 3372 5361 in
3436 5307 3744 5377 narratione
3795 5305 4003 5377 Transi.

2437 5390 2720 5448 corporum
2751 5375 2849 5431 SS.
2889 5375 3209 5448 Ragnoberti
3235 5384 3289 5448 e_t
3317 5377 3545 5448 Zenonis
3566 5391 3683 5444 cap.
3712 5375 3766 5448 5ὲ
3788 5382 3918 5448 tom_.
3941 5375 4006 5439 ll,

2439 5443 2622 5514 Spicil.
2654 5446 2708 5500 lu
2745 5443 2994 5519 utroque
3013 5450 3202 5519 codice
3244 5443 4004 5519 SalisburgensietSun-Em:

2438 5513 2756 5586 meramensi
2793 5513 3037 5576 habetur.
3067 5518 3399 5572 Lectitantcm
3419 5558 3432 5576 .
3487 5513 3628 5586 Quod
3651 5515 3868 5569 dubium
3897 5513 4006 5570 nul-

2440 5585 2546 5657 lum
2584 5587 2835 5657 relinquit
2866 5588 3142 5657 legendum
3169 5602 3286 5641 esse
3311 5585 3600 5657 Lectitanti.

2511 5655 2668 5726 bVSic
2713 5652 2946 5726 rescitui't
2991 5671 3056 5712 ex
3090 5657 3300 5726 ingenio
3329 5655 3602 5720 Baluzius;
3655 5669 3778 5726 nam
3805 5655 3859 5726 in
3886 5652 4002 5708 eod.

2531 5723 2765 5806 Claudii,
2788 5728 3006 5798 perinde
3036 5726 3098 5781 ac
3127 5723 3179 5782 in
3225 5728 3388 5798 priori
3417 5726 3666 5789 editione,
3694 5723 3968 5796 legebatur
3987 5763 4000 5783 .

2438 5799 2565 5847 sicut
2583 5799 2772 5863 putari.
