4428 6404
437 408 543 465 5⁸ἴό

1022 404 1427 461 ΕΧΕΕΕΤΙΩΔ.
1466 431 1540 446 --
1568 401 1929 459 EXPOSITIO
1963 402 2031 458 ΙΝ
2067 402 2259 458 PSAL.
2294 401 2771 458 ιωητεκτιιλι

1329 404 1427 461 ΕΔ.
1466 431 1540 446 --
1568 401 1929 459 EXPOSlTIO
1963 402 2031 458 IN
2067 402 2259 458 PSAL.
2294 401 2891 467 PGNTENTIALES,
2928 402 3078 458 ετο.

3557 404 3661 463 876

438 518 551 600 ruit
594 515 852 587 recipere,
902 513 984 569 vel
1014 512 1157 569 Elias
1179 512 1476 591 prophetali
1518 512 1712 583 spiritu
1735 510 1997 569 exaltatus
2022 514 2073 575 Α
2168 511 2349 595 Mundi
2392 521 2517 568 sunt
2538 512 2786 569 videlicet
2812 513 2994 579 corde,
3039 528 3176 583 quos
3200 513 3349 569 nulla
3375 515 3665 586 cujuslibet

435 606 661 680 αις,νά
683 607 846 662 etiam
876 604 986 676 ipse
1034 604 1289 661 Dominus
1338 612 1523 660 noster
1561 603 1731 673 lesus;
1755 602 2002 662 Christus

436 706 561 771 ναι
596 696 858 769 ieiunium
883 694 1239 775 quadraginta
1278 693 1487 771 dierum
1535 702 1854 775 tentatorem
1881 692 1998 763 κιο-γ

438 787 586 863 riose
602 787 734 864 vicit
757 785 1070 855 malignum.
1452 838 1455 841 η
1570 842 1573 847 ἱ
1834 828 1845 847 η.

507 874 607 933 Bis
624 876 872 949 omnibus
898 874 1269 947 consideratis,
1309 884 1511 945 quanta
1539 875 1611 931 sit
1652 889 1999 942 numerorum

431 956 833 1026 excellentiam
873 968 1068 1024 divinis
1114 952 1429 1038 Scriptus-is,
1481 975 1539 1022 et
1563 983 1723 1038 quam
1752 982 1999 1028 necessa-

438 1063 581 1118 rium
634 1061 708 1117 sit
747 1075 842 1117 eas
893 1059 1192 1131 legentibus
1243 1059 1454 1115 illorum
1499 1074 1657 1115 nosse
1697 1059 1996 1125 scientiam,

433 1149 718 1227 perspicue
765 1155 953 1221 patet:
981 1164 1080 1223 per
1117 1163 1253 1218 quos
1296 1148 1456 1203 etiam
1498 1147 1812 1225 saeculorum
1836 1208 1845 1226 ‘
1867 1149 2001 1203 ordo

435 1217 694 1304 decurrit,
716 1217 998 1298 ctuosa-te
1015 1217 1295 1293 vitmiratio
1320 1217 1551 1317 constat.
1570 1222 1798 1298 'Undein
1815 1217 2009 1297 sancta

432 1326 715 1401 scriptura
763 1328 978 1400 legitur,
1027 1328 1311 1385 Dominum
1367 1327 1678 1393 Creatorem
1722 1331 1901 1385 omnia
1945 1331 2000 1385 in

430 1406 682 1488 numero,
711 1420 967 1492 pondere,
997 1428 1051 1473 et
1082 1432 1349 1486 mensura
1377 1417 1567 1475 fecisse
1594 1418 1745 1491 (Sep.
1777 1436 1855 1485 ai,
1884 1419 1996 1492 2|).
2044 1490 2045 1493 η

430 1510 696 1580 Quocirca
747 1508 830 1564 fas
880 1522 998 1564 esse
1046 1508 1279 1575 videtur,
1333 1516 1573 1564 sanctam
1626 1509 1998 1565 auctoritatem

429 1610 670 1657 vestram
692 1599 917 1671 juvenes
961 1598 1232 1659 exhortari
1284 1598 1609 1670 ingeniosos,
1640 1598 1693 1652 in
1726 1597 1919 1655 talibus
1943 1613 2001 1654 se

430 1707 689 1748 exercere
702 1691 893 1746 studiis
907 1689 1115 1746 discant
1136 1689 1388 1750 ferventia
1414 1690 1588 1745 aatatis
1611 1690 1825 1761 ingenio
1845 1688 1972 1762 lla.
1984 1729 1999 1755 ,

429 1780 659 1837 ferventi
687 1780 862 1834 aetatis
881 1776 1138 1851 ingenio],
1166 1786 1226 1833 ut
1248 1779 1481 1839 habeant
1501 1788 1710 1834 maturo
1737 1794 2000 1834 annorum

429 1879 675 1939 tempore
720 1866 849 1937 quid
900 1852 1129 1921 docea'nt
1179 1866 1468 1938 discipulos
1521 1882 1677 1933 suos;
1734 1874 1997 1938 quatenus

430 1971 611 2019 vestra
635 1962 923 2018 sanctitate
965 1960 1244 2030 diligenter
1259 1959 1581 2029 praedicante
1611 1957 1826 2026 plurimi
1869 1973 1997 2012 eru-

431 2052 651 2109 diantur
671 2052 726 2105 in
753 2050 871 2121 lege
894 2049 1122 2104 Domini.
1146 2047 1452 2103 Sacerdotis
1467 2047 1662 2115 quippe
1690 2054 1773 2101 est
1800 2061 1864 2101 ex
1888 2046 1999 2123 alto

426 2140 679 2198 culminis
724 2138 938 2210 fastigio
985 2138 1277 2209 praedicare
1320 2135 1476 2209 [Ms.,
1522 2134 1838 2208 pnevidere]
1867 2136 1996 2206 quid

426 2232 515 2287 cui
539 2232 823 2287 conveniat
851 2246 1112 2300 personae,
1144 2230 1339 2300 quibus
1366 2229 1581 2299 pascuis
1626 2227 1831 2283 nutriat
1873 2242 1995 2297 gre-

427 2338 549 2395 gem
580 2323 683 2378 sibi
733 2323 1099 2387 commissum,
1148 2336 1216 2377 ne
1256 2320 1391 2376 forte
1433 2319 1682 2391 qumlibct
1726 2303 1792 2375 es
1839 2335 1998 2391 grege

427 2412 643 2469 oricula
696 2427 902 2475 errans,
948 2412 1176 2480 pastoris
1224 2397 1542 2481 negligentia
1582 2410 1775 2479 lupinis
1818 2420 1999 2479 pateat

425 2505 729 2581 morsibus.
777 2503 1149 2573 Unusquisque
1201 2502 1445 2573 equidem
1493 2502 1681 2557 doctor
1730 2503 1995 2557 rationein

427 2604 666 2667 accepta:
709 2594 951 2665 pecuniae
996 2592 1302 2648 redditurus
1356 2600 1439 2647 est
1482 2592 1698 2647 domino
1743 2608 1856 2654 suo,
1897 2608 1998 2647 nec

426 2703 654 2761 parvum
677 2688 776 2741 sibi
802 2686 1053 2758 quislibet
1078 2685 1455 2757 pastorfirgat
1496 2685 1548 2739 in
1599 2686 1777 2739 animo
1822 2685 1998 2741 immi-

426 2795 557 2836 nere
580 2780 899 2849 periculum,
934 2777 1098 2833 multa
1130 2776 1293 2830 millia
1321 2775 1620 2831 animarum
1650 2778 1702 2831 in
1732 2777 1996 2831 rationem

425 2871 621 2928 animm
646 2870 946 2941 suscepisse
976 2886 1084 2925 sua:
1112 2888 1125 2924 :
1155 2860 1360 2925 laboret
1384 2867 1620 2924 studiose
1642 2868 1695 2923 in
1717 2868 1876 2923 domo
1900 2868 1993 2922 Dei

384 2998 387 2999 ν
426 2965 621 3019 doctor
640 2965 831 3029 bonus,
854 2970 913 3017 ut
938 2972 1207 3019 mereatur
1233 2962 1459 3034 gloriose
1480 2961 1728 3017 enronari
1754 2962 1805 3015 in
1831 2974 1995 3032 regno

424 3056 526 3112 Dei
556 3071 572 3111 :
607 3065 817 3125 tempus
844 3056 1025 3126 itaque
1054 3048 1251 3109 laboris
1274 3055 1497 3109 transiet
1522 3054 1650 3118 cito,
1674 3055 1844 3109 beata:
1868 3068 1994 3108 vero

425 3150 805 3208 retributionis
830 3164 1099 3218 nunquam
1132 3148 1365 3202 finietur.
1407 3147 1462 3199 Si
1494 3146 1635 3200 enim
1664 3145 1892 3200 feliciter
1916 3146 1994 3199 vi—

424 3261 556 3317 vere
584 3258 903 3313 quaeramus,
941 3243 1066 3296 illnc
1091 3241 1269 3296 animo
1312 3240 1594 3294 tendamus
1620 3238 1708 3292 ubi
1758 3252 1882 3297 vera
1916 3246 1997 3292 est

423 3334 674 3397 felicitas,
706 3333 774 3388 ad
802 3348 959 3402 quam
989 3348 1094 3387 non
1123 3332 1223 3385 nisi
1256 3330 1516 3385 charitate
1550 3327 1796 3384 suffultus
1841 3342 1998 3383 nemo

420 3425 707 3498 pervenire
738 3425 952 3492 poterit,
981 3439 1099 3491 quae
1124 3438 1222 3481 nos
1262 3423 1327 3476 de
1354 3420 1581 3476 terrenis
1611 3420 1761 3473 tollat
1791 3420 1857 3475 ad
1891 3434 1999 3474 ca:-

421 3514 603 3569 lestia.
634 3512 777 3566 Nihil
804 3512 999 3579 srcpins
1024 3511 1079 3565 in
1098 3505 1205 3565 hac
1234 3512 1342 3564 vita
1374 3520 1572 3564 nostra:
1612 3509 1998 3578 peregrinatio-

421 3605 508 3658 nis
533 3602 716 3656 auimo
754 3600 1092 3662 meditemur,
1144 3600 1247 3653 nisi
1296 3600 1525 3667 qualiter
1572 3598 1916 3667 Redemptori
1944 3606 1997 3651 et

420 3695 597 3751 Judiei
648 3702 836 3749 nostro
875 3693 1203 3763 placeamus,
1248 3692 1480 3745 scientes
1505 3693 1645 3760 quod
1674 3692 1761 3745 hic
1786 3706 1997 3758 semper

422 3801 531 3840 non
561 3786 783 3848 erimus,
814 3782 905 3839 sed
934 3783 985 3837 in
1014 3783 1117 3837 alia
1147 3780 1374 3852 quadam
1404 3781 1510 3835 vita
1535 3796 1743 3850 semper
1770 3780 1990 3833 erimus.

423 3873 597 3940 Quam
631 3873 794 3927 miser
824 3880 927 3935 est,
959 3872 1049 3941 qui
1074 3872 1139 3925 de
1163 3872 1320 3942 hujus
1342 3871 1687 3925 mortalitatis
1710 3870 1907 3933 labore,
1940 3871 1992 3924 in

428 3965 687 4033 majorem
718 3962 1057 4017 mortalitatis
1082 3960 1233 4033 [Ms.,
1268 3960 1686 4030 inmortalitatis]
1719 3960 1993 4031 perveniet

421 4058 690 4117 laborem;
712 4062 769 4109 et
782 4068 941 4123 quam
957 4051 1079 4107 felix
1105 4062 1205 4116 est,
1231 4051 1322 4121 qui
1351 4053 1415 4106 de
1434 4053 1535 4106 hoc
1556 4052 1739 4106 labore
1767 4051 1993 4105 transiet

423 4148 476 4200 in
512 4146 776 4216 requiem,
803 4144 955 4215 cujus
982 4142 1159 4197 nullus
1189 4143 1292 4197 erit
1320 4156 1555 4210 unquam
1592 4140 1730 4195 linis.
1764 4140 1991 4194 Proinde

420 4253 527 4293 non
558 4236 898 4292 transitorias
918 4249 1159 4290 amemus
1199 4234 1434 4297 divitias,
1483 4234 1576 4288 sed
1625 4248 1834 4303 semper
1880 4247 1992 4286 ma-

420 4334 629 4383 nentes.
662 4326 917 4381 Dominus
945 4325 1099 4381 Jesus
1140 4340 1245 4379 non
1286 4324 1441 4379 nobis
1489 4324 1735 4394 promisit
1763 4325 1990 4379 honores

418 4431 782 4484 transeuntes,
813 4418 905 4475 sed
939 4425 1251 4487 perpetuos;
1293 4432 1399 4471 non
1451 4416 1673 4486 gloriam
1699 4424 1985 4479 terrenam,

2099 602 2316 659 malitia:
2361 602 2570 659 macula
2610 603 2930 668 conturbat,
2972 604 3067 675 qui
3111 612 3258 659 casta
3288 616 3465 682 mente
3493 607 3664 666 Dmm

2098 692 2327 783 laudare
2347 693 2658 783 omlestibus
2681 693 2897 767 hymnis
2916 701 3251 783 assuescant.
3279 694 3345 751 Hi
3370 680 3666 767 angelicam

2098 780 2153 840 in
2176 782 2339 866 terris
2363 780 2529 854 agunt
2550 784 2736 846 vitam,
2757 784 2851 855 q'ui
2888 784 2943 839 in
2995 783 3089 841 Dei
3128 782 3373 857 laudibus
3396 786 3666 860 laetantur,

2096 882 2152 931 et
2177 874 2487 946 psalmodia:
2507 889 2644 945 puro
2666 867 2829 930 corde
2855 871 3209 947 delectantur.
3256 875 3443 934 Nullus
3468 887 3668 935 morta-

2098 963 2227 1041 lium
2255 964 2510 1047 virtutem
2528 963 2869 1035 psalmorum
2891 963 3124 1035 pleuiter
3154 963 3426 1044 explicare
3448 968 3666 1036 poterit,

2096 1058 2154 1113 In
2181 1058 2267 1115 his
2287 1052 2653 1114 confessiones
2670 1065 3037 1127 peccatorum,
3083 1057 3137 1114 in
3163 1056 3249 1113 his
3276 1060 3673 1131 penitentiales

2095 1147 2346 1219 lacrymte
2382 1148 2702 1211 excitantur,
2745 1148 2799 1202 in
2827 1147 2913 1203 his
2940 1134 3284 1218 compunctio
3309 1150 3489 1207 cordis
3514 1165 3671 1206 reno-

2097 1246 2271 1302 vatur,
2296 1253 2421 1294 nam
2449 1246 2594 1294 totus
2610 1236 2945 1294 Psalmorum
2972 1237 3110 1311 liber
3133 1224 3441 1295 cmlestibns
3465 1241 3672 1297 redolet

2098 1327 2387 1399 mysteriis,
2418 1327 2747 1397 spiritalibus
2772 1326 3009 1383 abundat
3025 1314 3326 1398 pmecptis,
3358 1312 3553 1383 divinis
3579 1343 3666 1383 re-

2095 1416 2271 1486 pletus
2290 1424 2374 1472 est
2392 1415 2657 1472 laudibus.
2675 1400 2990 1485 Quicunque
3010 1414 3246 1486 psalmos
3270 1415 3472 1471 intenta
3488 1423 3668 1472 mente

2097 1506 2405 1580 decantare,
2437 1515 2494 1561 et
2520 1506 2754 1561 scrutari
2780 1505 2985 1569 didicit,
3016 1505 3252 1560 inveniet
3274 1506 3327 1561 in
3353 1506 3432 1562 eis
3455 1519 3669 1563 omnem

2096 1595 2283 1650 salutis
2307 1603 2506 1651 nostra:
2532 1595 2984 1665 dispensationem
3013 1590 3347 1665 praedictam,
3370 1595 3538 1651 miras
3555 1609 3669 1653 cm-

2098 1684 2307 1741 lestium
2326 1684 2690 1759 jucunditates
2712 1684 3048 1755 gaudiorum.
3230 1676 3257 1697 ⁷³
3368 1678 3369 1681 “

2166 1777 2325 1851 345
2353 1776 2611 1840 Proinde,
2652 1777 2989 1833 sanctissime
3016 1775 3193 1841 Pater,
3217 1776 3441 1832 hortare
3469 1774 3665 1833 fratres

2027 1852 2073 1910 Β
2100 1878 2337 1932 sanctos,
2359 1882 2545 1922 eorum
2587 1866 2868 1939 diligenter
2897 1867 3164 1923 discutere
3203 1864 3343 1940 [κε.
3363 1906 3381 1931 ,
3424 1863 3667 1939 discere]

2097 1954 2315 2023 sensus;
2372 1968 2432 2011 ut
2456 1958 2627 2013 sciant
2661 1953 2721 2011 'et
2769 1955 3071 2028 intelligant
3116 1954 3279 2012 corde
3319 1954 3448 2025 quid
3476 1969 3571 2011 ore
3611 1962 3670 2013 et
3770 2004 3773 2007 ,

2094 2048 2275 2121 lingua
2311 2057 2578 2110 resonent,
2607 2048 2899 2118 apostolico
2928 2047 3117 2103 imbuti
3148 2046 3392 2118 exemplo
3417 2086 3434 2114 ,
3483 2046 3574 2118 qui
3602 2047 3669 2103 de

2094 2140 2271 2211 seipse
2288 2139 2491 2195 dixisse
2528 2137 2761 2209 legitur:
2790 2138 3025 2193 Psallam
3072 2138 3260 2209 spiritu
3284 2178 3301 2202 ,
3345 2135 3568 2209 psallens
3616 2146 3669 2192 et

2096 2239 2262 2284 mente
2286 2245 2305 2282 :
2334 2229 2493 2283 orabo
2518 2215 2899 2299 sp?rita,‘orabo
2922 2237 2971 2281 et
2993 2237 3160 2282 mente
3182 2226 3237 2290 (Ι
3263 2225 3385 2281 Cor.
3410 2242 3524 2293 atv,
3558 2224 3665 2301 l5).

2097 2319 2270 2373 Verba
2295 2317 2557 2387 siquidem
2586 2317 2855 2373 cantantis
2883 2331 3037 2372 mens
3064 2316 3353 2372 meditetur
3371 2316 3672 2387 inteiligen-

2097 2410 2167 2464 tis
2197 2409 2395 2481 [Edit.,
2429 2408 2839 2481 intelligentes],
2874 2408 2997 2479 quia
3022 2408 3247 2464 Domino
3270 2395 3551 2478 patescunt
3574 2422 3667 2464 co-

2095 2500 2381 2569 gitationes
2399 2500 2754 2570 singulorum,
2784 2501 2873 2569 qui
2902 2515 2998 2555 cor
3016 2499 3305 2555 contritum
3332 2506 3388 2554 et
3415 2497 3665 2553 humilia-

2098 2599 2208 2645 tum
2233 2590 2285 2647 in
2311 2604 2469 2661 prece
2510 2590 2576 2644 ad
2602 2606 2659 2644 se
2686 2590 3030 2645 clamantium
3060 2605 3164 2644 non
3211 2572 3439 2660 spernit.
3480 2587 3665 2659 Siqui-

2096 2680 2215 2735 dem
2240 2679 2403 2752 [Ms.,
2432 2678 2602 2753 sicut]
2633 2680 2850 2751 quidam
2891 2679 3209 2750 sapientium
3258 2679 3333 2733 ait
3362 2676 3667 2749 [humiliati

2095 2785 2281 2839 preces
2294 2770 2490 2829 emtum
2511 2770 2803 2825 ascendunt
2820 2768 2863 2841 ]'.
2896 2769 3206 2824 Hutnilitate
3226 2777 3281 2822 et
3303 2766 3666 2824 misericordia

2096 2859 2295 2915 Christi
2316 2858 2501 2913 sulvati
2528 2873 2735 2923 sumus,
2764 2859 2853 2929 qui
2887 2862 2963 2913 ait
2986 2877 3000 2912 :
3033 2858 3227 2912 Discite
3256 2876 3289 2911 a
3317 2874 3399 2911 me
3418 2857 3540 2928 quia
3566 2856 3666 2909 mi—

2095 2957 2161 3011 tis
2185 2972 2300 3009 sum
2320 2964 2367 3009 et
2394 2954 2606 3009 humilis
2640 2954 2813 3019 corde,
2831 2964 2878 3007 et
2896 2954 3165 3009 invenietis
3198 2952 3420 3019 requiem
3464 2938 3668 3005 anima—

2097 3045 2189 3100 bus
2214 3046 2389 3100 vestris
2417 3044 2628 3115 (Matth.
2657 3062 2733 3108 xi,
2759 3044 2872 3113 ‘29).
2906 3043 3005 3111 Qui
3042 3042 3461 3115 misericordiam
3497 3040 3625 3096 facit
3645 3081 3665 3107 ,

2098 3138 2440 3193 miserebitur
2473 3137 2615 3192 illius
2644 3137 2799 3200 Deus,
2824 3138 2938 3206 ipso
2960 3135 3186 3190 Domino
3211 3134 3455 3189 dicente:
3490 3131 3668 3188 Estots

2098 3228 2475 3291 misericordes,
2502 3229 2631 3281 sicut
2656 3236 2705 3279 et
2749 3225 2907 3280 Pater
2931 3235 3093 3280 vester
3127 3223 3344 3278 caelestis
3376 3223 3669 3277 misericors

2095 3329 2167 3370 est
2196 3316 2344 3386 (Luc.
2376 3332 2448 3379 vt,
2476 3317 2587 3384 56).
2608 3316 2786 3383 imago
2813 3316 2929 3379 Dei,
2957 3316 3023 3369 ad
3047 3330 3206 3383 quam
3237 3314 3591 3369 rcformamur
3609 3312 3666 3366 in

2096 3394 2295 3472 mente,
2330 3410 2381 3462 in
2427 3407 2803 3477 misericordia:
2829 3406 3058 3460 maxime
3105 3414 3212 3460 stat
3254 3403 3534 3473 operibus,
3563 3415 3666 3471 pro

2094 3502 2289 3570 quibus
2340 3499 2543 3554 sanctis
2592 3506 2646 3552 et
2693 3490 2851 3565 iustis
2890 3509 3107 3563 regnum
3136 3491 3469 3562 promittitur
3500 3498 3657 3544 teter-

2096 3605 2241 3649 num,
2273 3589 2398 3642 dum
2447 3588 2822 3641 discernentur
2844 3582 2971 3652 agni
2994 3582 3062 3637 ab
3087 3580 3253 3636 haedis
3277 3619 3293 3644 ,
3350 3578 3415 3633 ad
3442 3576 3662 3632 audien-

2098 3680 2219 3732 dam
2250 3692 2433 3731 vocem
2458 3676 2865 3731 desiderabilem
2894 3674 3094 3730 summi
3125 3673 3282 3743 Regis
3302 3676 3355 3727 et
3383 3670 3584 3726 Iudicis
3607 3671 3662 3725 in

2092 3768 2216 3822 sede
2267 3775 2505 3837 paternis
2560 3766 2857 3836 majestatis
2878 3763 3149 3819 sedentis:
3190 3761 3388 3827 Venite,
3414 3761 3663 3816 benedicti

2094 3857 2269 3912 Patris
2298 3858 2417 3922 mei,
2456 3858 2697 3926 percipite
2720 3871 2932 3924 regnum
2953 3852 3091 3923 quod
3121 3852 3261 3907 vobis
3314 3860 3556 3921 paratum
3585 3857 3663 3904 est

2092 3949 2155 4001 ab
2181 3948 2379 4019 origine
2415 3946 2595 4000 mundi
2618 3944 2828 4015 (Matth.
2860 3959 2982 4008 xxv,
3011 3942 3123 4007 54).

2092 4059 2217 4112 llzec
2242 4058 2356 4127 lege
2385 4065 2569 4112 sancte
2598 4055 2755 4109 Pater
2781 4054 2839 4127 [ιι
2872 4051 3031 4126 felix]
3058 4052 3303 4117 feliciter,
3328 4054 3485 4122 atque
3582 4090 3585 4093 -

2092 4148 2179 4203 Sis
2206 4164 2411 4203 memor
2434 4149 2610 4202 Albini
2630 4162 2725 4216 per
2746 4155 2985 4215 tempora
3013 4146 3169 4215 longa
3194 4144 3432 4214 magistri
3457 4184 3472 4210 ,

2091 4240 2225 4294 Dum
2257 4239 2427 4294 sacris
2471 4238 2678 4293 Domini
2718 4235 2934 4307 supplex
2982 4236 3243 4291 altaribus
3284 4236 3465 4293 adstas
3492 4229 3660 4307 μισ..

3335 4322 3583 4399 [δαείη.
3625 4316 3629 4318 ⁷

2092 4416 2161 4472 Ut
2190 4418 2311 4487 pius
2336 4417 2673 4485 omnipotens
2708 4416 2862 4471 solita
2883 4416 3081 4484 pietate
3106 4415 3312 4469 relaxet

418 4514 514 4569 sed
537 4511 975 4571 caelestemmon
1009 4506 1096 4560 hic
1125 4505 1516 4573 long-.evitatem
1564 4505 1701 4567 vitae,
1745 4503 1834 4557 ubi
1862 4519 1985 4572 pec-
2015 4533 2062 4591 D
2090 4508 2310 4561 Vincula
2333 4508 2664 4568 criminibus,
2702 4506 2851 4575 cujus
2877 4506 3136 4574 condigna
3169 4504 3444 4572 nefandis,

420 4595 547 4657 cato
574 4598 865 4659 nascimur,
889 4595 1071 4649 labore
1095 4594 1341 4657 vivimus,
1365 4592 1549 4646 dolore
1575 4592 1861 4657 morimur;
1891 4592 1983 4647 sed

419 4691 474 4745 in
502 4687 832 4744 beatitudine
874 4693 1129 4755 perpetua
1172 4681 1303 4755 (AL,
1331 4681 1588 4755 perfecta]
1611 4691 1864 4737 aeternam
1891 4698 1987 4736 no-

417 4780 505 4836 bis
526 4776 986 4848 promisitvitam;
1012 4784 1067 4829 et
1093 4791 1198 4832 non
1228 4776 1493 4844 perituras
1533 4775 1813 4845 spopondit
1856 4776 1988 4829 divi-

419 4871 545 4933 tias,
568 4869 662 4924 sed
690 4874 903 4935 semper
927 4851 1233 4935 manentes:
1256 4866 1414 4935 hujus
1433 4880 1559 4921 vero
1584 4866 1760 4939 surculi
1791 4865 1989 4921 divitia:

418 4960 576 5014 bonis
601 4946 859 5025 malisque
883 4944 1336 5011 communesiesse
1359 4956 1624 5020 videntur,
1648 4957 1842 5028 quibus
1864 4956 1987 5010 boni

418 5050 559 5104 bene
586 5056 813 5102 utuntur
838 5046 906 5102 ad
938 5053 1275 5116 augmentum
1299 5046 1486 5101 salutis
1507 5048 1607 5103 sibi
1631 5032 1993 5118 sempiternae,

422 5139 550 5193 mali
576 5153 706 5193 vero
727 5138 868 5194 male
897 5145 1117 5192 utuntur
1144 5136 1225 5191 eis
1250 5136 1316 5190 ad
1338 5135 1690 5206 perditionem
1728 5138 1829 5191 sui.
1857 5137 1988 5193 illud

422 5245 551 5287 vero
578 5229 828 5301 promisit
873 5230 1131 5285 Domintts
1172 5229 1311 5283 Deus
1338 5228 1600 5284 cbaritate
1636 5226 1985 5293 ferventibus,

421 5337 531 5393 quo
552 5318 687 5377 nihil
710 5319 921 5376 beatius
939 5335 1059 5377 esse
1080 5321 1293 5390 poterit,
1324 5319 1377 5375 id
1404 5326 1504 5382 est,
1541 5327 1850 5390 perpetuam
1880 5333 1991 5373 sua:

422 5411 771 5467 beatitudinis
793 5409 1070 5472 visionem,
1104 5412 1171 5466 ad
1197 5424 1354 5481 quam
1388 5409 1641 5465 mundata
1666 5409 1824 5465 corde
1846 5408 1988 5464 festi-

421 5503 656 5559 nandum
687 5511 790 5568 est,
818 5502 956 5558 sicut
974 5502 1087 5571 ipsa
1114 5503 1326 5557 Veritas
1344 5503 1417 5557 ait
1444 5517 1457 5554 :
1481 5501 1629 5556 Beati
1657 5502 1849 5554 mundo
1878 5516 1989 5554 cor—

425 5595 507 5661 de,
538 5592 787 5665 φιοπὶαπι
818 5592 918 5662 ipsi
940 5591 1104 5647 Deum
1144 5592 1379 5648 ridebunt
1402 5590 1610 5664 (Matth.
1638 5607 1712 5657 ix,
1744 5590 1819 5659 8).

493 5741 515 5768 ι
543 5728 615 5784 ’1η
642 5726 761 5785 cod.
788 5739 895 5794 quo
920 5726 1180 5784 Acherius
1215 5742 1343 5781 usus
1368 5735 1486 5785 est,
1536 5740 1636 5778 vos
1689 5724 1814 5793 felix
1841 5765 1852 5781 .
1904 5725 1988 5778 hic

425 5800 576 5854 uncis
603 5793 827 5863 inclusa,
861 5793 957 5849 fuit
986 5799 1201 5859 omissa,
1232 5804 1284 5850 et
1310 5798 1359 5851 in
1399 5795 1519 5859 fine,
1544 5808 1640 5865 pro
1662 5810 1815 5848 versu
1844 5809 1987 5849 com-

2091 4596 2161 4652 Ut
2179 4597 2353 4650 valeat
2385 4604 2561 4651 tecum
2589 4596 2827 4665 gaudens
2857 4590 3389 4659 laudaretonantem,

2085 4688 2213 4742 Post
2236 4685 2393 4754 hujus
2417 4686 2642 4741 Domino
2665 4686 2788 4739 vitae
2810 4685 3099 4740 miserante
3129 4685 3360 4740 labores.

2086 4778 2319 4847 Angelus
2343 4776 2660 4847 almipotens
2685 4775 2808 4831 cteli
2833 4775 3072 4831 directus
3086 4776 3155 4832 ab
3184 4791 3309 4833 arce
3325 4817 3341 4843 ,

2086 4869 2193 4922 Per
2227 4877 2419 4931 terras,
2443 4868 2625 4931 silvas,
2654 4866 2815 4921 colles
2842 4868 3132 4921 comitetur
3152 4874 3388 4923 euntem.

2086 4959 2189 5014 Per
2208 4959 2447 5023 castella,
2474 4960 2641 5022 vicos,
2670 4972 2766 5028 per
2788 4958 2944 5011 fortia
2987 4956 3205 5013 ﬂumina
3234 4966 3412 5022 terrae,

2089 5049 2311 5118 Semper
2338 5050 2556 5117 ubique,
2585 5063 2795 5118 precor,
2828 5049 2988 5103 ducat
3006 5048 3162 5104 simul
3189 5055 3351 5117 atque
3370 5048 3589 5103 reducat

2086 5144 2439 5207 Gaudentem,
2461 5153 2660 5199 sancta:
2680 5159 2804 5199 cum
2828 5142 3179 5214 prosperitate
3200 5138 3409 5201 salutis,

2089 5234 2165 5288 Te
2193 5231 2333 5305 [ΑΛ.
2362 5230 2475 5305 Tu]
2504 5232 2666 5288 Pater
2689 5233 2853 5287 alme!
2891 5232 3001 5287 Deo
3046 5227 3260 5285 Christo
3286 5228 3537 5291 donante,
3562 5240 3655 5297 per

3346 5315 3570 5391 [aevum

2089 5413 2169 5467 Tu
2190 5414 2390 5478 valcas,
2415 5414 2595 5484 vigeas
2629 5424 2859 5481 semper,
2884 5410 3201 5466 cbarissime
3218 5407 3441 5480 prmsul!

2088 5503 2325 5575 Cumque
2347 5504 2452 5558 tuis
2472 5501 2678 5557 cunctis
2702 5502 2912 5565 ovibus,
2944 5517 3040 5572 per
3071 5516 3266 5572 pascua
3292 5500 3409 5554 vitae

2089 5595 2216 5663 Qum
2238 5586 2477 5659 currant,
2500 5604 2713 5651 sanctos
2744 5596 3001 5651 virtutum
3042 5608 3261 5666 carpere
3298 5590 3487 5653 ﬂores;

2088 5728 2297 5809 piendo.
2327 5741 2391 5781 ex
2416 5727 2719 5809 conjectura
2749 5728 2924 5809 addita
2952 5726 3054 5809 fuit
3087 5742 3184 5781 vox
3210 5744 3221 5777 :
3256 5726 3519 5809 sacerdos.
3544 5722 3649 5781 Nos

2091 5796 2232 5852 illam
2266 5812 2447 5851 vocem
2479 5797 2603 5866 felix
2633 5815 2693 5853 ex
2738 5798 2852 5851 cod.
2880 5796 3266 5867 Salisbnrgeusi
3301 5798 3647 5851 restitnimus.
