4428 6418
689 422 799 483 575

690 544 770 600 Te
796 544 1043 606 ducente,
1076 541 1253 605 Pater,
1281 552 1480 612 pastor,
1511 542 1840 611 patriarcha,
1876 542 2127 597 saecrdos
2154 554 2201 595 ι.
2226 582 2238 593 .

1167 652 1331 728 346
1356 646 1677 711 ΡεΑωίυδ
1709 656 1799 711 v1.

756 745 921 802 Vens.
966 745 1016 799 l.
1057 776 1127 787 —
1151 744 1363 800 Titulus
1386 743 1578 816 psalmi
1601 754 1684 800 est
1708 760 1723 799 :
1754 744 1823 800 In
1847 745 2005 816 ﬁnem
2026 744 2197 800 David
2223 745 2281 799 in

685 836 1009 891 caminibus
1034 853 1129 906 pro
1157 847 1339 890 octava
1364 855 1377 891 :
1405 852 1515 907 quo
1544 838 1600 891 in
1652 837 1811 907 ﬁnem
1830 877 1847 903 ,
1905 838 1958 893 id
1992 845 2095 903 est,
2125 837 2283 893 Chri-

688 935 854 994 stum,
887 926 1055 982 David
1084 926 1379 997 respiciens
1437 928 1668 997 hymnos
1714 936 1769 981 et
1799 928 2042 982 carmina
2089 936 2279 983 canta-

685 1018 781 1075 bat
810 1034 823 1071 :
864 1033 960 1089 pro
983 1027 1198 1084 octava;
1232 1018 1285 1095 id
1324 1026 1429 1082 est,
1448 1031 1549 1086 pro
1572 1017 1839 1072 desiderio
1880 1015 2075 1072 futura:
2103 1030 2282 1073 resur—

684 1108 962 1166 rectionis.
1020 1108 1387 1163 Peccatricem
1442 1123 1571 1163 vero
1612 1108 1853 1163 animam
1893 1108 2143 1163 hortatur
2192 1106 2282 1165 hic

684 1216 786 1258 suo
818 1200 1067 1270 exemplo
1099 1199 1287 1265 David,
1319 1208 1379 1255 ut
1401 1215 1509 1255 non
1547 1200 1732 1255 statim
1753 1199 2030 1269 desperet,
2069 1200 2281 1255 etiamsi

686 1294 927 1367 graviter
964 1292 1237 1364 peccarit:
1270 1293 1364 1349 sed
1412 1292 1597 1349 abluto
1652 1291 1906 1362 lacrymis
1950 1291 2283 1362 pmnitentia:

685 1386 1036 1442 conscientiae
1058 1400 1167 1440 suae
1192 1384 1354 1450 lecto,
1383 1384 1450 1439 ad
1494 1383 1761 1439 medicum
1803 1378 1971 1439 Deum
1997 1378 2278 1448 recurrat,

689 1478 785 1548 qui
816 1477 992 1531 ulcera
1018 1485 1365 1545 peccatorum
1396 1490 1616 1530 suorum
1642 1476 1793 1530 sanet
1825 1476 1874 1527 δ.

764 1568 922 1624 Vens.
954 1568 1009 1622 2.
1036 1598 1108 1608 —
1139 1568 1378 1631 Domine,
1412 1586 1473 1622 ne
1509 1570 1563 1621 in
1611 1568 1789 1637 furore
1817 1578 1906 1620 tuo
1945 1584 2139 1637 arguas
2178 1582 2277 1633 me,

687 1676 852 1731 neque
879 1662 932 1713 in
972 1660 1054 1713 ira
1095 1669 1185 1715 tua
1212 1660 1466 1729 corripias
1495 1676 1594 1712 me.
1634 1657 1717 1713 ira
1740 1667 1823 1712 est
1846 1659 1999 1729 longa
2032 1658 2280 1729 indigna-

686 1752 801 1805 tio:
838 1751 985 1806 furor
1013 1766 1139 1805 vero
1172 1751 1449 1821 repentina
1502 1751 1699 1805 mentis
1743 1752 2025 1818 accensio;
2074 1752 2169 1805 sed
2202 1752 2277 1806 ira

686 1849 948 1898 aeternam
976 1834 1264 1912 impiorum
1306 1841 1573 1911 signiﬁcat
1626 1858 1863 1912 pmnam,
1894 1842 2069 1897 furor.
2102 1844 2278 1912 ignem

686 1936 1065 2007 purgatorinm
1094 1951 1106 1987 :
1140 1944 1196 1989 et
1237 1934 1302 1989 de
1328 1944 1555 2004 utraque
1585 1932 1751 2007 [Ms.,
1778 1936 1845 1989 de
1875 1950 1981 2007 qua
2016 1932 2279 2007 utraque]

688 2027 776 2080 vir
800 2025 1072 2095 pmnitens
1097 2019 1315 2081 liberari
1345 2039 1403 2080 se
1424 2041 1453 2078 a
1480 2025 1589 2080 Deo
1618 2018 1875 2095 postulat.

761 2114 925 2171 Vens.
957 2112 1010 2169 3.
1041 2144 1114 2154 —
1146 2111 1399 2169 Miserere
1441 2117 1565 2180 mei,
1592 2110 1836 2183 Domine,
1857 2118 2104 2187 quoniam
2135 2117 2286 2187 inﬁr-

684 2222 802 2260 ntus
854 2214 1005 2260 sum:
1037 2222 1169 2259 sana
1225 2218 1336 2269 me,
1393 2197 1641 2269 Domine,
1672 2206 1921 2276 quoniam
1971 2206 2284 2279 conturbata

685 2306 807 2351 sunt
854 2306 982 2350 ‘ossa
1011 2312 1148 2349 mea.
1177 2294 1365 2350 Valida
1421 2302 1505 2349 est
1564 2294 1951 2350 misericordia:
2003 2297 2285 2365 precatio,

686 2387 895 2457 peccati
924 2384 1213 2442 confessio.
1242 2385 1335 2440 llle
1382 2386 1813 2440 misericordiam
1850 2385 1947 2441 Dei
1999 2387 2240 2443 inveniet

686 2478 781 2550 qui
806 2492 865 2536 se
911 2479 1169 2533 miserum
1201 2476 1508 2533 conﬁtetur.
1549 2476 1813 2544 Quoniam
1842 2478 2085 2548 inﬁrmus
2134 2496 2282 2546 sum,

688 2588 824 2627 sana
848 2588 950 2636 me,
983 2568 1177 2641 inquit,
1209 2569 1430 2624 Domine
1454 2570 1477 2624 :‘
1496 2585 1560 2626 ac
1597 2570 1642 2625 si
1682 2571 1848 2636 dicat,
1879 2571 2127 2628 inﬁrmus
2164 2588 2285 2627 sum

690 2678 791 2735 per
813 2663 1113 2733 peccatum,
1140 2676 1272 2717 sana
1297 2675 1383 2716 me
1402 2676 1501 2732 per
1525 2662 1954 2717 misericordiam
1979 2678 1994 2716 :
2022 2662 2286 2728 Quoniam

691 2753 1005 2809 conturbata
1026 2763 1147 2807 sunt
1184 2769 1316 2807 ossa'
1348 2769 1484 2817 mea,
1512 2768 1720 2819 omnes,
1753 2754 1995 2823 inquam,
2019 2755 2245 2811 virtutes
2268 2794 2289 2821 ,

694 2852 815 2914 qtnc
838 2852 1059 2921 propter
1082 2844 1165 2899 sui
1188 2843 1517 2919 soliditatem
1546 2860 1669 2900 ossa
1690 2845 2052 2918 appellantur.

765 2948 929 3013 Vens.
960 2957 1011 3013 ι.
1053 2988 1126 2999 —
1156 2957 1225 3013 Et
1252 2960 1431 3013 anima
1466 2975 1583 3013 mea
1624 2960 1835 3014 turbata
1878 2969 1955 3014 est
1980 2959 2130 3015 valde
2152 2974 2170 3013 :
2196 2960 2289 3016 sed

694 3059 788 3115 tu,
837 3048 1060 3104 Domine
1089 3090 1104 3115 ,
1148 3051 1453 3121 usquequo.’
1492 3049 1551 3104 ln
1590 3051 1767 3121 primo
1808 3052 2025 3124 quidem
2072 3054 2291 3109 homine

594 3200 603 3213 α
694 3148 1032 3210 transgressa
1061 3140 1237 3195 anima
1292 3156 1411 3197 mea
1435 3141 1665 3197 virtutes
1704 3158 1894 3199 omnes
1927 3143 2196 3213 perdidit,
2235 3150 2291 3199 et
2322 3160 2327 3163 ‘

694 3233 823 3291 inde
855 3236 1069 3291 turbata
1093 3244 1175 3291 est
1196 3251 1294 3306 per
1346 3235 1742 3305 ptenitentiam,
1771 3244 1829 3290 ut
1857 3238 2197 3293 emundetur.
2224 3236 2291 3291 Et
2316 3248 2363 3309 ς

693 3336 774 3392 tu,
798 3324 1021 3379 Domine
1044 3365 1059 3390 ,
1117 3326 1424 3397 usquequo?
1480 3324 1720 3381 Subaudi
1750 3345 1762 3381 :
1796 3327 2152 3403 [usquequol
2174 3330 2291 3385 aui—

690 3428 837 3469 mam
865 3429 1055 3478 meam,
1091 3430 1213 3485 qua:
1260 3416 1611 3472 vehementer
1659 3420 1979 3475 conturbata
2009 3428 2094 3475 est
2119 3460 2134 3486 ,
2183 3437 2292 3477 non

692 3506 881 3577 eripis,
910 3522 1018 3562 non
1045 3508 1295 3581 rorrigis,
1323 3525 1431 3565 non
1462 3511 1725 3567 emendas
1950 3566 1963 3573 ,

768 3598 929 3652 Vens.
959 3597 1013 3651 5.
1042 3628 1114 3637 —
1139 3596 1467 3664 Convertere,
1493 3600 1717 3655 Domine
1735 3637 1751 3667 ,
1798 3611 1849 3656 et
1877 3605 2017 3675 eripe
2058 3605 2293 3660 animum

692 3702 885 3753 meam,
919 3687 1120 3743 salvum
1170 3706 1253 3744 me
1289 3690 1377 3761 [ac
1403 3702 1612 3763 propter
1667 3693 2087 3750 misericordiam
2123 3697 2290 3751 tuani.

692 3776 809 3833 Nisi
833 3779 977 3835 enim
1016 3780 1253 3836 animam
1294 3791 1533 3839 nostram
1562 3794 1689 3841 ante
1732 3788 2095 3854 converterit,
2134 3804 2293 3845 nemo

694 3884 816 3925 eam
838 3879 991 3925 eruet
1018 3868 1182 3943 [Δίκη
1218 3882 1628 3930 converteret...
1659 3877 1911 3950 erueret}
1938 3880 2004 3935 de
2025 3880 2289 3949 periculo.

703 3958 841 4015 Vel:
870 3969 1209 4029 convertere,
1249 3962 1499 4031 Domine,
1539 3974 1595 4021 et
1650 3964 1823 4038 dirige
1856 3984 1955 4024 nos
1994 3976 2093 4040 per
2140 3970 2296 4027 mise-

697 4050 990 4107 ricordiam
1038 4062 1208 4119 tuam,
1234 4066 1397 4125 atque
1433 4059 1616 4133 aspice
1643 4057 1809 4131 [.lls.,
1836 4060 2124 4134 dignare...
2153 4064 2297 4133 aspi-

696 4156 823 4199 cere
838 4140 880 4215 ],
908 4144 999 4213 qui
1028 4153 1252 4216 propter
1277 4156 1500 4218 peccata
1524 4157 1710 4205 nostra
1738 4150 1931 4207 faciem
1961 4162 2107 4209 tuam
2138 4170 2294 4218 aver-

697 4232 813 4289 tisti
847 4249 878 4287 a
903 4233 1059 4290 nobis
1084 4254 1100 4290 :
1140 4244 1197 4292 et
1218 4237 1367 4309 eripe
1392 4240 1630 4295 animam
1670 4257 1869 4309 meam,
1898 4245 1967 4300 ah
1992 4244 2295 4301 imminenti

697 4324 907 4381 scilicet
934 4322 1217 4397 supplicio,
1246 4339 1302 4383 et
1326 4324 1534 4385 salvum
1563 4348 1651 4388 me
1692 4332 1779 4388 lac
1824 4350 1931 4389 non
1958 4336 2094 4391 meis
2123 4338 2296 4393 meri-

696 4412 790 4480 tis,
826 4415 921 4471 sed
949 4416 1040 4470 tua
1082 4416 1474 4475 misericordia.

775 4534 947 4590 Vens.
978 4534 1031 4590 6.
1060 4560 1135 4577 —
1162 4534 1424 4603 Quoniam
1450 4555 1554 4593 non
1588 4548 1663 4593 est
1694 4540 1750 4595 in
1778 4550 1945 4596 morte
1976 4543 2069 4613 qui
2097 4558 2296 4597 memor

1550 423 1608 477 Β.
1651 423 1711 479 F.
1753 423 1979 479 ALBlNl
2019 423 2147 479 SEU
2187 424 2464 480 ALCUINI
2502 376 2788 480 DPERUM
2824 423 3003 479 PARS
3040 423 3103 480 ll.

2301 548 2352 603 Α
2380 536 2722 611 impossibili,
2754 539 2849 597 sed
2885 557 2984 612 pro
3012 552 3137 597 raro
3188 542 3401 617 posuit]
3427 549 3482 599 et
3538 539 3967 625 subaudiendum

2378 642 2464 687 est
2484 632 2549 688 ad
2580 633 2791 687 veniam
2816 651 2829 686 :
2860 632 2987 703 quia
3038 632 3095 687 in
3150 632 3256 688 hoc
3283 634 3485 689 mundo
3506 628 3727 707 proprie
3751 634 3968 693 confes-

3857 429 3967 487 576

2380 717 2464 780 sio
2483 718 2702 788 dicitur,
2730 723 2821 779 ubi
2846 732 2901 778 et
2925 724 3081 779 venia
3120 722 3408 794 reperitur.

2416 870 2419 873 ἰ
2451 813 2611 869 Vens.
2628 814 2680 867 7.
2707 842 2777 853 ——
2792 811 3048 868 Laboravi
3058 815 3124 869 in
3148 815 3343 885 gemitu
3363 831 3496 869 meo.
3513 814 3612 872 Hic
3634 814 3970 891 paenitentia

2380 918 2493 961 sua:
2516 904 2734 960 modum
2758 904 3000 974 exponit.
3033 904 3241 959 Lavabo
3280 922 3375 975 per
3414 907 3649 977 singulas
3688 919 3859 964 noctes
3888 908 3968 965 le-

2380 1004 2520 1049 ctum
2540 1008 2731 1048 meum.
2758 994 3002 1059 Lectum,
3033 994 3441 1052 delectationem
3488 998 3733 1068 corporis
3766 994 3968 1056 intelli-

2381 1099 2589 1154 gamus.
2613 1083 2882 1154 Lacrymi‘s
2911 1094 3136 1139 stratum
3158 1102 3335 1140 meum
3377 1088 3576 1157 rigabo.
3610 1086 3810 1160 Bigare
3836 1090 3971 1147 ube-

2381 1176 2495 1230 rius
2517 1176 2717 1245 aliquid
2744 1176 3014 1247 signiﬁcat
3059 1185 3222 1246 Quam
3261 1175 3465 1233 lavare.
3508 1176 3749 1235 Stratum
3784 1192 3971 1237 autem

2382 1267 2649 1337 signiﬁcat
2669 1267 2943 1323 cumulum
2971 1275 3339 1338 peccatorum.

2453 1359 2625 1417 Vens.
2663 1359 2717 1414 8.
2758 1355 3126 1460 —Turq’atus
3170 1367 3257 1414 est‘
3287 1376 3397 1429 prae
3436 1361 3519 1414 ira
3564 1360 3747 1416 oculus
3798 1377 3969 1418 meus.

2384 1448 2613 1519 Propter
2634 1448 2769 1502 iram
2792 1448 3004 1502 Domini
3034 1448 3247 1503 oculum
3278 1448 3492 1522 [cordis
3520 1451 3601 1506 sui
3646 1449 3972 1527 proﬁtetur]

2383 1556 2502 1597 esse
2531 1541 2826 1601 turbatum.
2852 1538 2896 1594 Ο
2919 1538 3187 1608 Densper
3223 1554 3384 1609 quem
3412 1541 3545 1595 mihi
3566 1541 3823 1611 supplicia
3864 1540 3972 1614 [ιῑ-

2320 1638 2330 1645 ‘
2384 1629 2536 1703 meo]
2578 1637 2900 1699 praeparata,
2932 1631 3145 1685 turbata
3173 1639 3257 1684 est
3311 1644 3465 1686 mens
3502 1646 3621 1685 mea
3648 1672 3665 1698 ,
3716 1642 3771 1687 et
3798 1643 3970 1689 totum

2381 1723 2677 1793 principale
2724 1722 2904 1779 cordis
2947 1724 3062 1778 mel‘
3107 1724 3453 1791 c0ntremui't.
3503 1723 3787 1779 Inveteravi
3835 1727 3977 1781 inter

2384 1828 2561 1868 omnes
2606 1814 2847 1867 inimicos
2876 1826 3038 1867 meos.
3086 1813 3383 1869 inveteravi
3418 1813 3505 1887 [id
3535 1813 3651 1887 est]
3691 1814 3745 1869 in
3773 1815 3976 1871 veteris

2315 1891 2356 1952 Β
2383 1902 2627 1961 hominis
2656 1904 2785 1960 Adm
2823 1904 3108 1975 iniquitate
3148 1908 3443 1975 permansi,
3482 1908 3624 1962 inter
3657 1923 3845 1964 omnes
3869 1908 3975 1963 ini-

2384 1994 2556 2051 micos
2582 2010 2750 2059 meos,
2786 1995 2901 2050 sive
2925 1995 3067 2051 inter
3096 1997 3319 2067 spiritus
3342 1998 3656 2066 diabdlicos,
3680 2000 3792 2055 sive
3829 2000 3976 2055 inter

2382 2096 2567 2143 nostra
2604 2096 2845 2157 peccata.

2455 2181 2619 2235 Vens.
2652 2181 2705 2234 9.
2731 2210 2803 2219 —
2841 2178 3105 2233 Discedite
3156 2198 3189 2235 α
3216 2197 3299 2235 me
3338 2197 3516 2235 omnes
3566 2182 3668 2253 qui
3683 2181 3976 2251 operamini

2382 2270 2731 2341 iniquitatem.
2783 2269 3077 2340 Postquam
3110 2268 3296 2343 [ipse]
3325 2271 3751 2326 misericordiam
3785 2286 3977 2328 conse-

2382 2370 2543 2418 cutus
2570 2369 2677 2427 est,
2716 2369 2772 2417 et
2795 2369 3022 2417 caeteros
3041 2363 3198 2419 docet
3219 2362 3313 2417 vel
3342 2364 3678 2430 cohortatUr,
3708 2361 3795 2419 uti
3827 2362 3889 2437 [a
3916 2376 3978 2419 se

2385 2454 2583 2507 abeant
2608 2466 2622 2505 :
2652 2468 2757 2508 non
2786 2451 2957 2525 enim]
2979 2452 3094 2507 vult
3127 2451 3325 2525 [Edit.,
3355 2456 3444 2508 uti
3477 2468 3537 2509 se
3560 2454 3814 2520 habeant,
3837 2469 3978 2525 quos

2386 2557 2493 2597 non
2524 2540 2672 2613 vult]
2702 2541 3011 2611 iniquorum
3040 2542 3615 2599 habere'consortium.
3652 2541 3859 2616 [Simul
3881 2559 3978 2598 au-

2388 2639 2494 2687 tem
2512 2638 2569 2687 et
2604 2630 2734 2687 illud
2760 2633 3056 2687 notandum
3081 2641 3186 2697 est,
3211 2634 3356 2703 quod
3404 2632 3517 2703 jam
3543 2634 3791 2703 superius
3836 2634 3975 2690 dixi-

2386 2740 2531 2789 mus,
2559 2724 2703 2794 quod
2729 2737 2838 2780 non
2861 2739 2956 2780 eos
2983 2724 3082 2795 qui
3109 2723 3317 2797 operati
3339 2735 3471 2783 sunt
3490 2726 3849 2798 iniquitatem,
3880 2724 3979 2784 sed

2387 2814 2477 2884 qui
2505 2828 2819 2885 operantur,
2854 2831 2886 2870 a
2910 2830 2968 2871 se
2982 2815 3172 2886 iubeat
3199 2816 3509 2892 recedere.]

2458 2908 2620 2982 35.7
2650 2909 2815 2965 Vens.
2848 2909 2936 2983 ρο.
2963 2942 3034 2982 -_—
3072 2911 3342 2966 Discedite
3390 2926 3520 2983 ergo
3540 2952 3556 2977 ,
3606 2910 3800 2982 inquit,
3826 2927 3857 2967 a
3889 2925 3978 2968 me

2388 2978 2651 3073 maligni,
2703 2978 2957 3074 quoniam
2995 2978 3260 3058 exaudivit
3320 2978 3585 3056 Dominus
3613 2978 3787 3057 vacem
3822 3002 3977 3071 ﬂetus

2389 3097 2513 3151 mei.
2542 3094 2831 3150 Exaudivit
2854 3094 3111 3150 Dominus
3143 3095 3557 3167 deprecationem
3581 3110 3768 3157 meam,
3794 3092 3979 3148 Domi-

2392 3206 2491 3243 nus
2520 3188 2809 3241 orationem
2829 3204 2997 3241 meam
3018 3186 3261 3257 suscepit.
3292 3184 3469 3260 Unam
3493 3184 3845 3255 eamdemque
3862 3198 3978 3239 rem

2394 3277 2763 3348 multipliciter
2805 3278 3021 3349 repetit,
3048 3274 3195 3348 quod
3242 3275 3418 3332 solent
3458 3273 3638 3331 iacere
3683 3274 3979 3347 gaudentes

2395 3380 2449 3427 et
2474 3372 2741 3427 laetantes.
3234 3378 3235 3381 “

2464 3463 2629 3519 Vens.
2658 3462 2745 3517 ll.
2772 3487 2847 3503 -ι
2891 3460 3274 3518 Caneertantsr
3326 3467 3375 3516 et
3427 3458 3735 3514 erubescant
3776 3454 3982 3534 inimici

2392 3555 2515 3619 mei,
2551 3562 2918 3608 convertantur
2944 3561 2993 3607 et
3019 3552 3323 3607 erubescant
3363 3549 3511 3605 valde
3555 3548 3817 3605 velociter.
3860 3545 3982 3603 Non

2392 3650 2581 3698 eantra
2607 3642 2874 3706 inimicos,
2899 3640 2993 3697 sed
3015 3656 3113 3711 pro
3142 3641 3376 3696 inimicis
3408 3648 3552 3707 orat,
3575 3648 3637 3695 ut
3664 3646 3983 3695 convertan-

2394 3741 2482 3790 tur
2501 3750 2532 3789 a
2556 3735 2794 3805 peccatis
2815 3735 2948 3800 suis,
2970 3746 3023 3790 et
3047 3736 3375 3790 erubescant
3396 3749 3504 3788 non
3532 3732 3741 3794 leviter,
3769 3730 3862 3786 sed
3888 3746 3983 3785 ve.
4018 3781 4030 3795 ,

2392 3827 2708 3895 hementer;
2763 3844 2865 3885 nec
2889 3828 3147 3893 crastino,
3171 3826 3265 3882 sed
3310 3825 3418 3882 cito
3446 3840 3511 3897 ac
3538 3824 3815 3897 praesenti
3846 3831 3981 3878 tem-

2392 3933 2544 3989 pore.
2568 3918 2759 3974 Amen.

2917 3987 3241 4046 PSALMUS
3277 3984 3475 4044 XXXI.

2426 4072 2439 4165 ,⁷
2466 4078 2679 4135 Titulus
2704 4079 2897 4149 psalmi
2921 4088 3027 4147 est,
3052 4078 3343 4134 intellectus
3366 4077 3538 4133 David
3558 4093 3577 4132 :
3614 4077 3741 4148 quia
3777 4076 3983 4133 scilicet

2395 4170 2659 4227 intellexit
2685 4171 2875 4236 David,
2905 4180 2959 4227 et
2998 4186 3097 4227 nos
3124 4185 3224 4226 suo
3260 4168 3415 4239 jubet
3457 4168 3754 4240 intelligere
3799 4182 3982 4224 exem-

2394 4261 2503 4330 plo,
2534 4261 2741 4315 nullum
2785 4276 2907 4316 esse
2958 4271 3069 4316 tam
3126 4276 3290 4333 grave
3347 4268 3653 4331 peccatum,
3688 4259 3829 4329 quod
3873 4272 3980 4313 non

2308 4404 2315 4411 .
2396 4353 2633 4424 gratuito
2656 4354 2813 4408 nobis
2838 4352 2981 4408 Deus
3006 4355 3245 4439 remittas
3267 4393 3282 4417 ,
3328 4353 3374 4407 si
3419 4352 3597 4422 parati
3631 4352 3803 4408 simus
3852 4350 3983 4405 illud
4018 4422 4030 4431 _

2397 4446 2640 4501 conﬁteri
2666 4454 2722 4501 et
2757 4461 2789 4501 a
2832 4447 3013 4517 pravis
3039 4446 3143 4502 viis
3170 4446 3445 4501 abstinere
3474 4455 3525 4499 ο.

2472 4539 2633 4594 Vens.
2676 4538 2726 4593 l.
2753 4563 2825 4578 --
2859 4536 3010 4592 Beati
3038 4541 3286 4609 quorum'
3309 4538 3539 4592 remissa
3574 4545 3697 4592 sunt
3736 4535 3986 4607 iniquita-

698 4628 768 4684 sit
791 4628 888 4680 tui.
918 4626 1035 4681 Non
1058 4629 1205 4683 enim
1254 4630 1453 4686 mortui
1492 4630 1789 4688 laudabunt
1816 4642 1891 4699 te,
1925 4633 2297 4719 [hminem
2324 4613 2373 4676 ι)
2397 4641 2493 4697 tes,
2523 4638 2570 4685 et
2597 4645 2819 4701 quorum
2842 4639 2977 4684 tecta
3006 4638 3127 4684 sunt
3159 4638 3392 4718 peccata.
3424 4627 3644 4683 Illorum
3673 4626 3881 4682 scilicet
3902 4639 3985 4680 re-

696 4734 822 4787 ncs,
848 4719 941 4790 qui
988 4719 1223 4776 vivimus
1260 4720 1425 4793 ιι...
1454 4724 1696 4781 viventes
1726 4724 1950 4799 sumus]
1980 4744 1994 4781 :
2024 4726 2153 4797 quia
2190 4743 2298 4783 non

699 4827 786 4875 est
808 4825 1145 4873 mortuorum
1170 4817 1333 4883 Deus,
1368 4820 1465 4875 sed
1481 4820 1761 4875 vivorum.
2085 4870 2096 4883 ,

774 4907 843 4963 In
870 4908 1077 4978 inferno
1107 4917 1284 4963 autem
1308 4910 1427 4981 quis
1477 4910 1814 4979 conﬁtebitur
1830 4910 1951 4964 tibi.
2004 4910 2159 4984 [Non
2199 4926 2300 4981 pro

775 5049 801 5078 ι
842 5036 922 5111 Ex
970 5037 1075 5111 hoc
1102 5038 1345 5111 carmine
1366 5034 1612 5095 Cointius
1639 5048 2019 5111 argumentum
2036 5100 2049 5105 ,
2072 5042 2301 5111 sumpsit

703 5109 773 5164 ad
798 5107 1133 5194 problndum
1161 5110 1437 5194 Almonem
1466 5121 1521 5164 et
1547 5107 1967 5194 Aleuinumpon
1992 5110 2159 5194 fuisse
2178 5107 2300 5194 ger-

704 5176 1172 5251 manos'lratres,
1224 5181 1349 5235 licet
1383 5179 1437 5251 in
1481 5182 1714 5249 quadam
1771 5182 1996 5251 epistola
2042 5176 2301 5241 Alcui'nus

704 5250 1018 5321 scripserit:
1048 5249 1368 5321 Dulcissimo
1406 5248 1565 5321 fratri
1600 5261 1649 5304 et
1697 5248 2004 5321 charissima
2050 5270 2298 5321 germano

704 5318 944 5392 Αιιιιὶζαξ,Δ
960 5329 1064 5375 etc.
1091 5319 1197 5375 Sed
1226 5322 1324 5375 has
1352 5318 1701 5391 cpistolarum
1727 5318 2128 5392 inscriptiones,
2147 5339 2296 5379 asse-

709 5388 798 5452 rit,
828 5388 1158 5463 titulosgesse
1181 5388 1453 5457 amicitiae,
1485 5409 1590 5447 non
1618 5388 1942 5463 agnationis.
2001 5393 2075 5447 Ea
2123 5394 2189 5449 de
2241 5410 2297 5448 re

704 5476 808 5534 nos
827 5462 879 5515 in
901 5460 1216 5534 praefatione
1245 5463 1329 5517 his
1348 5463 1602 5531 operibus
1626 5460 1844 5534 pinetisa
1869 5464 2095 5534 egimus.
2114 5463 2300 5519 Sixtus

707 5533 837 5589 Sen.
870 5542 1026 5588 vocat
1056 5533 1267 5588 Alcuini
1307 5534 1360 5587 in
1402 5532 1641 5603 psalmos
1688 5532 2088 5603 pmnitentiales
2134 5551 2293 5588 anno-

707 5604 951 5685 tationes,
982 5604 1141 5685 juxta
1158 5621 1367 5658 sensum
1397 5601 1648 5657 moralem
1668 5601 1982 5671 succinctas,
2016 5614 2229 5676 argutas
2250 5614 2298 5658 et

709 5675 838 5745 mire
861 5674 1238 5745 signiﬁcantes.

782 5744 809 5795 δ
838 5742 1015 5816 Codd.
1067 5759 1197 5801 mss.
1254 5745 1395 5816 hanc
1452 5744 1916 5816 praelatiunculam
1949 5746 2021 5801 ita
2053 5752 2293 5816 ponunt:

712 5812 780 5868 In
817 5813 973 5882 ﬁnem
1005 5816 1057 5869 in
1085 5815 1291 5886 hymnis
1318 5831 1412 5885 pro
1436 5812 1615 5869 octava
1643 5814 1876 5886 psalmus
1898 5812 2085 5870 David.
2122 5815 2187 5871 In
2228 5814 2296 5882 ﬁ-

715 5900 829 5939 nem
859 5886 1216 5943 mternitatcm
1265 5886 1562 5958 signiﬁcat:
1593 5886 1833 5959 llymnus
1873 5896 1951 5940 est
1996 5888 2109 5941 laus
2158 5887 2294 5940 Di\i-

2401 4726 2688 4781 mittuntur
2709 4724 3041 4793 iniquitates,
3068 4711 3301 4793 quorum
3328 4729 3547 4792 peccata
3569 4733 3668 4790 per
3689 4718 3984 4775 confessio-

2400 4829 2522 4869 nem
2554 4830 2583 4869 a
2616 4808 2844 4868 Domino
2863 4813 2973 4867 Deo
3001 4812 3311 4876 diluuntur;
3341 4818 3395 4865 ct
3425 4825 3657 4882 quorum
3689 4818 3830 4865 tecta
3861 4818 3983 4863 sunt

2399 4922 2497 4976 per
2526 4906 2847 4961 charitatem
2873 4914 3112 4976 peccata,
3137 4901 3293 4972 juxta
3335 4903 3503 4959 illud:
3535 4901 3778 4959 Charitas
3822 4899 3983 4970 operit

2400 5042 2590 5096 nitatis
2609 5041 2768 5095 metri
2797 5039 3152 5112 alicujuslege
3174 5034 3475 5110 composita
3501 5056 3525 5112 τΔ
3542 5053 3640 5112 prq
3654 5045 3835 5112 octava
3856 5049 3984 5112 vero

2403 5113 2613 5168 Domini
2671 5102 2955 5183 signiﬁcat
2974 5102 3319 5183 adventum,
3349 5102 3563 5183 quando
3611 5102 3980 5183 linita__s:eculi

2401 5176 2747 5239 hebdomada'
2765 5184 2832 5236 ad
2851 5181 3202 5249 iudicandum
3223 5176 3436 5234 v’eneiit
3464 5178 3741 5249 mundum.
3760 5177 3910 5234 Unde
3931 5185 3985 5249 et

2438 5256 2639 5310 salmus
2669 5254 2771 5307 iste
2801 5247 2922 5306 cum
2953 5262 3187 5309 tremore
3233 5250 3469 5304 maximo
3493 5247 3622 5303 fecit
3649 5248 3878 5307 initium.
3926 5248 3981 5302 in

2438 5272 2639 5310 satmus
2669 5272 2771 5307 Ιδῐθ
2801 5272 2922 5306 cum
2953 5272 3187 5309 ιτρωοτε
3233 5272 3469 5304 mansum
3493 5272 3622 5303 [CCII
3649 5272 3878 5307 mtuum.
3926 5272 3981 5302 Ill

2400 5272 2503 5379 iioc
2526 5323 2729 5393 psalmo
2752 5324 3046 5393 humanum
3081 5320 3320 5393 postulat
3349 5334 3518 5393 genus
3546 5320 3748 5390 corrigi
3769 5319 3985 5387 quidem

2400 5404 2455 5451 et
2479 5388 2709 5463 iudicari
2742 5408 2771 5445 a
2796 5388 2925 5458 Deo,
2949 5393 3042 5447 sed
3073 5388 3179 5445 non
3217 5391 3271 5444 in
3295 5388 3375 5444 ira
3395 5402 3465 5473 ,ει
3492 5388 3715 5473 furore;
4034 5458 4037 5459 ν

2474 5476 2495 5503 ο
2537 5463 2705 5519 Codd.
2771 5463 2896 5519 Mss.
2931 5477 2945 5517 :
2986 5462 3231 5518 Psalmus
3272 5460 3441 5515 Damd
3506 5462 3626 5515 huic
3676 5457 3978 5514 intellectus.

2400 5534 2647 5611 Psaltnus
2675 5533 2843 5611 David
2868 5550 3051 5611 vocem
3078 5533 3316 5611 continet
3352 5533 3628 5611 propheta
3652 5530 3985 5611 ostendentis

2400 5605 2674 5662 hominem
2703 5621 2807 5659 non
2831 5605 3001 5674 ipsius
3048 5603 3291 5674 meritis,
3345 5604 3439 5659 sed
3474 5602 3568 5655 Dei
3602 5602 3804 5674 gratia__
3828 5614 3984 5674 posse

2400 5676 2620 5751 salvari,
2647 5676 2691 5731 s’i
2722 5665 3064 5751 conﬁteatur.
3126 5665 3364 5751 Iloc_
3385 5681 3564 5751 autem
3591 5665 3733 5751 quod
3756 5665 3885 5751 dicit
3906 5670 3983 5724 in-

2401 5747 2657 5811 tellectus,
2683 5753 2743 5801 ut
2777 5761 2874 5801 nos
2900 5746 3200 5818 intelligere
3225 5744 3489 5818 Divinitas
3524 5743 3981 5818 praestiteritpec-

2401 5826 2519 5871 cata
2549 5826 2754 5883 nostra,
2787 5826 2846 5872 ut
2884 5831 2981 5886 pro
3020 5811 3100 5874 eis
3147 5811 3836 5873 diluendisstudiosissimc
3863 5826 3983 5882 sape

2403 5889 2680 5959 pliccmus.
