4428 6394
214 451 309 507 577

778 451 1183 511 EXEGETlCA.
1224 482 1294 493 —-
1331 454 1688 511 EXPOSITIO
1727 456 1789 510 IN
1832 457 2019 512 PSAL.
2062 456 2657 526 PCENI'I'ENTIALSS,
2698 463 2852 521 ETC.

3357 472 3460 528 578

212 558 590 614 multitudinem
608 569 937 629 peccatorum
963 560 1014 632 (1
1044 561 1185 616 Petr.
1215 578 1287 626 IV,
1320 564 1395 633 8).
1428 564 1522 622 Vel
1550 542 1777 633 quorum
1807 576 1853 629 Α
1884 566 1949 623 ad
1977 567 2239 627 orandum
2265 584 2365 638 pro
2384 572 2617 639 peccatis
2648 572 2761 627 haec
2818 576 2925 629 vita
2973 585 3075 643 est,
3107 579 3162 634 in
3189 596 3295 651 qua
3344 583 3464 643 ideo

213 658 349 707 tecta
377 657 503 705 sunt
529 658 769 721 peccata,
802 659 861 705 ut
886 652 972 705 hic
999 667 1092 720 per
1113 653 1484 722 pmnitentiam
1517 654 1778 719 velentur,

209 738 349 797 uein
363 739 567 809 judicio
605 740 924 796 revelentur.
978 742 1282 813 Iniquitate:
1345 744 1562 813 quidam
1602 745 1784 815 appel-

207 829 336 891 lant,
358 845 478 900 quae
499 837 623 886 ante
644 831 969 901 baptismum
992 831 1160 894 ﬁunt;
1202 848 1574 902 peccata,qu:e
1596 844 1781 904 postea

202 931 605 994 perpetrantur.

268 1015 437 1070 Vens.
466 1015 521 1069 2.
563 1045 631 1057 —
656 1014 846 1070 Beatus
878 1016 955 1071 uir
972 1018 1057 1071 oui
1084 1034 1187 1071 non
1228 1020 1497 1089 imputavit
1524 1018 1782 1074 Dominus

200 1118 610 1183 peccatum,.nec
636 1117 712 1162 est
742 1109 797 1162 in
820 1126 907 1162 ore
941 1107 1096 1180 [Ms.,
1127 1110 1183 1163 in
1203 1109 1422 1182 spiritu]
1456 1111 1571 1180 ejus
1605 1112 1778 1165 dolus.

203 1199 356 1267 Quod
378 1202 584 1271 tegitur
611 1217 717 1258 non
747 1200 1033 1266 videbitur,
1056 1202 1199 1271 quod
1222 1217 1327 1255 non
1351 1202 1667 1271 imputatur,
1683 1218 1783 1258 nec

200 1271 619 1359 punieturQNec
646 1298 722 1345 est
748 1290 802 1343 in
824 1307 913 1343 ore
936 1291 1051 1359 ejus
1095 1290 1271 1353 dolus.
1300 1291 1403 1346 hoc
1426 1299 1531 1355 est,
1564 1292 1617 1345 in
1640 1292 1782 1347 illius

202 1394 314 1444 ore,
342 1379 434 1451 qui
458 1394 515 1433 se
552 1380 836 1435 confitetur
869 1394 988 1435 esse
1024 1390 1409 1449 peccatorem:
1438 1383 1577 1437 sicut
1598 1382 1781 1437 Publi-

202 1487 389 1536 canus,
410 1472 499 1541 qui
526 1472 676 1535 dixit,
701 1472 943 1539 Domine,
975 1476 1225 1544 propitius
1253 1484 1359 1529 esto
1377 1477 1505 1529 mihi
1520 1478 1781 1547 peccatori

202 1558 357 1627 (Luc.
394 1576 549 1624 mn,
581 1560 688 1628 13).
720 1561 853 1627 Quia
884 1563 975 1631 qui
1024 1564 1125 1617 sibi
1175 1565 1454 1633 displicet,
1505 1566 1619 1635 ipse
1671 1567 1781 1623 Deo

200 1646 403 1715 placet;
434 1661 533 1702 nec
562 1658 644 1703 est
683 1649 736 1703 in
759 1664 851 1707 ore
875 1650 990 1721 ejus
1012 1652 1187 1716 dolus,
1215 1653 1306 1708 sed
1336 1654 1389 1708 in
1414 1655 1640 1711 veritate
1666 1671 1782 1712 cre-

203 1735 337 1791 dens
363 1737 494 1800 Deo,
522 1739 665 1812 quod
690 1742 756 1793 *in
784 1741 945 1796 corde
987 1741 1234 1808 habebat,
1259 1759 1354 1799 ore
1403 1744 1776 1802 conﬁtebatur‘.

273 1827 436 1885 Vsus.
460 1828 513 1882 ὅ.
541 1827 1050 1897 --’Quoniam‘tacui
1071 1833 1479 1889 inveteraverunt
1501 1852 1617 1890 ossa
1642 1854 1775 1902 mea,

1884 658 2055 710 sancti
2082 666 2260 722 orant,
2280 660 2403 728 quia
2421 675 2525 714 non
2545 669 2629 716 est
2646 678 2676 717 a
2696 666 2931 732 peccatis
2958 667 3213 725 immunis
3240 672 3459 742 aliquis.

1891 744 2259 802 Verumtamen
2301 750 2353 803 in
2386 750 2581 805 diluvio
2608 770 2864 823 aquarum
2919 756 3202 821 multarum
3236 763 3306 816 ad
3344 780 3464 820 eum

1884 853 1988 890 non
2019 840 2475 908 approximabunt.
2504 843 2654 897 Multi
2706 844 2897 902 fluctus
2928 849 3249 909 diluviorum
3283 854 3337 913 in
3375 854 3465 925 juo'

1881 927 2234 999 dicioimpios
2262 931 2498 996 volvent,
2521 935 2611 1004 qui
2644 938 2845 999 sanctis
2878 940 3109 995 nocituri
3140 958 3244 999 non
3267 956 3459 1013 erunt;

1882 1032 2055 1088 neque
2083 1022 2150 1073 ad
2170 1036 2293 1075 eum
2320 1024 2769 1093 approximabunt
2799 1038 3088 1097 tormenta,
3119 1035 3209 1103 qui
3230 1051 3329 1106 pro
3354 1039 3469 1095 suis

1882 1107 1970 1163 bic
2006 1111 2241 1176 peccatis
2270 1126 2427 1165 orare
2458 1129 2564 1168 non
2588 1126 2782 1177 cessat,

1953 1201 2113 1256 Vens.
2157 1190 2207 1259 7.
2236 1233 2307 1243 —
2345 1203 2421 1257 Tu
2476 1222 2529 1259 es
2586 1208 2845 1278 refugium
2891 1229 2924 1265 o
2971 1213 3308 1273 tribulatione
3352 1235 3473 1291 qua

1880 1289 2218 1344 circumdedit
2240 1308 2341 1357 me,
2368 1294 2646 1348 exsultatio
2674 1313 2788 1350 mea
2817 1314 2939 1359 erue
2959 1316 3039 1355 me
3080 1320 3112 1355 α
3138 1289 3471 1373 circumdan-

1880 1380 2016 1433 tibus
2047 1398 2145 1433 me.
2181 1382 2307 1438 Mihi
2350 1383 2402 1435 in
2430 1385 2534 1443 isto
2560 1386 2760 1445 diluvio
2787 1403 2891 1442 non
2930 1400 3013 1451 est
3053 1392 3334 1465 refugium,
3362 1398 3467 1462 nisi

1884 1477 1960 1522 tu.
1993 1469 2291 1527 Exsultatio
2322 1485 2461 1537 mea,
2490 1474 2683 1544 inquit,
2719 1477 2924 1533 redime
2948 1496 3053 1537 me.
3106 1481 3211 1540 Sed
3234 1487 3346 1553 jam
3380 1505 3473 1552 ex-

1883 1560 2072 1623 sultas,
2096 1563 2222 1629 quid
2252 1564 2333 1621 vis
2372 1562 2599 1617 redimi?
2635 1566 2938 1629 Exsultatio
2966 1588 3085 1630 mea
3134 1580 3337 1640 redime
3360 1597 3466 1639 mo.

1882 1646 2113 1714 Gaudes,
2136 1658 2193 1705 et
2224 1652 2431 1721 gemis?
2460 1652 2566 1716 lla,
2603 1654 2796 1725 inquit,
2822 1661 3027 1729 gaudeo
3052 1673 3105 1717 et
3127 1668 3468 1735 gemo.Gau.

1882 1738 1982 1794 deo
2008 1740 2060 1793 in
2082 1755 2197 1812 spe,
2225 1756 2379 1813 gemo
2424 1742 2599 1798 adhuc
2626 1746 2678 1798 in
2712 1761 2790 1804 re.
2820 1746 2945 1804 Ideo
3006 1752 3225 1819 subdit,
3263 1760 3467 1823 redime

1883 1843 1970 1883 me
1994 1845 2025 1883 a
2050 1831 2506 1892 circumdantibus
2530 1850 2633 1900 me,
2667 1838 2779 1891 sive
2827 1840 2973 1895 vitiis
2994 1845 3321 1915 carnalibus,
3348 1853 3466 1908 sive

202 1916 329 1976 dum
352 1918 764 1974 clamaremtota
788 1921 891 1975 die.
916 1921 1029 1976 Non
1054 1920 1270 1995 [protuli
1300 1924 1490 1997 (Edit.,
1521 1927 1777 1999 pratum]
1813 1922 1857 1983 Β
1883 1922 2160 1989 spiritibus
2186 1923 2499 1991 immundis,
2524 1929 2612 1996 qui
2640 1944 2737 1982 nos
2767 1930 2995 1999 perdere
3015 1940 3277 2009 prmcipiti
3314 1943 3465 1997 velo.-

201 2008 595 2066 oonfessionem
624 2010 690 2065 ad
738 2011 987 2078 salutem,
1019 2014 1137 2068 ideo
1165 2015 1340 2069 omnis
1378 2014 1637 2072 fortitudo
1662 2034 1779 2073 mea

204 2097 259 2155 in
299 2099 487 2153 carnis
531 2098 842 2154 infirmitate
888 2102 1185 2155 consenuit.
1217 2102 1357 2155 Dum
1386 2103 1665 2158 clamarem
1696 2104 1781 2176 [id

202 2186 321 2258 est]
351 2188 587 2242 clamant
626 2188 801 2254 multi,
831 2190 877 2244 si
908 2190 1035 2259 quid
1061 2192 1185 2247 boni
1211 2192 1429 2258 habent,
1458 2208 1520 2247 ac
1569 2209 1667 2263 per
1688 2210 1779 2248 va-

201 2278 422 2332 nitatem
445 2270 837 2333 demonstrant.
866 2279 1067 2333 Tacent
1116 2281 1378 2354 siquidem
1404 2282 1553 2351 impii
1582 2291 1636 2337 et
1669 2284 1779 2339 cla-

200 2375 367 2425 mant.
392 2367 596 2422 Tacent
624 2368 767 2437 quod
788 2368 936 2443 loqui
958 2368 1039 2424 fas
1062 2378 1175 2435 est;
1204 2370 1496 2441 loquuntur
1529 2372 1671 2446 quod
1694 2382 1776 2427 ta-

198 2473 323 2513 cere
352 2458 566 2514 debent.
598 2456 826 2523 Tacent,
855 2460 980 2513 dum
1018 2475 1115 2514 sua
1152 2461 1487 2516 abscondunt
1505 2471 1733 2531 peccata
1759 2480 1774 2527 ;

197 2547 453 2613 clamant,
475 2549 600 2603 dum
630 2564 726 2604 sua
777 2550 1069 2619 praedicant
1094 2552 1303 2605 merita.
1354 2549 1557 2607 Tacent
1588 2569 1777 2623 pecca-

197 2645 374 2693 torum
393 2640 749 2705 confessione,
764 2643 1321 2699 clamantmeritornm
1339 2646 1769 2714 praesumptione.

197 2729 335 2796 Quid
360 2740 538 2786 autem
566 2741 669 2797 est,
697 2734 824 2787 dum
850 2734 1136 2789 clamarem
1166 2743 1275 2790 tota
1307 2735 1414 2801 die,
1440 2736 1542 2789 nisi
1565 2736 1689 2790 dum
1720 2737 1774 2789 in

196 2818 479 2876 clamando
514 2837 915 2891 perseverarem
951 2824 1016 2877 I?

265 2931 428 2988 Vsus.
458 2932 514 3006 ιτ
538 2963 608 2972 -
631 2933 889 3000 Quoniam
911 2935 997 2988 die
1023 2952 1084 2988 ac
1111 2945 1254 2989 nocte
1276 2945 1489 3006 grauata
1515 2945 1594 2993 est
1619 2952 1774 3006 super

196 3034 278 3075 me
298 3004 649 3079 manus'tua;
676 3020 964 3078 Conversus
992 3040 1104 3079 sum
1137 3025 1192 3077 in
1220 3041 1454 3079 mrumna
1481 3042 1615 3089 mea,
1645 3026 1791 3080 dum.

116 3142 117 3145 η
198 3108 476 3178 configitur
496 3112 622 3164 mihi
642 3112 813 3181 spina.
840 3113 1117 3168 Peccatori
1140 3117 1317 3183 gravis
1331 3126 1416 3170 est
1451 3132 1771 3185 manusque

198 3196 446 3268 ﬂagellat,
468 3208 521 3254 et
566 3204 860 3269 ponderose
887 3203 1120 3258 vindicat
1133 3204 1305 3276 μὴ,
1332 3215 1387 3260 et
1434 3206 1731 3278 ponderosa
1750 3245 1765 3271 ,

1880 2013 2042 2067 citate
2070 2012 2347 2075 festinant.
2946 2070 2953 2077 .

1954 2103 2111 2157 Vens.
2148 2104 2201 2158 8.
2232 2136 2303 2145 —
2341 2105 2667 2167 Intellectum
2692 2112 2787 2170 tibi
2810 2113 2943 2172 dabo
2979 2125 3025 2169 et
3049 2118 3305 2177 instruant
3333 2132 3382 2183 te
3407 2125 3463 2182 in

1877 2194 1959 2245 via
1982 2195 2079 2247 hac
2105 2213 2208 2267 qua
2247 2200 2527 2267 gradieris,
2556 2202 2777 2269 ﬁnnabo
2802 2224 2975 2276 super
3018 2220 3067 2264 te
3100 2214 3279 2269 oculos
3300 2233 3461 2278 meos.

1880 2284 1995 2340 Vox
2048 2285 2281 2352 Domini,
2310 2280 2413 2346 vos
2463 2292 2792 2349 intellectum
2826 2298 3021 2357 dantis.
3056 2302 3170 2372 Ipse
3207 2316 3290 2360 est
3316 2309 3463 2365 enim

1876 2376 2198 2445 intellectus,
2221 2399 2380 2451 quem
2409 2386 2600 2456 psalmi
2626 2390 2815 2447 titulus
2835 2408 2961 2449 vere
2986 2394 3136 2466 [ιι.
3165 2400 3303 2455 tituli
3326 2405 3466 2459 veri-

1878 2467 1980 2540 tas]
2016 2470 2291 2537 indicavit,
2333 2491 2490 2547 quem
2540 2482 2927 2549 pmnitentibus
2983 2497 3220 2555 potestas
3248 2492 3461 2549 Domini

1874 2556 2168 2617 clementer
2204 2562 2401 2621 infudit
2441 2564 2594 2635 [Ms.,
2626 2568 2899 2645 infundit].
2923 2576 3145 2638 Addidit
3185 2590 3385 2649 autem,
3414 2596 3465 2639 ot

1873 2657 2131 2706 mstruam
2173 2659 2241 2714 te,
2265 2652 2326 2707 id
2379 2664 2501 2721 est,
2538 2659 2865 2717 nescientem
2918 2667 3120 2722 docebo
3170 2672 3461 2729 salutarem

1873 2736 2017 2790 viam
2048 2739 2094 2793 δ.
2128 2740 2222 2796 Via
2258 2752 2342 2796 est
2368 2746 2513 2804 enim
2544 2761 2704 2815 quam
2729 2750 3004 2821 ingressus
3028 2753 3224 2823 fuerat,
3254 2763 3460 2816 servire

1874 2826 2204 2897 Deoprioris
2253 2834 2478 2889 actionis
2517 2838 2780 2912 pravitate
2821 2843 3093 2899 damnata.
3153 2846 3446 2918 Sequitur:

1874 2913 2126 2971 Firmabo
2162 2915 2317 2989 super
2336 2932 2385 2976 te
2425 2925 2599 2979 oculos
2644 2944 2805 2983 meos.
2838 2930 2895 2985 id
2916 2942 3020 2999 est,
3043 2913 3273 3006 dirigam
3300 2938 3356 2993 in
3406 2949 3460 2996 te

1874 3006 2052 3063 lumen
2077 3010 2439 3083 intelligentia:
2473 3033 2627 3073 mete.

1944 3102 2104 3157 Vsus.
2132 3105 2183 3159 9.
2204 3134 2277 3147 —
2306 3108 2481 3164 Nolite
2524 3114 2642 3181 ﬁeri
2686 3116 2819 3171 sicut
2852 3135 3018 3191 equus
3049 3131 3100 3176 et
3141 3125 3348 3193 mulus,
3400 3130 3456 3182 in

1869 3194 2056 3269 quibus
2089 3212 2192 3249 non
2212 3207 2285 3250 est
2307 3199 2621 3262 intellectus.
2663 3206 2763 3273 Qui
2787 3211 3010 3267 nouDei
3038 3215 3459 3283 voluntatefsed

196 3302 316 3356 qua,
334 3288 568 3343 vindica;
589 3288 625 3360 ι,
655 3291 753 3346 me
795 3310 857 3346 σε
894 3304 1061 3358 ηαστε,
1092 3297 1406 3351 continuum
1439 3276 1672 3365 'wmpus
1697 3298 1770 3351 εί-
1796 3276 1839 3338 C
1871 3288 2088 3358 proprio
2118 3304 2176 3343 se
2213 3298 2363 3345 motu
2391 3308 2578 3364 regere
2607 3301 2813 3365 volunt,
2849 3302 3079 3361 eﬂrenes
3109 3309 3163 3362 in
3188 3307 3467 3366 luxuriam

195 3375 434 3447 gniﬁcat.
462 3378 633 3433 Aliter
654 3389 833 3436 autem
863 3381 1090 3453 feliciter
1109 3385 1423 3439 humiliatus
1452 3400 1557 3440 non
1593 3394 1763 3449 esset,

198 3466 298 3521 nisi
322 3483 446 3542 eum
466 3485 657 3525 manus
684 3472 1411 3545 divinitatisy‘comprimeret.
1463 3477 1768 3535 Conversus

193 3572 314 3612 sum
352 3560 404 3613 in
454 3575 690 3615 aerumna
741 3578 892 3630 mea,
949 3565 1002 3619 id
1034 3573 1152 3630 est,
1200 3566 1437 3622 intellexi
1485 3579 1766 3637 peccatum

195 3662 396 3713 meum,
418 3658 703 3719 postquam
739 3654 1097 3709 aerumnosum
1123 3671 1208 3711 me
1231 3656 1401 3712 fecisti
1427 3660 1526 3714 sub
1553 3670 1655 3716 tua:
1680 3676 1769 3731 po-

197 3737 376 3793 tentiae
404 3740 805 3809 aggravatione.
846 3742 902 3801 In
932 3759 1189 3809 mrumna,
1227 3747 1281 3800 id
1319 3754 1400 3802 est
1426 3748 1479 3801 in
1527 3750 1762 3804 miseria.

186 3824 332 3895 Quid
359 3836 443 3881 est
477 3837 657 3883 autem
695 3830 846 3902 spina
872 3847 991 3907 qua:
1038 3834 1343 3905 configitur,
1388 3838 1491 3891 nisi
1521 3838 1767 3894 stimulus

196 3906 538 3974 conscientiae
558 3924 910 3989 peccatrieis?

265 4024 429 4085 Vsus.
456 4028 511 4082 5.
540 4060 611 4069 —
633 4031 887 4089 Delictum
918 4051 1086 4089 meum
1127 4039 1389 4107 cognitum
1425 4040 1519 4093 tibi
1562 4040 1680 4109 feci,
1717 4052 1765 4095 et

194 4117 480 4185 injustitias
522 4136 663 4177 meas
688 4121 828 4193 [Ms.,
859 4126 1168 4193 injustitiam
1198 4127 1391 4199 meum]
1412 4146 1516 4182 non
1564 4134 1763 4200 operui.

192 4204 337 4260 idem
356 4214 440 4263 est
461 4211 735 4278 cognitum
775 4211 954 4268 facere
976 4222 1031 4268 et
1078 4230 1183 4269 non
1231 4218 1472 4285 operire,
1503 4218 1605 4273 hoc
1637 4228 1717 4273 est
1748 4260 1763 4283 ,

193 4295 459 4357 conﬁteri.
483 4297 617 4366 Quia
641 4302 684 4355 si
714 4303 875 4357 homo
893 4313 1169 4372 peccatum
1194 4322 1297 4360 non
1327 4310 1589 4378 agnoscit,
1620 4308 1765 4365 Deus

191 4402 297 4461 non
328 4390 560 4459 ignoscit
595 4391 743 4464 [Ιεη
769 4395 812 4449 si
842 4396 1001 4450 homo
1030 4398 1289 4466 agnoscit,
1316 4398 1461 4454 Deus
1489 4400 1758 4472 ignoscit].

189 4476 454 4538 Delictum
498 4495 626 4538 vero
660 4486 875 4552 quidam
915 4496 1237 4556 putaverunt
1285 4489 1401 4545 leve
1445 4500 1761 4559 peceatum:

188 4567 509 4642 iniustitiam
532 4579 712 4629 autem
741 4574 973 4629 immane
1000 4578 1216 4645 aliquod
1241 4577 1592 4651 [satumque]
1617 4596 1764 4641 com-
1789 4605 1839 4666 υ

188 4660 435 4724 missum.
486 4660 613 4716 Dixi
648 4666 995 4734 pronuntiabo
1043 4667 1291 4721 adversus
1332 4685 1415 4722 nu
1470 4670 1758 4739 iniustitias

187 4767 330 4806 Inoas
349 4752 597 4820 Domino,
622 4765 672 4809 et
699 4766 755 4811 tu
794 4758 1035 4813 remisisti
1077 4759 1392 4829 impietatem
1413 4763 1611 4831 peccati
1633 4764 1757 4819 mei.

186 4839 552 4900 Pronuntiabo
586 4844 755 4911 dixit,
805 4848 907 4903 hoc
952 4856 1056 4914 est,
1099 4849 1307 4920 publice
1351 4851 1666 4916 confitebor,
1700 4861 1758 4907 ut

186 4934 321 4992 alios
368 4934 576 4991 scilicet
597 4936 665 4990 ad
688 4937 1040 4995 imitationem
1068 4943 1264 4997 trahat.
1296 4943 1547 5013 Impietas
1576 4954 1757 5000 autem

185 5023 366 5078 cordis
392 5022 600 5090 fuerat,
648 5040 751 5095 qua
783 5024 934 5098 [Us.,
962 5029 1109 5101 quia]
1143 5039 1323 5087 tacere
1349 5034 1682 5091 decreverat.

252 5111 420 5185 ω
437 5113 718 5171 Adversum
743 5133 846 5183 me,
869 5118 1059 5187 inquit,
1079 5124 1441 5189 pronuntiabo,
1468 5125 1521 5180 id
1541 5134 1645 5191 est,
1669 5142 1757 5181 me

186 5200 362 5269 ipsum
383 5205 666 5262 amabo.
718 5205 789 5261 Et
839 5218 897 5262 tu
926 5210 1167 5264 remisisti
1196 5212 1506 5282 impietatem
1558 5218 1754 5285 peccati

184 5293 306 5357 mei,
328 5295 543 5363 quando
574 5311 696 5365 qua
720 5300 871 5367 prius
897 5316 1181 5372 igesseram
1217 5304 1639 5361 misericorditer
1673 5308 1755 5362 in-

187 5382 419 5445 dulsisti.
782 5439 786 5442 ι
1221 5441 1223 5443 ,

255 5472 417 5534 Vsus.
442 5474 494 5530 ϐ.
524 5504 595 5518 --
621 5474 731 5531 Pro
750 5478 848 5533 hac
874 5480 1193 5555 [impietate]
1219 5485 1481 5538 orabitad
1508 5495 1557 5539 te
1584 5490 1753 5541 omnis

184 5572 403 5625 sanctus
430 5564 488 5617 iss
511 5575 742 5637 tempore
770 5562 1077 5639 opportuno.
1118 5573 1348 5643 Tempus
1394 5583 1752 5643 opportunum

254 5696 281 5735 ι
298 5718 301 5719 ν
510 5705 641 5772 mss.
665 5717 687 5772 τὲ
712 5699 913 5772 Tacent
941 5703 1351 5772 confessionem,
1369 5706 1600 5762 clamant
1622 5724 1752 5772 prte—

186 5764 561 5842 snmptionem.
587 5765 729 5842 Quid
749 5782 834 5825 est
876 5785 1006 5842 ergo
1026 5774 1306 5831 clamando
1332 5764 1443 5832 tota
1472 5777 1598 5833 die?
1622 5764 1751 5833 l‘er-

186 5835 480 5891 severando
505 5835 558 5889 in
579 5836 887 5896 defensione
910 5835 1252 5909 pEccatorum
1287 5861 1527 5903 suorum.

1872 3377 2143 3434 decidunt.
2176 3380 2285 3437 Hos
2324 3387 2593 3455 Propheta
2641 3404 2856 3450 coercet
2889 3399 3067 3453 verbis
3121 3403 3454 3460 terribilibus
3483 3453 3491 3460 .

1869 3464 2053 3522 dicens
2078 3487 2090 3520 :
2122 3468 2190 3525 In
2210 3473 2392 3527 chamo
2416 3486 2463 3529 et
2491 3478 2637 3546 freno
2664 3483 2909 3538 maxillas
2929 3502 3108 3540 eorum
3132 3494 3459 3558 constringe,

1867 3560 1956 3629 qui
1987 3578 2089 3615 non
2127 3569 2491 3634 approximant
2544 3572 2613 3624 ad
2640 3582 2710 3627 te.
2741 3573 2919 3630 Freno
2955 3587 3010 3632 et
3053 3581 3245 3636 cbamo
3270 3585 3454 3639 mode-

1869 3651 2092 3704 rationis
2122 3668 2231 3707 suae
2264 3656 2402 3710 Deus
2426 3673 2637 3716 coercet
2658 3664 2953 3739 impiorum
3002 3671 3331 3740 superbiam,
3354 3675 3449 3743 qui

1861 3740 2069 3810 jactant
2092 3746 2281 3799 merita
2314 3763 2429 3813 sua,
2471 3760 2524 3803 et
2554 3762 2734 3808 tacent
2775 3768 2997 3825 peccata
3043 3776 3161 3816 sua.
3222 3762 3346 3828 Qui,
3371 3740 3451 3819 in-

1866 3835 2001 3901 quit,
2027 3850 2129 3888 non
2169 3842 2533 3917 approximont
2562 3846 2631 3899 ad
2678 3856 2748 3913 te,
2790 3863 2819 3901 a
2869 3865 2977 3919 quo
3002 3866 3099 3920 per
3141 3856 3466 3925 superbiam‘

1864 3923 2179 3993 elongantur
2205 3927 2360 3999 [Ms.,
2384 3936 2478 3987 sed
2496 3939 2762 4005 superbia
2792 3940 3153 4015 elongantnr].

1936 4017 2097 4071 Vsus.
2124 4018 2209 4071 l0.
2232 4050 2303 4059 ——
2323 4020 2491 4077 Multa
2515 4026 2724 4095 ﬂagella
2757 4038 3084 4098 peccatorum
3109 4032 3254 4105 [quia
3283 4039 3448 4106 poeni-

1864 4108 2086 4162 tentiam
2126 4125 2287 4179 agere
2342 4113 2684 4188 noluerunt],
2738 4132 3004 4189 sperantes
3047 4136 3217 4183 autem
3257 4130 3313 4182 in
3343 4129 3450 4185 Do—

1864 4197 2005 4253 mino
2027 4199 2384 4255 misericordia
2426 4206 2787 4263 circumdabit.
2835 4222 2857 4250 ο
2901 4211 3014 4283 [Illa
3050 4216 3441 4285 misericotdia,

1864 4293 1924 4337 ut
1945 4289 2109 4340 vitam
2155 4302 2462 4349 mereantur
2486 4296 2888 4364 sempiternam.
2926 4301 3025 4367 Qui
3051 4314 3252 4359 rectam
3296 4322 3445 4376 spem

1865 4383 1918 4434 et
1951 4376 2109 4437 (idem
2146 4380 2201 4434 in
2227 4380 2337 4436 Deo
2370 4384 2583 4449 habent,
2613 4387 2757 4456 ipsos
2807 4392 3170 4448 misericordia
3202 4396 3295 4450 Dei
3340 4399 3446 4451 cir-

1864 4467 2210 4540 cumdat],ut
2246 4486 2351 4525 non
2395 4475 2465 4527 sit
2506 4474 2722 4532 relictus
2746 4478 2934 4547 locus,
2977 4476 3119 4537 unde
3162 4486 3332 4553 possit
3377 4489 3444 4543 ad

1862 4574 1957 4617 eos
1984 4562 2180 4622 diaboli
2214 4564 2482 4625 hostilitas
2522 4567 2765 4625 introire.

1935 4652 2099 4718 Vsus,
2126 4653 2213 4707 it.
2239 4684 2309 4695 —-
2334 4655 2609 4714 Ltetamini
2640 4661 2696 4715 in
2726 4662 2954 4720 Domino
3005 4676 3054 4721 et
3080 4668 3335 4736 exsultate
3346 4672 3441 4741 ju-

1860 4742 1948 4806 sti,
1980 4753 2027 4797 et
2050 4743 2348 4814 gloriamini
2368 4764 2545 4804 omnes
2587 4755 2713 4809 recti
2748 4751 2920 4810 corde.
2952 4757 3221 4826 Propheta
3248 4762 3437 4815 horta-

1861 4841 1949 4890 tur
1975 4834 2267 4891 Ecclesiam
2283 4837 2448 4893 uetari
2474 4841 2543 4896 de
2570 4856 2665 4910 spe
2687 4845 2812 4898 vitm
2836 4854 3049 4901 reterns:
3070 4856 3126 4902 et
3151 4862 3437 4919 regenera-

1859 4925 2037 4981 tionis.
2071 4927 2271 4983 Tamen
2312 4930 2522 4990 lmtatur
2558 4942 2613 4986 et
2640 4932 2727 4988 hic
2755 4934 2810 4988 in
2837 4937 3196 4994 tribulatione.
3227 4940 3437 4996 Gloria-

1856 5017 1985 5070 mini
2015 5034 2204 5074 omnes
2229 5023 2358 5076 recti
2394 5022 2577 5086 corde,
2610 5033 2671 5077 ut
2713 5026 2789 5080 ait
2826 5026 3061 5083 Paulus:
3091 5028 3195 5094 Qui
3239 5030 3434 5101 glorio-
3468 5082 3475 5084 _

1855 5114 1962 5170 tur,
1983 5106 2038 5159 in
2078 5107 2304 5162 Domino
2341 5110 2597 5180 glorietur
2623 5113 2680 5182 (I
2710 5114 2833 5171 Cor.
2869 5134 2902 5181 ι,
2936 5118 3048 5188 3|).
3090 5119 3241 5174 Βροιὶ
3268 5120 3435 5176 corde

1854 5196 2123 5261 dicuntur,
2155 5200 2350 5266 quibus
2372 5202 2551 5256 omnia
2580 5203 2671 5259 Dei
2691 5204 2895 5273 judicia
2915 5208 3147 5276 placent,
3169 5217 3223 5262 et
3247 5224 3306 5264 se
3338 5225 3429 5265 ac-

1854 5297 2044 5344 cusant
2073 5291 2137 5345 de
2176 5292 2291 5347 suis
2335 5296 2594 5364 peccatis,
2628 5304 2682 5348 et
2701 5297 2878 5373 Deum
2921 5299 3034 5353 sive
3082 5300 3136 5353 in
3186 5301 3430 5359 adversis

1852 5380 1965 5434 sive
2002 5381 2057 5434 in
2085 5383 2354 5452 prosperis
2375 5397 2584 5451 semper
2608 5384 2844 5440 laudant.

2330 5472 2649 5551 PSALMUS
2686 5476 2943 5534 xxxvn.

1921 5566 2083 5622 Vens.
2115 5567 2167 5619 t.
2191 5597 2262 5606 --
2286 5567 2495 5623 Titulus
2525 5567 2722 5625 Psalmi
2748 5590 2765 5625 :
2796 5572 2860 5626 In
2878 5573 3036 5641 ﬁnem
3062 5574 3289 5638 psalmus
3314 5573 3423 5630 Da-

1920 5716 1948 5755 b
1985 5715 2149 5771 Codd.
2170 5732 2309 5799 mss.
2338 5718 2563 5799 :_Quasi_
2583 5722 2908 5799 nescientem
2949 5726 3166 5783 doceam
3192 5766 3210 5792 ,
3265 5728 3420 5799 quasi

1851 5786 2108 5863 inermem
2135 5786 2310 5863 gladio
2338 5789 2467 5863 vita).
2485 5790 3051 5863 salutarisaccingam.

1925 5866 1945 5893 ε
1990 5854 2080 5907 Sic
2109 5856 2251 5909 edita
2278 5860 2630 5914 emendantur
2650 5860 2806 5916 codd.
2836 5854 2969 5919 mss.
