4428 6444
804 510 911 567 179
1415 557 1421 569 .
1647 507 1711 563 Β.
1747 506 1809 561 1⁷.
1848 502 2071 560 ΔιΒΙΝι
2109 501 2243 559 SEU
2277 501 2551 561 ALCUINI

2280 501 2559 565 ALCUINI
2586 502 2868 582 ΟΡΕΙςϋΜ
2908 504 2989 560 PA
2998 503 3085 561 115
3118 504 3181 560 ιι.
3915 497 4029 555 ιδο

800 623 887 681 ὸὶά
913 627 967 678 in
991 622 1464 678 rememoratianem
1482 620 1586 675 diei
1606 616 2133 675 saltbati.8abbatum
2157 602 2370 687 requies
2398 624 2441 676 Δ
2469 617 2804 674 confessione
2836 626 2892 674 et
2931 617 3187 674 maestitia
3238 628 3345 671 non
3395 612 3734 671 dimittuntur
3777 620 4029 685 peccata.

804 714 1205 783 interpretatur,
1231 710 1355 779 quia
1378 709 1721 779 requiescunt
1756 706 1907 782 [Νι.
1926 708 2031 763 hoc
2052 714 2135 761 est
2155 704 2370 775 quando
2472 706 2602 762 Tota
2634 708 2720 764 die
2747 709 3078 763 contristatus
3107 706 3453 779 ingrediebar,
3479 705 3750 777 indignum
3786 719 3872 760 me
3908 716 4038 760 esse

766 874 769 877 ν
801 800 1167 876 requiescunt]
1212 803 1383 859 sancti
1406 842 1423 868 ,
1449 802 1501 869 id
1528 809 1611 858 est
1646 811 1830 855 sancta
1855 798 2093 854 Ecclesia
2139 796 2231 871 [de
2279 794 2371 850 illa

804 897 989 966 requie
1039 894 1273 964 paradisi
1302 908 1460 959 quam
1490 891 1722 960 perdidit
1754 891 1807 945 in
1854 887 2068 961 Adam}.
2108 878 2408 941 Admonet‘

804 999 986 1043 autem
1014 1002 1113 1042 nos
1132 988 1389 1057 psalmus,
1414 995 1471 1039 ut
1492 986 1538 1041 si
1564 987 1812 1055 cuiquam
1848 984 2057 1039 accidat
2093 980 2373 1037 inﬁrmitas

798 1077 1153 1147 corporisque
1172 1075 1453 1145 fragilitas,
1478 1090 1583 1129 non
1633 1074 1856 1130 desistat
1882 1073 2152 1128 cmlestem
2198 1071 2375 1141 requi-

809 1184 931 1224 rere
957 1168 1294 1231 Inedicinam,
1312 1167 1363 1220 in
1377 1182 1485 1235 qua
1502 1156 1823 1234 requiescat.
1846 1164 1900 1218 ln
1915 1164 2014 1217 hoc
2034 1177 2161 1217 vero
2172 1160 2375 1230 psalmo

808 1259 1052 1327 corporis
1073 1257 1154 1312 sui
1199 1272 1421 1312 causam
1454 1255 1701 1310 Christus
1755 1254 1902 1325 agit,
1952 1268 2057 1307 non
2090 1252 2230 1322 quod
2263 1250 2376 1322 ipse

807 1359 1086 1421 peccatum
1119 1349 1362 1412 haberet,
1387 1348 1479 1402 sed
1512 1347 1653 1416 ‘quod
1682 1361 1778 1416 pro
1808 1346 1961 1400 nobis
1980 1352 2257 1415 peccatum
2293 1342 2375 1397 l‘a-

810 1447 932 1495 ctus
952 1448 1056 1501 est,
1077 1447 1135 1491 ut
1166 1452 1274 1497 «nos
1302 1452 1331 1491 a
1361 1444 1582 1505 peccato
1627 1436 1879 1489 liberaret
1904 1452 1916 1487 :
1948 1434 2041 1504 qui
2095 1430 2379 1503 aliquando

810 1542 876 1583 ex
901 1542 1125 1599 persona
1149 1528 1313 1582 solius
1336 1526 1527 1597 capitis
1555 1526 1808 1595 loquitur,
1840 1526 1982 1594 quod
2007 1531 2091 1589 est
2116 1524 2228 1592 ipse
2256 1520 2376 1576 Sal-

803 1629 965 1674 vator
983 1629 1137 1675 natus
1157 1635 1223 1675 ex
1250 1618 1413 1673 Maria
1437 1619 1675 1689 virgine;
1727 1617 2013 1687 aliquando
2038 1631 2105 1670 ex
2150 1602 2380 1684 persona

812 1716 1055 1783 corporis
1076 1712 1177 1775 sui,
1210 1714 1351 1783 quod
1385 1721 1469 1767 est
1494 1718 1676 1766 sancta
1710 1710 1945 1765 Ecclesia
1970 1750 1984 1773 ,
2031 1706 2221 1763 dill'usa
2269 1706 2383 1761 tolo

812 1803 949 1861 orbe
1000 1813 1304 1858 terrarum:
1336 1803 1533 1857 idcirco
1582 1801 1724 1871 quod
1773 1816 1965 1870 corpus
2001 1800 2237 1869 loquitur
2280 1799 2383 1855 hoc

2461 795 2709 867 judicans
2754 797 2849 867 qui
2886 796 2973 852 vel
3010 796 3197 853 oculos
3218 796 3285 852 ad
3312 795 3509 852 coelum
3532 795 3716 852 levare
3735 795 4034 859 auderem;

2468 889 2562 944 sed
2606 889 2913 959 percutiens
2942 897 3130 960 pectus
3158 902 3334 943 meum
3382 886 3591 943 aiebam
3621 906 3634 941 :
3667 884 3828 952 Deus,
3856 886 4041 958 propi-

2470 979 2574 1033 tius
2610 989 2717 1033 esto
2753 979 2877 1031 mihi
2903 980 3180 1049 peccaturi.
3213 976 3340 1032 Tota
3363 978 3448 1032 die
3483 988 3662 1032 autem
3683 970 3727 1045 ,'
3754 978 4042 1037 continua-

2471 1070 2671 1124 tionem
2698 1069 2898 1125 doloris
2923 1069 3191 1140 signiﬁcat
3220 1068 3346 1141 [Με.
3368 1067 3643 1141 ostendit].
3850 1078 3853 1079 '

2490 1164 2499 1169 ’
2543 1159 2706 1214 Vens.
2731 1158 2873 1228 8.έ-
2901 1158 3161 1225 Quoniam
3196 1158 3359 1212 lumbi
3400 1159 3499 1212 mei
3536 1158 3732 1229 impleti
3765 1167 3887 1213 sunt
3913 1157 4044 1213 illu-

2475 1242 2785 1309 sionibusmt
2811 1266 2915 1314 non
2942 1259 3015 1303 est
3040 1250 3239 1304 sanitas
3269 1249 3325 1302 in
3356 1266 3511 1302 carne
3538 1248 3807 1303 mea.’lllis
3831 1248 4043 1307 illusio-

2474 1341 2632 1405 nibus
2658 1357 2716 1398 se
2744 1341 3027 1412 proﬁtetur
3048 1356 3166 1397 esse
3195 1340 3450 1411 repletum
3494 1350 3652 1410 atque
3687 1341 4043 1404 inﬁrmatam,

2475 1432 2668 1502 quibus
2707 1431 2950 1487 diabolus
2974 1419 3265 1485 humanum
3293 1446 3461 1502 genus
3485 1431 3637 1485 illieit
3664 1440 3721 1485 ut
3745 1430 4045 1500 delinquat.

2546 1524 2710 1579 Vens.
2741 1525 2793 1579 9.
2826 1552 2898 1564 ——
2921 1521 3162 1595 Afflictus
3190 1539 3305 1577 sum
3340 1533 3385 1577 et
3419 1524 3721 1579 humiliatus
3743 1539 3856 1589 sum
3885 1523 4044 1577 nimis

2476 1632 2838 1686 usquequaque
2874 1633 2893 1669 :
2922 1613 3185 1684 rugiebam
3223 1631 3254 1667 a
3282 1616 3473 1685 gemitu
3499 1615 3670 1668 cordis
3695 1615 3813 1668 mei.
3844 1614 4049 1669 Possu-

2479 1723 2599 1762 mus
2622 1704 2845 1779 [autem]
2870 1720 3095 1777 corpore
3122 1707 3333 1761 curvari
3356 1747 3370 1771 ,
3414 1715 3470 1761 et
3505 1707 3683 1762 animo
3724 1722 3827 1761 non
3866 1707 4049 1762 humi.

2481 1800 2623 1856 liari.
2655 1800 2778 1876 Ideo
2805 1800 2893 1855 hic
2921 1806 3207 1869 utrumque
3236 1798 3581 1869 conjunctum
3608 1783 3712 1853 est.
3745 1798 3879 1863 Quia
3908 1798 4052 1853 mul-

814 1892 956 1949 idem
988 1901 1041 1964 et
1072 1901 1247 1961 caput.
1286 1891 1455 1946 Erunt
1487 1892 1647 1961 igitur
1682 1890 1787 1945 duo
1831 1891 1885 1949 in
1929 1905 2091 1945 carne
2125 1904 2229 1943 una
2256 1887 2382 1964 [hoc
2415 1959 2449 1964 _
2484 1889 2647 1961 tiplex
2698 1888 2979 1944 calamitas
3028 1887 3252 1947 liberum
3302 1886 3377 1941 nil
3434 1886 3707 1957 relinquit,
3751 1886 3840 1955 hic
3876 1887 4049 1941 etiam

817 1982 925 2055 est]
946 1962 1188 2039 Christus
1210 1992 1264 2036 et
1286 1984 1546 2037 Ecrlcsia.

888 2072 1119 2127 γεκαὶ
1137 2102 1207 2111 -
1232 2070 1392 2142 349
1422 2070 1633 2124 Dom’ne
1671 2088 1731 2125 ne
1759 2072 1812 2124 in
1837 2072 1915 2123 ira
1931 2080 2032 2133 tua
2059 2087 2251 2140 arguas
2284 2086 2385 2134 me,

819 2175 982 2229 neque
1007 2159 1062 2212 in
1091 2158 1268 2227 furore
1295 2170 1383 2210 tuo
1414 2160 1665 2228 corripias
1692 2176 1789 2211 me.
1836 2157 2025 2230 [Totus
2058 2158 2297 2228 psalmus
2321 2172 2387 2211 ex

821 2262 1047 2319 persona
1098 2248 1406 2317 pmrtitentis
1455 2256 1574 2311 est,
1626 2248 1719 2302 sed
1764 2249 1830 2301 ad
1876 2247 2148 2302 Christum
2199 2246 2387 2303 referri

819 2346 1015 2408 potest,
1044 2337 1185 2391 sicut
1204 2346 1261 2391 et
1283 2338 1647 2407 sexagesimus
1675 2336 1944 2407 octavus]
1975 2336 2215 2400 Domine,
2245 2352 2305 2389 ne
2335 2337 2389 2390 in

820 2427 902 2479 ira
924 2436 1035 2478 tua.
1068 2425 1149 2479 lra
1174 2465 1188 2486 ,
1216 2426 1405 2495 utjam
1435 2426 1665 2478 diximus
1692 2466 1705 2488 ,
1738 2425 2022 2479 commotio
2055 2432 2141 2478 est
2182 2423 2343 2478 animi
2373 2440 2387 2489 ;

824 2516 974 2572 furor
1000 2532 1125 2571 vero
1152 2517 1386 2572 vindicta
1418 2518 1797 2572 irrationabilis
1820 2534 1942 2573 cum
1973 2518 2110 2573 fellis
2138 2519 2394 2573 amaritu-

823 2605 968 2661 dine.
997 2606 1120 2661 l-Jeo
1150 2606 1250 2661 iste
1275 2646 1290 2669 ,
1332 2607 1421 2676 qui
1452 2622 1511 2661 se
1536 2615 1872 2677 peceatorem
1899 2608 2023 2673 scit,
2054 2624 2158 2662 non
2188 2609 2241 2663 in
2270 2609 2348 2662 ira
2373 2648 2389 2674 ,

822 2698 919 2755 sed
945 2712 1043 2767 per
1066 2699 1513 2763 misericordiam,
1564 2713 1663 2753 nec
1716 2699 1769 2753 in
1820 2696 2022 2761 furore,
2053 2699 2271 2770 sedper
2299 2715 2394 2770 pa-

824 2788 1067 2842 tientiam
1115 2788 1265 2856 argui
1318 2801 1376 2842 se
1428 2788 1679 2858 postulat.
1723 2787 1861 2843 Sunt
1902 2797 2076 2843 tamen
2113 2790 2207 2859 qui
2256 2790 2392 2843 iram

827 2886 1083 2933 aeternam
1116 2876 1411 2947 intelligant
1431 2878 1724 2947 gehennam
1751 2918 1765 2942 ,
1795 2887 1847 2933 et
1878 2876 2111 2959 furorem
2142 2887 2395 2949 purgato-

828 2964 967 3020 rium
994 2966 1189 3035 ignem,
1216 2980 1245 3017 a
1276 2965 1473 3035 quibus
1495 2964 1649 3038 [Ms.,
1679 2967 1745 3022 de
1770 2983 1876 3038 quo
1896 2966 2147 3041 utroque]
2175 2967 2393 3023 liberari

828 3055 913 3110 vir
941 3064 1156 3110 sanctus
1184 3057 1374 3125 poscit.

902 3146 1064 3202 Vens.
1085 3148 1137 3201 3.
1162 3176 1232 3186 —
1258 3145 1515 3212 Quoniam
1541 3148 1744 3220 sagitta:
1773 3152 1876 3204 tute
1904 3151 2080 3220 inﬁxa:
2100 3162 2221 3207 sunt
2243 3154 2394 3220 mihi,

786 3236 791 3239 ’
828 3244 878 3291 st
904 3236 1223 3307 conﬁrmasti
1250 3252 1403 3305 super
1427 3254 1506 3290 me
1537 3254 1747 3291 manum
1778 3249 1943 3291 tuam.
1992 3238 2211 3309 Sagittae
2234 3241 2396 3295 verba

827 3327 1088 3383 doctrinae
1116 3335 1219 3381 tua;
1246 3338 1392 3390 sunt,
1415 3341 1535 3395 quae
1562 3336 1622 3380 ut
1644 3327 1883 3395 jaculum
1928 3330 2395 3393 transverberaveb

828 3424 959 3473 runt
990 3430 1086 3470 cor
1112 3430 1311 3479 meum,
1353 3423 1413 3467 ut
1440 3429 1653 3485 agerem
1684 3418 2071 3486 pmnitentiam.
2109 3420 2173 3473 Et
2203 3420 2394 3488 conﬁr-

829 3504 987 3560 musti
1028 3519 1184 3573 super
1225 3519 1307 3556 me
1355 3519 1567 3556 manum
1611 3513 1773 3565 tuam,
1817 3513 1878 3557 ut
1920 3515 2176 3575 tanquam
2223 3508 2396 3563 bonus

830 3597 1107 3665 magister,
1150 3594 1518 3665 castigationis
1548 3593 1861 3667 verberibus
1882 3595 2179 3663 'alllictum,
2210 3598 2397 3655 redde-

832 3699 923 3741 res
950 3684 1307 3739 emendatum.

905 3776 1069 3831 Vsus.
1090 3775 1143 3829 ι.
1170 3803 1242 3815 -—
1269 3773 1390 3828 Non
1414 3784 1491 3829 est
1524 3777 1721 3831 sanitas
1761 3777 1817 3830 in
1852 3794 2009 3831 carne
2050 3795 2167 3832 mea
2203 3796 2235 3832 ο
2264 3779 2398 3849 facie

830 3868 930 3925 ira
952 3878 1076 3933 tute,
1105 3884 1207 3921 non
1239 3876 1312 3921 est
1340 3883 1443 3937 pax
1466 3868 1664 3923 ossibus
1701 3868 1827 3922 meis
1854 3885 1885 3921 a
1914 3868 2048 3937 facie
2069 3881 2395 3951 peccatorum

834 3975 1088 4014 meorum.
1116 3959 1233 4013 Vidi
1280 3957 1475 4015 faciem
1521 3960 1615 4014 iraa
1653 3968 1757 4015 tua:
1782 3968 1836 4016 et
1876 3975 1979 4016 non
2025 3963 2194 4032 ipsam
2222 3964 2357 4018 iram
2380 4004 2395 4029 ,

834 4049 940 4105 hoc
969 4058 1073 4110 est,
1094 4046 1327 4102 intellexi
1356 4062 1452 4116 per
1473 4047 1780 4117 Scripturas
1805 4058 2043 4114 sanctas,
2069 4060 2270 4119 quanta
2298 4044 2399 4106 mi-

833 4136 1055 4194 uabaris
1078 4134 1446 4205 peccantibus,
1475 4143 1531 4189 et
1557 4136 1770 4191 extabui
1799 4146 1988 4206 petens
2008 4153 2074 4193 ne
2096 4140 2209 4209 ipsa
2238 4154 2401 4212 super

834 4213 925 4284 me
948 4227 1027 4281 ira
1052 4222 1419 4281 descenderet.
1450 4223 1586 4290 Quia
1624 4242 1728 4280 non
1752 4236 1827 4279 est
1862 4244 1967 4296 pax
1994 4230 2194 4284 ossibus
2215 4232 2341 4285 meis
2367 4250 2399 4285 α

763 4376 767 4380 _
838 4315 972 4385 facie
1008 4324 1333 4383 peccatorum
1379 4331 1631 4370 meorum.
1670 4316 1880 4371 Nullam
1922 4321 2158 4388 quietem
2206 4321 2400 4378 indulsi

786 4416 801 4439 ε
838 4402 920 4459 vel
948 4403 1158 4457 ossibus
1186 4404 1319 4458 meis
1353 4402 1437 4457 vel
1471 4404 1726 4460 membris
1752 4407 1885 4461 meis
1905 4447 1919 4470 ,
1951 4409 2121 4464 donec
2158 4425 2221 4464 ea
2261 4410 2398 4482 [pae-

838 4490 1078 4562 nitendo]
1118 4498 1423 4562 purgarem.

2414 1959 2457 2017 Β
2487 1959 2685 2047 aliquid
2710 1969 2884 2047 majus
2917 1976 3112 2046 adjecit
3133 1976 3337 2033 dicens.
3366 1989 3752 2043 usquequaque,
3773 1974 3826 2027 id
3850 1981 3956 2039 est,
3979 1988 4050 2028 ex

2486 2069 2629 2125 omni
2658 2078 2834 2140 parte,
2863 2076 2923 2122 ut
2949 2082 3072 2122 eum
3106 2067 3323 2137 copiosa
3356 2065 3636 2121 calamitas
3663 2063 3895 2135 undique
3924 2078 4054 2134 pro-

2486 2159 2707 2215 baretur
2734 2159 2985 2214 ambisse.
3017 2152 3300 2227 Rugiebam
3327 2174 3359 2211 a
3388 2157 3581 2227 gemitu
3615 2155 3785 2210 cordis
3808 2155 3908 2208 mei
3936 2171 3955 2208 :
3988 2166 4052 2208 ut

2488 2253 2738 2307 virtutem
2788 2252 3059 2322 patientia:
3086 2265 3292 2321 magnae
3333 2257 3679 2315 monstraret,
3715 2248 3768 2303 in
3794 2248 4054 2321 gemitum

2488 2354 2546 2398 se
2577 2344 2790 2407 asserit,
2837 2358 2944 2398 non
2974 2343 3028 2397 in
3053 2342 3215 2396 verba
3238 2341 3566 2413 prorupisse.

2559 2432 2722 2487 Vens.
2760 2430 2846 2487 10.
2883 2462 2953 2471 —
2978 2431 3216 2495 Domine,
3268 2441 3387 2485 ante
3428 2440 3477 2485 te
3527 2446 3677 2484 omne
3737 2430 4054 2485 desiderium

2489 2536 2678 2575 meum.
2713 2518 2840 2575 Tale
2866 2518 2969 2574 fuit
2990 2520 3310 2574 desiderium
3346 2517 3483 2587 ejus,
3505 2529 3565 2575 ut
3593 2528 3718 2575 ante
3741 2519 3908 2575 Deum
3930 2534 4058 2574 esse

2490 2620 2808 2666 mereretur.
2857 2610 2993 2664 Nam
3036 2611 3129 2680 qui
3171 2611 3408 2681 peccatis
3446 2610 3659 2666 veniam
3708 2610 3881 2680 petit,
3928 2618 4057 2663 ante

2492 2701 2660 2756 Deum
2686 2701 2839 2781 ponit
2862 2700 3185 2756 desiderium
3214 2716 3390 2756 suum.
3417 2699 3536 2755 iam
3559 2700 3701 2770 quod
3727 2708 3852 2755 ante
3879 2700 4056 2777 ipsum

2492 2800 2601 2853 est,
2646 2790 2927 2845 consuevit
2965 2789 3159 2844 audiri.
3210 2790 3277 2844 Et
3307 2792 3525 2861 gemitus
3546 2806 3690 2844 meus
3718 2807 3748 2844 a
3773 2800 3821 2843 te
3847 2806 3949 2845 non
3976 2796 4055 2845 est

2489 2880 2848 2943 absconditus,
2875 2880 2926 2934 id
2952 2887 3056 2944 est,
3082 2879 3337 2950 quidquid
3366 2880 3530 2935 habet
3557 2876 3736 2947 homo,
3768 2880 3908 2935 Deus
3926 2880 4051 2935 scit.

2493 2968 2761 3039 Quidquid
2786 2968 2985 3039 deliqui
3010 3009 3025 3030 ,
3066 2968 3324 3039 quidquid
3349 2970 3489 3025 male
3514 2970 3694 3041 gessi,
3737 2968 3917 3025 omnia
3958 2969 4055 3026 tibi

2494 3070 2618 3111 cum
2668 3056 2867 3127 gemitu
2918 3057 3153 3111 reseravi
3184 3075 3198 3111 :
3228 3056 3406 3113 sciens
3431 3058 3557 3127 quia
3587 3058 3681 3113 tibi
3728 3074 3832 3113 non
3874 3059 4058 3114 occul-

2495 3153 2679 3201 tantur
2700 3148 2933 3202 occulta.
3738 3141 3755 3159 '

2568 3236 2729 3292 Vens.
2762 3238 2847 3291 11.
2874 3267 2946 3279 -
2971 3237 3076 3292 Cor
3101 3253 3271 3292 meum
3300 3239 3658 3294 conturbatum
3683 3251 3780 3305 est,
3814 3251 3861 3295 et
3904 3242 4052 3295 derev

2424 3290 2468 3350 ε
2498 3326 2648 3399 liquit
2677 3344 2758 3382 me
2786 3328 2948 3383 virtus
2973 3345 3107 3394 mea,
3139 3338 3187 3383 et
3220 3328 3391 3383 lumen
3426 3329 3693 3384 oculorum
3742 3347 3971 3385 meorum
4006 3342 4049 3385 et

2494 3420 2663 3487 ipsum
2692 3434 2795 3471 non
2834 3428 2909 3473 est
2953 3407 3173 3472 mecum.
3202 3406 3428 3489 Propter
3454 3420 3591 3474 iram
3615 3436 3774 3491 quam
3810 3421 4054 3490 superius

2494 3510 2787 3563 memoravi
2814 3549 2830 3575 ,
2870 3518 2926 3563 et
2954 3507 3160 3580 [quam]
3192 3509 3468 3565 incurrere
3503 3524 3817 3580 expavesco.
3850 3510 4049 3565 Lumen

2494 3596 2769 3651 oculorum
2816 3612 3059 3652 meorum
3088 3614 3193 3652 non
3219 3607 3303 3653 est
3328 3613 3559 3663 mecum,
3584 3601 3712 3669 quia
3750 3582 4054 3670 postposito

2494 3680 2739 3742 veritatis
2766 3687 2968 3742 lumine
2998 3689 3050 3741 in
3078 3688 3323 3742 tenebras
3346 3689 3650 3744 decideram
3686 3698 4051 3760 peccatorum.

2497 3779 2541 3833 Δ
2568 3782 2831 3851 principio
2872 3780 3063 3851 psalmi
3104 3779 3351 3837 Christus
3384 3790 3568 3853 egerat
3589 3796 3806 3837 causam
3828 3782 3909 3837 sui
3934 3797 4054 3837 cor-

2495 3874 2665 3943 poris,
2712 3888 2855 3928 nunc
2900 3887 3029 3927 vero
3080 3887 3231 3927 suam
3277 3864 3546 3942 propriam
3583 3873 3767 3941 incipit
3799 3887 4052 3943 perorare

2494 3962 2824 4031 passionem.

2571 4047 2747 4105 Vsus?
2768 4050 2853 4104 12.
2884 4080 2955 4091 —
2984 4051 3148 4104 Amici
3184 4051 3284 4105 mei
3315 4060 3364 4105 et
3393 4051 3615 4121 proximi
3653 4052 3751 4106 mei
3782 4052 4051 4108 aduersum

2493 4157 2579 4195 me
2599 4142 3137 4211 appropinquaverunt
3163 4157 3225 4195 ac
3252 4149 3517 4194 steterunt.
3546 4140 3719 4194 Amici
3740 4140 3865 4194 dicti
3886 4138 4052 4197 Judze‘.

2496 4241 2715 4303 pnopter
2737 4232 3027 4287 Abraham.
3056 4230 3311 4297 Proximi,
3340 4245 3403 4286 eo
3424 4232 3564 4300 quod
3594 4230 3663 4285 ab
3686 4245 3868 4286 eorum
3897 4246 4055 4303 gene-

2498 4322 2706 4377 ratione
2744 4336 2965 4389 carnem
2993 4321 3237 4376 Christus
3263 4321 3550 4389 sumpserit
3575 4318 3728 4391 μὴ,
3757 4326 4054 4390 assumpse.

2499 4412 2616 4484 rit],
2634 4412 2724 4483 qui
2745 4412 3305 4482 appropinquaverunt
3322 4411 3394 4476 ei,
3415 4419 3476 4464 ut
3495 4411 4048 4482 comprehenderetur.

2498 4499 2659 4571 35o
2675 4498 2975 4565 Quod'vero
3003 4500 3099 4562 ait,
3123 4500 3281 4553 amici
3302 4500 3403 4553 mei
3420 4506 3476 4553 et
3499 4498 3608 4553 noti
3627 4498 3731 4552 mei
3754 4506 3943 4553 contra
3968 4513 4054 4556 me

910 4580 1073 4635 Vsus.
1102 4580 1153 4634 5.
1166 4610 1249 4640 .—
1277 4580 1535 4646 Quoniam
1578 4584 1873 4654 iniquitates
1904 4604 2031 4642 mea:
2059 4602 2400 4662 supergressa:
2431 4640 2476 4662 λ
2502 4600 2787 4656 steterunt,
2811 4600 2988 4662 potest
3008 4600 3063 4645 et
3087 4591 3154 4645 de
3181 4590 3449 4662 discipulis
3473 4591 3643 4661 accipi
3668 4631 3683 4653 ,
3712 4592 3802 4660 qui
3843 4591 3894 4645 in
3930 4603 4051 4662 pas-

840 4679 960 4725 sunt
994 4680 1147 4739 caput
1187 4686 1380 4723 meum.
1409 4672 1751 4728 [maluerunt
1776 4677 1918 4730 enim
1948 4680 2095 4743 mihi,
2124 4690 2186 4736 ut
2219 4685 2400 4753 sequi—

841 4774 963 4829 tur;
990 4765 1121 4818 sicut
1150 4780 1280 4818 onus
1311 4770 1537 4834 gravato:
1564 4778 1683 4820 sunt
1709 4785 1862 4837 super
1881 4787 1979 4826 me.
2009 4772 2123 4827 Non
2150 4784 2235 4829 est
2260 4777 2401 4831 enim

843 4852 973 4907 mihi
1000 4851 1114 4907 leve
1134 4862 1413 4921 peccatum
1441 4868 1639 4917 meum,
1665 4856 1759 4909 sed
1789 4870 2113 4927 recognosco
2137 4863 2261 4929 quia
2282 4878 2405 4932 gra-

844 4953 910 4994 ve
946 4940 1153 5009 pondus
1173 4941 1358 5009 iudicii
1388 4943 1674 5011 imposuit,
1703 4952 1758 4998 et
1786 4958 1944 5015 super
1968 4950 2223 5003 verticem
2260 4952 2405 5020 capi-

847 5027 916 5083 tis
954 5028 1057 5083 mei
1087 5027 1344 5082 excrevit.
1382 5028 1535 5084 Sicut
1558 5034 1765 5101 pondus
1786 5036 2007 5106 grande,
2055 5038 2133 5093 sic
2181 5048 2403 5109 peccata

846 5132 964 5177 mea
990 5131 1151 5188 super
1178 5130 1285 5172 me.
1614 5158 1617 5159 ν

918 5206 1081 5261 Vens.
1104 5206 1157 5261 6.
1179 5235 1249 5248 —
1270 5205 1704 5277 Computruerunt
1732 5220 1780 5266 et
1809 5226 2064 5285 corruptae
2100 5228 2224 5287 suris
2261 5220 2403 5273 cica-

848 5296 997 5350 trices
1023 5313 1149 5352 mete
1181 5315 1213 5353 α
1242 5298 1377 5367 facie
1410 5299 1721 5369 insipientia:
1740 5318 1887 5358 mea.
1915 5304 2051 5361 Nam
2078 5308 2209 5364 mihi
2239 5309 2408 5365 l'etent

847 5391 904 5437 et
948 5392 1386 5453 eomputrescunt
1426 5387 1650 5443 vulnera
1680 5399 2047 5459 peccatorum,
2094 5395 2405 5453 desidem-

849 5482 1035 5543 terque
1075 5483 1328 5543 exspecto
1369 5476 1653 5533 medicum.
1684 5479 1753 5535 Et
1779 5495 1899 5544 cur,
1930 5481 2108 5551 inquis
2134 5482 2259 5556 [ιιι.
2282 5524 2297 5549 ,
2325 5487 2407 5542 in-

849 5561 1009 5634 quit],
1051 5570 1373 5634 putruerunt
1424 5580 1456 5620 a
1512 5565 1650 5624 facie
1701 5570 2019 5642 insipientia
2058 5573 2231 5629 metet
2270 5573 2405 5641 Quia

851 5648 1093 5706 uolebam
1124 5666 1285 5724 agere
1310 5654 1702 5723 paenitentiam.

919 5737 1078 5796 Vsus.
1109 5741 1162 5795 ’1.
1188 5742 1442 5800 -Ιὶκν
1466 5744 1635 5814 factus
1657 5760 1771 5802 sum
1810 5758 1857 5802 et
1891 5750 2128 5808 turbatus
2159 5769 2319 5829 usque
2349 5754 2405 5810 in

849 5828 1038 5898 ﬁnem,
1083 5846 1250 5903 usque
1294 5834 1418 5917 dum
1446 5836 1747 5895 conﬁtendo
1785 5854 2047 5913 purgarer
2082 5864 2093 5901 :
2125 5828 2251 5918 quia
2290 5846 2407 5902 sine

2428 4640 2477 4699 ι)

2502 4683 2652 4737 sione
2680 4690 2823 4735 metu
2854 4680 3027 4735 territi
3058 4680 3212 4750 longe
3243 4688 3604 4743 recesserunt,
3640 4679 3693 4732 in
3724 4687 3925 4733 tantum
3949 4718 3965 4744 ,
3994 4688 4049 4734 ut

2500 4774 2659 4829 etiam
2718 4771 2909 4827 Petrus
2943 4772 3271 4842 denegaret;
3318 4770 3403 4824 vel
3453 4776 3717 4824 steterunt
3772 4776 4047 4823 causantes

2500 4870 2686 4917 contra
2709 4875 2857 4916 eum.
2893 4860 2961 4914 Et
2982 4861 3071 4930 qui
3112 4861 3271 4929 juxta
3314 4875 3395 4914 me
3423 4868 3602 4923 erant,
3630 4859 3694 4912 de
3726 4857 3873 4930 longe
3900 4868 4045 4914 stete-

2503 4963 2641 5007 runt.
2670 4950 2909 5022 Apostoli
2932 4951 3139 5030 scilicet
3163 4958 3216 5005 et
3241 4950 3430 5019 reliqui
3474 4949 3737 5023 discipuli,
3758 4950 3825 5004 de
3865 4949 4046 5019 quibus

2502 5047 2579 5100 ait
2604 5043 2944 5115 Evangelista
2975 5059 2989 5095 :
3018 5041 3147 5096 Cum
3196 5042 3642 5116 appreltendissent
3663 5053 3821 5103 eum,
3850 5038 4055 5092 stabant

2501 5150 2681 5188 omnes
2706 5134 2812 5187 noti
2833 5132 2947 5201 ejus
2968 5149 2999 5185 a
3029 5131 3535 5203 longe(Luc.1mt,
3562 5126 3672 5201 t9).
3746 5134 3751 5137 “
3788 5168 3791 5173 .
3848 5148 3873 5178 ,ι

2572 5222 2733 5277 Vens.
2764 5222 2850 5278 15.
2876 5249 2947 5263 -
2972 5219 3035 5275 Et
3065 5222 3166 5274 uim
3189 5218 3467 5289 faciebant,
3494 5220 3581 5291 qui
3610 5216 3903 5289 quarum
3932 5216 4041 5271 ani.

2502 5326 2644 5364 mam
2664 5326 2851 5365 meam.
2881 5310 3004 5365 Vim
3031 5308 3297 5364 iaciebant
3319 5323 3424 5367 non
3448 5307 3591 5373 noti,
3617 5306 3713 5365 sed
3736 5304 3941 5370 indui;
3966 5304 4043 5361 vel

2503 5397 2663 5455 Petro
2683 5437 2699 5461 ,
2729 5413 2849 5453 cum
2876 5398 3152 5453 dicerent:
3189 5396 3377 5453 Nonne
3402 5406 3450 5452 st
3475 5407 3531 5451 tu
3573 5396 3822 5459 Galilqrus
3846 5410 3900 5450 es
3920 5394 3947 5448 2
3966 5391 4044 5451 vel

2503 5487 2692 5544 Joanni
2722 5486 2849 5561 [ιιι.
2868 5528 2883 5553 ,
2918 5487 3179 5563 Iacobo],
3204 5488 3298 5560 qui
3334 5502 3457 5544 cum
3492 5483 3840 5562 [traheretur]
3868 5484 4045 5542 relicta

2503 5579 2728 5635 sindone
2750 5578 2927 5635 nudus
2954 5578 3192 5653 profugit
3221 5580 3290 5635 ab
3315 5578 3427 5646 eis;
3470 5578 3556 5636 vel
3579 5578 3681 5651 ipsi
3708 5577 3872 5635 etiam
3901 5572 4045 5633 Chri-

2504 5678 2607 5725 sto.
2630 5668 2720 5743 [Et
2735 5670 2844 5745 vim
2858 5669 3147 5735 faciebant,
3173 5672 3263 5741 qui
3286 5671 3598 5744 quaerebant
3614 5670 4042 5731 multum.

2506 5757 2611 5815 hoc
2634 5764 2739 5824 est,
2771 5754 2959 5822 Judzi,
2988 5760 3140 5831 quasi
3193 5759 3403 5817 illorum
3450 5758 3709 5818 fortitudo
3730 5764 3894 5821 esset.
3921 5763 3977 5813 et
4012 5770 4043 5814 ι

2507 5846 2615 5902 Deo
2641 5849 2810 5919 ipsam
2855 5857 3171 5919 potestatem
3197 5864 3306 5905 non
3350 5846 3721 5921 accepissent].
3759 5846 3825 5901 Et
3866 5846 4046 5917 quiin-
