4428 6484
200 572 285 630 581
770 569 1169 627 EXEGETICA.
1211 599 1278 611 -α
1312 568 1447 624 ΤΞ)
1514 568 1567 623 Ῑ”
1706 566 1774 623 :31
1810 568 1949 625 3³4.ἰέ

1706 566 1774 623 ἓξ
1810 568 2004 625 ἓᾲίιὶι.
2038 566 2633 635 ιωςιίιξςτιΑιεδ,
2673 569 2821 625 ετε.
3310 569 3412 625 582

199 685 449 754 quirebaru
481 682 620 738 mala
660 684 785 737 mihi
811 722 829 747 ,
868 681 1027 741 locuti
1053 692 1173 735 sunt
1199 680 1469 742 sanitates,
1506 689 1554 733 et
1603 678 1750 732 dolos
1778 681 1822 737 Α
1852 694 1932 733 me
1956 680 2149 750 inique.
2189 678 2344 751 [Quia
2370 695 2474 734 non
2501 688 2627 735 sunt
2667 683 2848 736 statim
2892 680 3091 737 ultione
3117 682 3293 737 diiina
3320 674 3420 753 puo

202 785 298 828 tota
320 774 403 828 die
429 772 835 829 meditabantur.
865 770 1058 827 Multos
1094 770 1309 841 quidem
1338 769 1488 824 dolos
1515 769 1755 823 meditati
1858 771 1976 824 niti.
2008 768 2075 823 Et
2103 770 2422 837 conﬁrmasti
2451 786 2605 840 super
2641 787 2723 824 me
2758 762 2968 825 manum
3007 781 3171 825 tuam.
3212 771 3421 827 Conﬁr-

201 871 332 927 sunt,
360 875 485 917 cum
514 862 930 933 interrogarent,
972 860 1021 915 si
1073 859 1334 924 deberent
1380 872 1600 913 censum
1628 856 1757 911 dare
1857 859 1986 913 mati
2032 867 2156 913 sunt
2197 860 2252 912 in
2290 858 2422 929 legis
2444 856 2703 924 litteram,
2734 860 2785 914 in
2815 875 2921 929 qua
2946 860 3255 930 spiritaliter
3282 877 3424 916 nun-

204 950 388 1008 Casari
433 951 647 1022 (Matth.
685 967 829 1015 nu,
862 950 990 1022 l7);
1022 958 1115 1005 aut
1140 949 1184 1005 si
1208 949 1398 1003 mulier
1424 950 1753 1018 deprehensa
1857 950 2046 1002 tiatum
2090 963 2194 1002 non
2246 949 2642 1003 intellexerunt.
2691 947 2761 1002 Et
2805 948 3131 1019 multiplicati
3172 959 3291 1003 sunt
3330 951 3421 1019 qui

203 1044 251 1098 in
299 1041 560 1098 adulterio
609 1043 937 1113 lapidaretur
992 1041 1173 1111 (Joan.
1221 1056 1340 1102 vm,
1372 1038 1449 1106 4).
1489 1038 1593 1091 Sed
1629 1046 1756 1092 tunc
1858 1040 2077 1092 oderunt
2124 1056 2205 1092 me
2237 1037 2455 1109 inique.]
2490 1039 2647 1093 Certe
2686 1039 2865 1107 inique
2891 1046 2947 1093 et
2984 1054 3089 1092 non
3131 1038 3423 1093 rationabi-

202 1143 372 1203 apertc
418 1133 571 1189 dolos
607 1134 883 1204 ingerunt,
916 1147 1041 1187 cum
1094 1131 1257 1185 falsos
1297 1140 1459 1184 testes
1488 1130 1760 1182 adducunt
1858 1128 1980 1183 liter
2003 1128 2229 1191 faciunt,
2254 1130 2434 1198 quies
2468 1130 2569 1183 hac
2596 1130 2772 1183 littera
2798 1145 2980 1184 semen
3001 1144 3180 1195 suum,
3200 1139 3258 1183 ut
3279 1138 3424 1184 astra

203 1222 401 1293 (Matth.
435 1239 593 1288 xxvi,
645 1222 755 1285 60).
807 1222 996 1276 Locuti
1042 1230 1172 1275 sunt
1220 1228 1400 1274 autem
1450 1220 1714 1273 vanitates
1741 1259 1756 1282 ,
1858 1218 2001 1279 cmli,
2034 1217 2376 1287 multiplicari
2411 1218 2722 1271 credebant.

201 1316 401 1385 quando
428 1314 715 1369 dixerunt:
744 1313 812 1368 In
840 1313 1123 1368 Beelsebub
1153 1313 1296 1382 ejicit
1317 1313 1578 1367 dttmonia
1604 1312 1755 1382 (Luc.
1928 1332 2089 1386 γωδ,
2122 1331 2209 1384 ει,
2238 1360 2309 1369 _
2339 1330 2441 1395 Qu,-
2486 1330 2773 1382 mn-buum
2812 1328 2951 1382 ,καια
2990 1345 3085 1398 Pw
3128 1329 3308 1391 bona.
3336 1328 3425 1383 de,

202 1420 274 1471 ιι»
302 1406 405 1476 ¹5)·
1859 1423 2130 1485 trahebant
2169 1423 2331 1485 mihi,.
2367 1422 2616 1491 quoniam
2662 1419 2907 1488 sequebar
2952 1419 3248 1472 bonitatem.
3290 1418 3424 1473 Nam

267 1496 420 1552 Vsus.
442 1494 735 1565 ll.—Ego
764 1503 939 1548 autem
965 1503 1211 1561 tanquam
1233 1491 1424 1545 surdus
1455 1508 1557 1544 non
1578 1491 1760 1545 audiei
1861 1526 1970 1574 ωε,
1997 1528 2016 1563 ί

1677 1491 1760 1545 ne“
1861 1526 1970 1574 mc,
1997 1509 2332 1564 dulcedinem
2380 1520 2594 1562 interna:
2636 1507 2759 1560 vita:
2795 1504 3137 1571 offerentem,
3168 1516 3321 1561 aceto
3362 1522 3426 1561 ac

201 1588 386 1650 bam,et
411 1590 544 1641 sicut
561 1598 733 1640 mutus
758 1603 858 1639 non
881 1586 1113 1655 aperiens
1138 1601 1193 1637 os
1214 1600 1385 1637 suum.
1413 1582 1656 1651 Semper,
1682 1582 1761 1636 in-
1860 1601 1948 1655 le"

1682 1582 1761 1636 ίη⁶
1860 1601 1981 1657 telle
2024 1600 2319 1670 potabant,
2348 1606 2404 1652 ct
2428 1597 2781 1652 detrahebant
2807 1598 2937 1651 mihi
2962 1596 3202 1651 dicentes
3242 1615 3254 1648 :
3285 1595 3426 1649 Alios

197 1678 325 1747 quit,
338 1677 724 1747 exprobrantes
745 1675 971 1731 sustinui
993 1674 1254 1743 ctjugiter
1265 1672 1403 1727 silui.
1424 1671 1535 1726 Hoc
1556 1672 1763 1725 ctPila-
1860 1690 1946 1744 δαί,

1677 1672 1763 1725 ll"
1860 1690 2030 1744 salvos
2095 1690 2255 1759 fecit,
2324 1690 2548 1759 seip'sum
2630 1685 2826 1740 salvum
2884 1686 3052 1753 facere
3112 1702 3216 1738 non
3264 1694 3426 1754 potest

198 1772 280 1821 tus
294 1763 617 1843 manifestat,
638 1779 759 1818 cum
780 1762 911 1817 dicit
934 1780 945 1814 :
974 1761 1103 1814 Mihi
1128 1778 1230 1815 non
1248 1760 1559 1829 respondes?
1580 1775 1648 1811 an
1669 1774 1759 1811 ne-
1862 1781 1941 1852 (Μ

1862 1777 2077 1852 (Matth.
2110 1797 2281 1844 xxvii,
2306 1779 2411 1844 ὄις
2442 1778 2609 1833 Marc.
2634 1794 2718 1841 xv,
2749 1777 2859 1847 5i).
2888 1777 3042 1847 351
3069 1776 3429 1831 Detralicbam

196 1856 292 1911 scis
317 1857 437 1925 quia
456 1864 756 1925 potestatem
780 1855 941 1906 habeo
964 1853 1220 1905 dimittere
1241 1861 1289 1905 te
1312 1850 1489 1919 (Joan.
1511 1866 1624 1913 xu,
1650 1848 1764 1917 10)?
1861 1848 1945 1923 5m

1683 1848 1764 1917 0)?
1861 1848 2040 1923 autem
2071 1869 2224 1931 mihi,
2255 1870 2505 1939 quoniam
2547 1867 2865 1921 subsecutus
2894 1883 3011 1921 sum
3054 1867 3339 1937 justitiam,
3371 1876 3430 1920 ut

198 1944 305 2016 Εῐο
331 1954 509 1999 amem
540 1952 792 2011 ιιιηψιεηι
836 1950 1013 1996 ωυιυε
1059 1955 1162 1995 "0"
1202 1941 1447 2010 aperiens
1477 1954 1539 1992 οδ
1580 1954 1757 1992 suum-
1793 2016 1831 2027 _
1866 1959 2090 2027 impletis
2117 1958 2443 2011 voluntatem
2474 1956 2649 2010 Patris
2697 1971 2794 2025 pro
2828 1956 2934 2009 vita
2967 1956 3143 2025 papuli
3190 1955 3429 2025 suscipe-

197 2033 349 2089 Certe
373 2042 430 2087 et
456 2034 599 2103 apud
626 2031 851 2085 Pilatum
892 2046 994 2084 non
1024 2039 1108 2084 est
1135 2030 1273 2083 Deus
1302 2039 1483 2083 noster
1511 2028 1754 2090 locutus;
1793 2016 1832 2071 Β
1862 2016 1975 2101 ηιξ,
2005 2057 2249 2104 manem,

199 2134 253 2180 et
301 2125 367 2178 de
407 2126 596 2178 eodem
648 2122 885 2190 loquitur
924 2120 1087 2173 Isaias
1130 2130 1291 2188 atque
1322 2121 1399 2171 ait
1429 2137 1441 2171 :
1490 2118 1758 2187 Tanquam
1934 2140 2091 2193 vus.
2126 2140 2213 2202 2.2.
2245 2140 2333 2193 εδ·
2364 2168 2435 2177 __
2466 2136 2545 2191 Ne
2570 2137 2898 2207 ἀενειίηφιηι
2920 2154 3019 2199 me.
3043 2136 3262 2190 Domine
3288 2134 3426 2190 De,“

197 2230 356 2283 09m“
384 2212 453 2266 αδ
483 2214 740 2265 "inimum
769 2211 972 2271 dum“,
1016 2226 1116 2262 "0"
1145 2210 1377 2277 “im-ie”
1405 2220 1459 2259 ⁰³
1483 2222 1654 2259 “"m-
1861 2243 2022 2289 meus,
2082 2244 2144 2279 nc
2183 2228 2475 2278 discesseris
2506 2244 2536 2277 α
2566 2242 2644 2278 me
2689 2240 2705 2277 :
2749 2224 2954 2277 intende
3002 2225 3059 2276 in
3105 2222 3429 2292 adjutorium

268 2303 425 2358 Vens.
444 2300 527 2355 l5.
545 2329 613 2341 —
639 2300 702 2353 Et
722 2300 891 2368 [actus
916 2315 1029 2352 sum
1052 2300 1182 2351 sicut
1212 2298 1365 2351 homo
1396 2312 1498 2349 non
1522 2296 1757 2357 audiens,
1861 2332 2017 2369 meum

1680 2311 1757 2357 ηδ’
1861 2332 2054 2379 meum,
2086 2316 2302 2368 Domine
2348 2315 2485 2367 Deus
2532 2314 2717 2367 salutis
2754 2330 2899 2366 mete.
2951 2311 3287 2367 Manifestum
3325 2320 3429 2375 est,

199 2402 244 2446 et
273 2408 375 2446 non
412 2390 605 2444 habens
657 2391 711 2443 in
749 2405 836 2441 ore
886 2404 979 2441 suo
1030 2387 1438 2456 redargutiones.
1468 2384 1600 2437 Nam
1638 2399 1762 2438 cum
1862 2405 1948 2458 θοι

1680 2399 1762 2438 um
1862 2405 2084 2458 Domine
2111 2402 2235 2466 Iesu
2256 2444 2270 2468 ,
2316 2388 2440 2471 quia
2484 2402 2641 2456 Pater
2664 2404 2928 2455 suscitans
2958 2410 3009 2455 te
3035 2417 3065 2454 a
3096 2402 3319 2454 mortuis
3343 2400 3429 2455 die

199 2497 281 2537 me
308 2483 482 2552 sputis
510 2481 748 2545 linirent,
774 2480 1033 2533 arundine
1058 2478 1427 2541 verberarem,
1457 2478 1764 2545 illuderent-
1866 2503 1945 2548 (ei.

1683 2485 1764 2530 ω’
1866 2496 2059 2559 tertia,
2106 2493 2389 2549 collocavit
2432 2494 2497 2547 ad
2542 2493 2819 2547 dexteram
2864 2506 3013 2545 suam
3044 2492 3095 2544 in
3124 2490 3432 2544 cmlestibus

199 2585 299 2641 que
327 2587 467 2642 genu
499 2569 659 2633 ﬂexo,
685 2569 814 2623 nihil
841 2578 1016 2623 motus
1041 2570 1105 2622 iis
1133 2570 1403 2630 omnibus,
1448 2568 1622 2623 lactus
1644 2583 1763 2622 sum
1864 2600 1948 2654 ειη

1683 2583 1763 2622 [πη
1864 2600 2025 2654 super
2051 2600 2262 2638 omnem
2307 2585 2666 2653 principatum
2709 2593 2764 2636 et
2810 2590 3143 2653 potestatem,
3174 2581 3309 2635 dans
3337 2581 3432 2635 tibi

199 2676 302 2715 non
332 2660 541 2714 habens
579 2660 630 2713 in
659 2674 753 2714 ore
782 2659 1196 2728 increpationes.
1230 2658 1320 2712 Sic
1365 2660 1511 2712 tacui
1542 2674 1768 2713 accusa-
1867 2689 2058 2728 nomen
2088 2675 2227 2742 quod
2261 2683 2343 2725 ρει
2368 2688 2528 2741 super
2556 2687 2712 2725 omne
2742 2686 2953 2725 ηοηιρη,
2993 2670 3131 2739 Επιςο
3152 2672 3274 2739 quia
3304 2683 3430 2741 ειη-

200 2759 307 2814 ωεν
335 2752 490 2819 quasi
538 2766 643 2805 ηοη
682 2751 887 2805 habens
920 2750 1061 2818 (ιυαί
1100 2764 1197 2819 Pro
1237 2764 1322 2803 me
1362 2750 1761 2819 respondere"!-
1869 2779 1960 2818 ves
1990 2771 2114 2823 sunt
2151 2779 2340 2833 pugna:
2367 2762 2565 2826 carnis,
2596 2771 2672 2825 tu,
2706 2762 2943 2825 Domine,
2977 2760 3189 2814 intende
3240 2761 3292 2814 in
3340 2758 3434 2813 ad-

202 2840 264 2897 Et
286 2842 337 2895 in
359 2841 607 2896 omnibus
626 2842 691 2895 iis
710 2840 1009 2909 exemplum
1039 2839 1294 2893 Christus
1322 2838 1487 2902 dedit,
1525 2848 1581 2891 ut
1609 2841 1769 2893 homo
1864 2858 1951 2927 iub

1684 2852 1769 2892 ηιο
1864 2857 2121 2927 jutorium
2158 2864 2418 2918 nostrum,
2459 2863 2514 2907 et
2555 2862 2670 2907 esto
2716 2852 2869 2906 nobis
2910 2851 3054 2906 salus
3098 2853 3151 2904 in
3188 2838 3433 2919 tempore

202 2931 409 3002 ﬂagella
455 2931 806 3001 correptionis
847 2931 1115 2998 patienter
1150 2937 1329 2998 portet
1371 2928 1520 2999 μίση
1552 2939 1769 3000 portare
1870 2945 2252 3000 tribulationis,

202 3020 435 3093 debeat].

276 3075 438 3169 Vinus.
489 3109 573 3166 16.
614 3142 687 3152 -
727 3110 985 3177 Quoniam
1016 3111 1071 3165 in
1110 3118 1159 3164 te
1192 3110 1409 3166 Domine
1458 3114 1679 3182 speravi,
1712 3122 1771 3165 tu
2444 3075 2763 3131 PSALMUS
2799 3076 2861 3130 L-

204 3204 450 3259 exaudies
493 3218 593 3265 me,
628 3201 845 3255 Domine
883 3199 1023 3253 Deus
1044 3216 1205 3254 meus.
1238 3201 1307 3256 Ut
1337 3217 1424 3256 me
1462 3204 1767 3260 resuscites.
1943 3204 2150 3260 Titulus
2184 3205 2377 3274 psalmi
2423 3203 2527 3276 [est
2557 3246 2570 3270 ,
2612 3222 2769 3275 quem
2798 3206 3088 3275 explanare
3132 3204 3431 3281 nitimur]:

207 3294 304 3351 Vel
328 3310 343 3349 :
371 3294 475 3367 [Tu
503 3296 750 3348 exaudies
778 3290 880 3363 me]
906 3332 920 3355 ,
956 3293 1059 3347 hoc
1079 3300 1183 3357 est,
1206 3293 1324 3347 vide
1346 3292 1558 3356 illorum
1584 3308 1773 3363 super-
1796 3313 1840 3370 ‘_
1875 3296 1942 3351 In

1688 3309 1773 3348 ετ-
1796 3313 1840 3370 ‘_
1875 3296 1942 3351 In
1970 3297 2125 3370 ﬁnem
2159 3296 2388 3365 psalmus
2440 3297 2629 3359 David,
2657 3314 2772 3349 cum
2802 3300 2933 3350 venit
2959 3298 3027 3349 ad
3067 3313 3182 3351 eum
3222 3296 3437 3353 Nathan

206 3385 351 3439 biant
373 3361 434 3439 et
459 3398 635 3438 meam
664 3361 1040 3437 humilitatem.
1649 3361 1666 3363 _
1796 3361 1842 3422 Ο
1869 3361 2115 3457 propheta
2139 3361 2168 3449 ,1
2187 3387 2311 3438 dum
2338 3388 2546 3439 intravit
2576 3385 2644 3438 ad
2682 3386 2980 3441 Bethsabee.
3029 3386 3316 3443 Notissima
3357 3398 3443 3447 est

277 3471 440 3528 Vens.
475 3472 561 3525 l7.
587 3500 657 3510 —
680 3468 815 3534 Quia
841 3471 950 3523 dixi
982 3486 1001 3523 :
1029 3468 1320 3553 Nequando
1357 3471 1769 3539 supergaudeant
1869 3491 2026 3547 pecca

1694 3481 1769 3525 int
1869 3479 2076 3547 peccati
2116 3478 2279 3530 David
2311 3478 2545 3546 gravitas
2573 3493 2637 3533 ex
2662 3476 2867 3549 Regum
2894 3479 3114 3533 historia
3147 3477 3297 3551 [Μι.
3329 3496 3443 3534 ma-

205 3561 333 3614 mihi
348 3560 543 3613 inimici
565 3560 685 3624 mei,
704 3568 751 3613 et
771 3559 895 3612 dum
918 3566 1297 3641 commoventur
1314 3558 1465 3627 pedes
1486 3560 1583 3612 mei
1592 3575 1774 3629 ,super
1872 3573 1954 3643 sui

1694 3575 1774 3629 De!
1872 3571 2052 3643 gniﬁci
2103 3572 2243 3641 regis
2282 3568 2527 3643 historia]
2577 3586 2592 3623 :
2645 3580 2769 3624 nota
2808 3572 2969 3623 etiam
3007 3571 3301 3625 humillima
3346 3586 3443 3640 pro

206 3668 287 3705 me
312 3668 503 3721 magna
531 3650 690 3705 locuti
714 3660 855 3705 sunt.
886 3650 1055 3707 Pedes
1097 3650 1297 3705 Christi
1340 3652 1511 3706 sancti
1550 3652 1773 3721 apostoli
1873 3671 2096 3733 peccato
2144 3661 2449 3731 deprecatio
2496 3659 2658 3731 μὴ,
2706 3659 3042 3731 supplicatio]
3084 3674 3201 3728 qua:
3248 3662 3299 3714 in
3330 3662 3443 3735 (hoc

208 3742 315 3796 dici
344 3750 590 3811 possunt,
618 3742 710 3810 qui
736 3741 872 3796 ﬁnui
909 3743 961 3796 in
982 3742 1273 3811 "passione,
1325 3750 1577 3811 tanquam
1614 3744 1775 3812 pedes
1873 3752 2081 3823 psalmo
2102 3753 2421 3805 continetur.
2456 3750 2550 3803 Est
2573 3758 2753 3803 autem
2778 3749 3015 3820 psalmus
3048 3750 3147 3803 iste
3178 3750 3227 3802 in
3257 3735 3445 3804 ordino

207 3844 425 3899 corpus.
447 3829 711 3884 sustinere
725 3831 1143 3889 eumdebebant.
1164 3832 1255 3885 sed
1276 3832 1528 3886 commoti
1560 3841 1684 3886 sunt
1710 3833 1776 3885 de
1874 3844 2198 3913 psalmorum
2242 3842 2742 3911 quinquagesimus,
2791 3842 2916 3908 quia
2966 3840 3443 3909 quinquagesimus

210 3918 318 3975 ﬁde
364 3919 434 3973 ad
474 3917 858 3973 inﬁdelitatem.
899 3917 993 3972 Vel
1043 3918 1110 3972 de
1149 3918 1361 3972 Christo
1387 3921 1463 3972 ait
1495 3938 1507 3971 ε
1539 3935 1776 3973 commo—
1875 3932 2202 3986 ηιιωει-υείη
2219 3930 2435 3999 iuba-4:0
2452 3944 2592 3985 anno
2613 3944 2779 3999 usque
2814 3930 2880 3983 ad
2911 3942 3092 3997 γεωπι
3129 3930 3298 3983 sancti
3326 3927 3445 3999 spi-

208 4008 326 4062 veri
369 4016 592 4077 possunt
630 4006 791 4075 pedes
836 4008 939 4061 mei
973 4021 1000 4059 a
1030 4007 1318 4062 stabilitate
1347 4024 1464 4072 sua,
1492 4017 1546 4061 et
1575 4010 1777 4064 inimici
1879 4024 1957 4077 τίιι

1696 4010 1777 4064 ’ξεί
1879 4024 2014 4077 ritus
2057 4037 2219 4092 super
2261 4022 2529 4091 apostolos
2572 4022 2881 4076 missionem
2926 4028 3275 4075 consecratus
3322 4027 3403 4072 est
3430 4057 3445 4080 ,

210 4096 347 4151 mihi
392 4096 670 4160 insultare,
714 4100 758 4149 si
806 4097 908 4150 hac
961 4097 1014 4150 in
1057 4098 1235 4150 crucis
1266 4106 1437 4155 morte
1472 4097 1778 4152 humiliatus
1879 4112 1958 4167 si"

1745 4114 1778 4152 ξε
1879 4112 1994 4167 sine
2016 4112 2168 4177 cujus
2192 4112 2361 4181 gratia
2394 4110 2760 4163 remissionem
2784 4108 3112 4180 [Ms..atqne
3135 4110 3190 4162 in
3213 4107 3444 4161 adventu
3486 4109 3494 4117 '

210 4200 323 4241 non
373 4199 741 4239 resurrexero.
786 4184 843 4237 In
888 4198 973 4238 me
1021 4195 1200 4239 autem
1249 4202 1441 4256 magna
1469 4187 1628 4241 locuti
1656 4195 1781 4241 sunt
1878 4218 1959 4257 επ

1694 4195 1781 4240 ιιηῑ
1878 4204 2044 4257 sancti
2071 4203 2300 4273 Spiritus
2320 4217 2479 4271 super
2514 4200 2780 4270 apostolos
2811 4200 3123 4253 remissione
3158 4213 3443 4254 consecra-

210 4274 457 4329 dicentes
484 4290 497 4326 :
535 4272 595 4328 Si
621 4270 794 4326 Filius
825 4272 919 4327 Dei
953 4289 1027 4339 es,
1055 4274 1301 4327 descende
1330 4276 1393 4328 de
1424 4292 1592 4328 cruce.
1880 4301 1959 4346 ωε

1880 4301 1965 4346 tus
1988 4301 2091 4355 est,
2110 4270 2240 4360 quia
2271 4270 2426 4343 nemo
2455 4291 2568 4343 sine
2595 4290 2767 4358 gratia
2792 4290 2963 4342 sancti
2992 4287 3223 4356 Spiritus
3252 4288 3444 4342 remis-

284 4364 450 4420 Veas.
477 4365 563 4419 l8.
580 4392 651 4403 —
679 4362 937 4429 Quoniam
964 4380 1053 4434 ego
1080 4364 1133 4417 in
1159 4363 1365 4433 ﬂagella
1391 4374 1605 4433 paratus
1642 4381 1778 4430 sum,
1881 4382 2029 4435 είοηε

1698 4381 1778 4430 imi
1881 4378 2180 4451 sionem...]
2229 4379 2474 4447 accipere
2519 4393 2676 4430 nemo
2717 4378 2930 4447 poterit.
2963 4375 3230 4431 Habemus
3268 4384 3447 4431 autem

209 4466 260 4510 et
286 4456 444 4510 dolor
462 4472 605 4510 meus
633 4456 689 4510 in
718 4465 991 4525 conspectu
1020 4471 1131 4509 meo
1156 4472 1371 4525 semper.
1398 4454 1647 4525 Praeparo
1673 4471 1779 4520 me,
1882 4485 1958 4525 εχ.

1697 4472 1779 4520 ηε,
1882 4470 2125 4539 exempla
2162 4468 2213 4522 in
2239 4477 2423 4522 sancta
2452 4466 2731 4536 Scriptura
2761 4467 2824 4520 de
2851 4466 3088 4535 peccatis
3114 4474 3446 4527 sanctorum,

210 4548 414 4616 inquit,
443 4548 510 4601 ad
548 4548 915 4603 sustinendam
948 4562 1163 4601 crucem
1185 4584 1201 4610 ,
1230 4544 1495 4608 lanceam,
1536 4544 1629 4606 l‘el,
1662 4560 1784 4599 ace—
1884 4572 1938 4615 ει

1701 4560 1784 4599 εθ-
1884 4572 1938 4615 et
1964 4562 2026 4615 de
2051 4559 2364 4629 pmnitentia
2389 4572 2575 4611 eorum
2603 4565 2657 4609 et
2680 4557 2745 4608 de
2772 4556 3086 4609 remissione
3108 4558 3450 4625 peccatorum

214 4647 358 4701 tum.
383 4644 443 4688 ιιι
462 4650 559 4705 per
585 4636 725 4690 hanc
760 4644 984 4689 mortem
1025 4635 1169 4705 [meo
1200 4635 1481 4706 sanguine]
1525 4637 1783 4689 redimam
1813 4692 1861 4714 ,,
1886 4650 1988 4703 illis
2024 4665 2053 4701 a
2085 4650 2192 4701 Deo
2224 4648 2366 4701 data.
2414 4646 2581 4700 Nemo
2611 4646 2771 4714 igitur
2795 4644 2999 4698 dubitet
3027 4644 3089 4697 de
3123 4643 3212 4698 Dei
3243 4644 3451 4699 miseri-

136 4780 139 4783 Α
210 4692 479 4798 populum
502 4734 833 4796 pereuntem.
862 4692 1104 4779 Chrislus
1126 4726 1269 4779 enim
1301 4692 1367 4779 ad
1408 4692 1510 4779 hoc
1534 4726 1698 4789 venit,
1727 4735 1785 4779 ut
1813 4692 1862 4752 θ

1888 4692 1988 4703 ......
2024 4692 2053 4701 ..
2086 4692 2189 4701 ,ην
2227 4692 2366 4701 π..-
2612 4692 2759 4714 ,σαν
2799 4692 2998 4698 μμ---
3039 4692 3087 4697 --
3123 4692 3212 4698 ---
3245 4692 3421 4699 _-.___-_

1727 4735 1785 4779 υῑ
1813 4692 1862 4752 D
1887 4740 2091 4805 cordia,
2113 4738 2357 4808 quamvis
2381 4737 2629 4790 maximis
2656 4736 2921 4789 involutus
2935 4733 3122 4806 [esset]
3136 4735 3448 4797 sceleribus;

211 4820 527 4890 P355300“)
568 4818 875 4872 δυείίηθτθί·
926 4814 1082 4871 θοιστ
1108 4830 1260 4870 meus
1285 4824 1405 4869 ³0⁸⁸
1429 4830 1514 4869 me
1539 4824 1620 4868 θδί
1646 4830 1787 4869 sem“
1886 4845 2043 4885 nemo
2066 4837 2345 4900 peccatum
2372 4825 2617 4880 conﬁteri
2636 4825 2952 4888 erubescat,
2984 4837 3105 4876 cum
3138 4822 3303 4876 David
3326 4837 3450 4893 pro-

214 4927 342 4982 per,
398 4910 566 4965 donec
610 4910 775 4963 etiam
818 4908 1099 4964 victoriam
1152 4907 1204 4961 in
1236 4906 1439 4977 judicio
1488 4920 1788 4973 consequar
1887 4927 1963 4996 ph,

1705 4920 1788 4959 ³³1⁵
1887 4927 2047 4996 pheta
2076 4962 2090 4987 ,
2136 4921 2424 4974 multarum
2456 4932 2547 4971 rex
2582 4916 2817 4986 gentium
2844 4955 2858 4980 ,
2901 4914 3346 4984 promissionibus
3385 4914 3454 4969 de

214 5001 378 5075 μὴ..
409 5000 579 5056 donec
605 4999 816 5068 ejiciam
843 5000 1125 5053 victoriam
1149 4998 1201 5052 in
1223 4995 1469 5069 judicio].
1887 5013 1962 5068 Cb

1887 5013 2102 5068 Christo
2153 5008 2415 5079 gloriosus
2464 5002 2743 5078 [peccans]
2801 5012 3082 5075 peccatum
3139 5019 3293 5058 suum
3344 5020 3450 5061 non

289 5091 458 5147 Vsus.
492 5089 576 5144 l9.
606 5116 679 5128 —
704 5087 963 5153 Quoniam
1007 5089 1329 5159 iniquitatem
1370 5104 1535 5141 meam
1579 5104 1786 5141 annun-
1887 5092 2038 5155 embl’

1704 5104 1786 5140 ιη·
1887 5092 2099 5155 erubuit
2143 5096 2354 5168 publice
2395 5095 2673 5159 conﬁteri,
2704 5103 2759 5149 et
2792 5094 2859 5149 ad
2898 5092 3105 5147 Domini
3143 5081 3453 5163 pm’niteiido

213 5183 364 5236 tiabo
408 5190 457 5234 et
495 5178 730 5247 cogitabo
760 5193 854 5246 pro
878 5187 1084 5246 peccato
1109 5194 1243 5232 meo.
1276 5178 1427 5232 Sicut
1455 5179 1596 5231 enim
1624 5178 1790 5232 male—
1888 5204 1962 5243 σοι

1700 5178 1790 5232 tle-
1888 5187 2174 5257 confugere
2211 5186 2572 5242 clementiam.
2620 5184 2810 5239 Petrus
2855 5183 3052 5236 trinam
3112 5183 3449 5252 negationem

216 5268 453 5324 dictioni
477 5266 760 5335 subiacuit,
791 5278 848 5319 ut
876 5280 973 5319 nos
1011 5280 1042 5317 a
1067 5264 1351 5319 maledicto
1382 5266 1512 5337 legis
1534 5275 1787 5329 erueret,
1887 5294 1965 5333 am

1704 5275 1747 5319 ll
1770 5305 1787 5329 ν
1887 5278 2239 5333 amarissimis
2276 5276 2443 5331 abluit
2477 5274 2767 5344 lacrymis;
2795 5271 3115 5343 publicanus
3140 5271 3453 5342 pmnltendo

216 5361 300 5413 ita
324 5366 383 5412 et
409 5365 749 5427 peccatorem
775 5370 834 5410 se
863 5354 1163 5426 proﬁtetur,
1190 5352 1327 5427 [qui]
1356 5366 1577 5424 peccata
1606 5364 1789 5409 nostra
1881 5366 1965 5434 jus

1703 5364 1789 5408 ιη
1881 5364 2208 5434 iustiﬁcatus
2232 5366 2458 5419 recessit
2479 5377 2511 5417 a
2536 5361 2761 5431 templo;
2800 5360 3071 5431 peccatrix
3103 5359 3301 5415 femina
3328 5375 3452 5415 san-

218 5458 475 5521 portaret
510 5460 567 5506 et
594 5450 726 5524 [pio]
768 5454 1002 5523 cogitatu
1037 5468 1102 5508 ac
1141 5449 1521 5525 [misericordi]
1568 5449 1790 5507 consilio
1891 5464 2005 5510 ctos
2033 5455 2242 5509 Domini
2280 5453 2444 5524 pedes
2466 5452 2721 5520 lacrymis
2746 5448 3098 5522 [pernitendo]
3149 5449 3357 5513 abluit,
3398 5459 3454 5503 et

221 5557 327 5597 nos
359 5541 430 5596 ab
473 5543 553 5597 eis
590 5542 839 5612 eriperet.
869 5543 937 5596 Et
983 5543 1215 5613 cogitabo
1262 5558 1353 5612 pro
1404 5552 1609 5609 peccato
1658 5558 1788 5595 meo.
1894 5543 2077 5596 audire
2106 5544 2333 5606 meruit,
2382 5540 2504 5609 quia
2534 5539 2757 5595 multum
2785 5539 2999 5607 dilexit,
3030 5538 3195 5594 multa
3244 5538 3322 5596 illi
3373 5538 3456 5593 di-

220 5633 521 5691 Peccatum
557 5633 757 5690 Christi
790 5673 806 5695 ,
846 5635 1064 5689 humani
1106 5634 1296 5690 delicta
1353 5642 1499 5687 sunt.
1537 5634 1747 5704 generis
1777 5674 1792 5699 ,
1893 5633 2178 5689 mittuntur
2202 5638 2425 5703 peccata
2455 5628 2605 5699 (Luc.
2630 5645 2730 5694 vii,
2764 5629 2875 5701 38).
2904 5628 3131 5683 Talibus
3172 5627 3453 5685 roboratus

221 5732 456 5797 propter
482 5739 600 5793 qua:
625 5734 677 5783 et
703 5724 846 5779 Patri
876 5741 1015 5781 nunc
1031 5727 1227 5781 dicitur
1253 5741 1371 5782 esse
1398 5724 1686 5793 subjectus.
1894 5722 2152 5792 exemplis
2185 5735 2342 5777 nemo
2368 5720 2433 5774 de
2463 5719 2557 5775 Dei
2591 5716 2960 5775 misericbrdia
2999 5717 3262 5785 desperet.
3295 5730 3457 5771 nemo

306 5815 474 5870 Vens.
506 5805 595 5867 Ξῡ.
626 5844 697 5855 -
720 5813 927 5870 Inmici
962 5825 1134 5869 autem
1162 5817 1261 5871 mei
1282 5817 1485 5878 vivunt,
1518 5824 1566 5868 et
1601 5815 1793 5882 confir-
1891 5827 1994 5867 sua
2023 5812 2269 5883 quamvis
2292 5811 2401 5864 sint
2438 5809 2701 5880 ingentia,
2730 5806 3011 5864 erubescat
3050 5804 3292 5861 conﬁteri
3331 5817 3453 5859 sccv

228 5907 365 5957 atati
399 5912 517 5957 sunt
549 5918 700 5971 super
738 5919 848 5966 me,
882 5914 928 5957 et
954 5902 1279 5971 multiplicati
1304 5914 1439 5969 sunt,
1463 5906 1549 5973 qui
1581 5905 1797 5957 oderunt
1898 5905 2028 5967 lera,
2084 5915 2239 5955 nemo
2290 5900 2473 5955 tardus
2514 5903 2581 5953 sit
2627 5896 3258 5970 lacrymisiniqultatem
3302 5908 3457 5948 suam
