4428 6416
786 477 891 535 583

1627 475 1686 527 B.
1725 472 1790 527 ιτ.
1832 467 2054 525 ALBlNl
2092 464 2222 521 εει]
2260 459 2538 518 ALCUINI
2575 456 2861 514 OPERUM
2891 453 3071 511 PARS
3106 452 3167 507 ll.

3913 446 4030 502 584

783 592 1022 661 abluere,
1049 598 1104 645 et
1125 589 1248 659 quia
1268 600 1457 642 omnes
1474 595 1788 657 peccatores
1814 597 1999 639 sturnus
2020 621 2034 646 ,
2069 579 2355 649 unusquis-
2378 579 2431 635 Α
2456 573 2613 628 care?
2651 571 2710 627 In
2739 585 2844 640 quo
2874 570 3203 631 dementiam
3243 582 3396 622 suam
3434 564 3631 635 arguit,
3675 563 3765 634 qui
3794 578 3900 618 non
3928 578 4032 618 ex-

784 695 893 753 que
929 687 1173 735 nostrum
1207 677 1354 731 dicat
1379 690 1501 730 cum
1526 674 1795 743 Propheta
1821 692 1833 726 :

2456 664 2604 733 pavit
2630 669 2776 715 tanto
2818 658 3004 714 Iudice
3038 667 3301 728 praesente
3344 672 3587 728 peccare.
3623 655 3921 726 Sequitur:
3953 654 4032 710 Ut

862 769 1022 827 Vens.
1044 768 1098 821 3.
1115 796 1187 806 —
1206 765 1451 819 Miserere
1472 764 1596 830 mei,
1616 761 1776 828 Deus,
1803 759 2087 820 secundum
2115 771 2357 826 magnam
2447 754 2756 825 justiﬁceris
2784 754 2839 806 in
2868 751 3188 806 sermonibus
3217 751 3321 805 tuis
3345 760 3395 804 et
3417 750 3589 804 tineas
3608 765 3724 804 cum
3734 746 4031 819 judicavit.

787 859 1199 923 misericordiam
1225 868 1389 919 tuam.
1422 856 1691 918 Miserere,
1716 854 1842 924 quia
1868 853 2035 908 miser
2071 864 2224 913 sum;
2254 847 2358 903 mi-

789 966 995 1016 serere,
1046 952 1175 1021 quia
1214 963 1407 1019 magna
1450 954 1539 1002 est
1587 943 1959 1001 misericordia
2013 949 2125 995 tua.
2174 936 2361 992 Nullus

790 1051 1036 1102 nostrum
1063 1056 1185 1097 cum
1222 1039 1392 1095 Adam
1422 1038 1491 1092 ad
1532 1037 1723 1093 noxias
1764 1031 2036 1103 confugiat
2060 1027 2364 1085 excusatio-

792 1149 914 1197 nes.
943 1127 1039 1187 sed
1087 1138 1271 1200 aperte
1317 1125 1559 1199 proferat
1604 1124 1748 1197 quod
1798 1122 1978 1191 inique
2030 1133 2088 1174 se
2135 1116 2363 1187 gessisse

795 1222 1058 1297 agnoscit.
1089 1218 1372 1293 Refugium
1418 1215 1583 1270 faciat
1621 1212 1689 1267 ad
1716 1208 2189 1267 clementissimum
2215 1203 2366 1267 Judi-

796 1330 939 1379 cem,
970 1310 1263 1383 praeveniat
1291 1308 1484 1363 faciem
1511 1307 1628 1382 ejus
1655 1306 1706 1359 in
1737 1302 2093 1359 confessione.
2117 1312 2184 1353 ne
2206 1309 2367 1365 expee

798 1378 1049 1458 tiatur-in
1089 1398 1269 1454 futuro
1309 1397 1511 1469 judicio
1540 1378 1757 1457 iratum,
1786 1392 1830 1447 si
1860 1388 2018 1451 modo
2032 1378 2368 1455 contempse-

799 1494 873 1558 rit
920 1507 1043 1547 eum
1090 1486 1515 1544 misericordem.
1580 1480 1962 1543 Misericordiae
2017 1487 2227 1547 tempus
2286 1479 2371 1528 est

798 1581 945 1645 omni
984 1579 1184 1645 homini
1214 1579 1371 1633 modo
1398 1574 1675 1647 pmnitenti
1706 1591 1719 1626 ε
1747 1574 1800 1627 in
1823 1570 2003 1625 futuro
2024 1582 2153 1630 vero
2168 1562 2371 1635 judicio

800 1678 1013 1751 tempus
1038 1670 1143 1732 erit
1170 1667 1413 1738 iustitiae,
1455 1666 1546 1730 ubi
1576 1662 1866 1729 unicuique
1895 1657 2148 1721 reddetur
2181 1666 2371 1715 secun-

802 1741 929 1825 dum
960 1774 1125 1840 Opera
1158 1772 1284 1816 sua.
1312 1755 1447 1829 Quis
1474 1753 1626 1817 ell'ari
1667 1751 1862 1822 poterit
1886 1754 2088 1819 quanta
2115 1743 2185 1798 sit
2212 1741 2373 1821 mise-

803 1833 1034 1907 ricordia
1060 1846 1201 1921 [Del]
1252 1848 1305 1901 in
1346 1846 1626 1907 homines.
1667 1855 1788 1911 qua:
1834 1836 2016 1901 mundi
2058 1833 2373 1889 Creatorem

2460 845 2748 902 Sermones
2776 843 2987 898 Domini
3016 841 3208 896 merito
3247 839 3531 911 justiﬁcari
3575 839 3855 900 dicuntur.
3884 850 4035 906 quo-

2457 934 2602 991 niam
2649 933 2768 989 sine
2811 932 2975 987 dubio
2997 944 3209 1001 semper
3244 929 3362 999 ejus
3385 928 3528 983 dicta
3554 924 3887 995 complentur
3916 936 3934 977 :
3973 923 4036 977 in

2458 1024 2611 1094 cujus
2634 1030 2927 1093 conspectu
2960 1037 3068 1077 non
3099 1020 3483 1091 justiﬁeabitur
3503 1018 3679 1073 omnis
3701 1016 3912 1070 vivens.
3947 1013 4040 1069 ld-

2461 1114 2607 1172 circo
2648 1113 2797 1169 omni
2826 1111 3028 1168 homini
3055 1110 3340 1166 dicendum
3364 1115 3449 1163 est
3474 1123 3489 1160 :
3515 1106 3638 1161 Non
3664 1106 3820 1159 intres
3852 1104 3910 1158 in
3937 1102 4041 1174 ju-

2462 1207 2657 1265 dicium
2704 1221 2821 1258 cum
2863 1219 3007 1257 servo
3059 1212 3149 1255 tuo
3186 1198 3357 1271 (Paul.
3411 1214 3587 1261 cmi,
3632 1196 3721 1266 2).
3773 1194 4043 1249 Dominus

2463 1297 2690 1351 bellator
2714 1302 2896 1349 noster
2920 1291 3317 1347 atrocissimum
3345 1289 3552 1343 hostem
3578 1285 3795 1341 humani
3821 1284 4044 1354 generis

2460 1390 2730 1459 judicatus
2756 1387 2903 1450 vicit,
2934 1393 2989 1439 et
3015 1384 3271 1438 mundum
3296 1383 3581 1437 damnatus
3606 1378 3854 1435 absolvit.
3886 1376 4039 1431 Prae—

2468 1483 2655 1537 videns
2680 1495 2807 1549 ergo
2831 1478 2909 1549 [in
2941 1478 3132 1547 spiritu
3159 1475 3418 1546 propheta
3457 1472 3651 1543 (Edit.,
3698 1471 3753 1525 in
3812 1469 4045 1540 spiritus

2468 1570 2797 1644 prophetia)]
2821 1585 2926 1623 non
2950 1568 3051 1623 nisi
3076 1568 3130 1621 in
3150 1559 3406 1635 sanguine
3424 1563 3623 1620 Christi
3645 1570 3861 1633 peccata
3897 1558 4047 1614 redi.

2470 1666 2544 1720 nni
2562 1680 2735 1735 posse,
2751 1663 2934 1717 laudat
2952 1662 3214 1731 justitiam
3242 1660 3379 1729 ejus,
3396 1673 3502 1727 qua
3524 1656 3791 1711 diabolum
3816 1654 4048 1709 damna-

2472 1756 2575 1820 vit;
2598 1762 2655 1808 et
2672 1752 3117 1815 misericordiam,
3133 1765 3237 1818 qua
3256 1748 3511 1804 mundum
3536 1746 3780 1800 redemit.
3808 1743 4050 1799 Proinde

2478 1859 2584 1897 non
2608 1843 2779 1898 solum
2802 1856 3038 1911 praesens
3065 1840 3146 1894 sui
3184 1838 3354 1908 ipsius
3391 1842 3693 1906 peccatum,
3719 1833 3809 1887 sed
3842 1846 4048 1901 parem

803 1942 1019 1998 mortali
1045 1939 1217 1995 induit
1238 1951 1424 1999 carne,
1451 1943 1511 1989 ut
1543 1947 1753 2001 semper
1787 1931 1973 1985 vivens
2018 1926 2072 1981 in
2116 1938 2234 1989 suO,
2275 1935 2374 1995 pro
2404 1921 2451 1980 Β
2478 1942 2589 1986 tum
2628 1946 2870 1994 suorum,
2900 1930 2954 1983 in
2992 1929 3185 1997 quibus
3209 1928 3322 1997 ipse
3350 1932 3642 1993 conceptus
3667 1930 3751 1977 est
3780 1929 3837 1976 et
3863 1930 4047 1987 nauis,

804 2034 1005 2089 nostris
1035 2030 1272 2111 peccatis
1300 2027 1437 2082 mori
1464 2032 1645 2096 posset
1670 2037 1738 2078 ex
1764 2028 1971 2081 nostro.

879 2098 1177 2189 διεκλάπη
1204 2118 1589 2183 multitudinem
1610 2112 2003 2178 miserationum
2032 2116 2243 2169 tuarum
2264 2098 2377 2189 dele

806 2186 1133 2286 iniquitatem
1179 2224 1369 2262 meum.
1398 2206 1442 2262 Ο
1473 2202 1729 2259 Domine!
1777 2196 2023 2270 quamvis
2074 2206 2269 2263 magna
2310 2186 2381 2243 sit

810 2278 1067 2374 iniquitas
1091 2315 1229 2365 mea,
1261 2306 1440 2363 tamen
1468 2293 1640 2363 major
1666 2298 1750 2347 est
1775 2284 2057 2344 multitudo
2082 2278 2381 2337 miseratio-

810 2372 1082 2459 nis—tuae,
1125 2393 1179 2458 in
1222 2406 1328 2470 qua
1372 2397 1434 2445 ut
1477 2387 1657 2443 deleas
1682 2424 1697 2449 ,
1738 2376 2036 2452 deprecor,
2070 2372 2383 2443 iniquitates

812 2504 985 2557 meas,
1015 2501 1153 2569 quas
1193 2467 1382 2542 contra
1422 2495 1511 2543 me
1539 2478 1767 2547 scriptas
1795 2469 1963 2545 [esse]
1992 2469 2251 2523 horresco
2284 2480 2295 2515 :
2325 2467 2384 2563 ut

814 2550 871 2637 te
909 2550 1198 2640 miserante
1232 2586 1444 2629 merear
1485 2568 1647 2625 scribi
1676 2565 1729 2621 in
1756 2564 1895 2617 libro
1921 2560 2046 2613 vitae
2068 2564 2174 2611 tunc
2214 2569 2228 2605 :
2257 2550 2383 2621 quia

818 2686 977 2729 nemo
1010 2672 1080 2736 ibi
1118 2663 1528 2743 soribitur,_nisi
1556 2661 1710 2738 cujus
1742 2658 1833 2715 hic
1858 2666 2045 2714 omnes
2072 2647 2385 2718 iniquitates

820 2764 1086 2829 delentur.
1406 2737 1415 2743 ’
1629 2737 1633 2738 ν
1875 2781 1885 2792 -
2110 2737 2118 2743 ’

782 2900 785 2903 -
888 2858 1053 2912 Vens.
1084 2854 1137 2908 4.
1164 2882 1235 2893 -
1263 2847 1497 2917 Amplius
1520 2846 1635 2899 lava
1660 2836 1824 2896 me'ab
1849 2835 2109 2908 injustitia
2133 2846 2249 2885 mea
2273 2836 2322 2881 et
2352 2840 2386 2879 α

819 2946 1009 3003 delicto
1033 2960 1146 2997 meo
1165 2941 1362 2996 munda
1382 2954 1482 2992 me.
1506 2936 1723 2990 Munere
1745 2926 2124 2987 misericordiae
2145 2931 2251 2976 tua:
2269 2918 2390 2972 lava

824 3050 934 3099 me,
964 3034 1205 3095 Domine,
1239 3032 1306 3085 ab
1335 3028 1608 3099 injustitia:
1628 3039 1762 3079 mea:
1798 3018 2024 3099 maculis
2052 3034 2065 3069 :
2090 3029 2192 3069 nec
2219 3010 2391 3066 solum

824 3097 964 3190 lava,
1002 3125 1096 3181 sed
1120 3124 1282 3180 etiam
1308 3097 1505 3185 munda
1531 3116 1681 3189 [Ms.,
1714 3097 1966 3181 emunda]
1988 3149 2003 3174 ,
2024 3121 2092 3162 ne
2110 3102 2238 3175 quid
2276 3115 2395 3155 sor-

827 3221 1009 3290 didum
1042 3222 1318 3281 remaneat
1355 3212 1409 3270 in
1444 3211 1557 3264 vita
1599 3221 1738 3270 mea.
1772 3200 2060 3265 Sordidare
2084 3210 2171 3252 me
2195 3191 2342 3264 potui
2376 3229 2393 3289 ε

818 3262 923 3375 :ed
948 3262 1237 3377 emundare
1262 3262 1471 3372 nequeo
1493 3340 1509 3365 ,
1551 3264 1678 3351 nisi
1704 3303 1762 3348 tu
1803 3262 2028 3347 Domino
2065 3262 2395 3347 issu—sancti
2423 3262 2472 3326 C

830 3398 1110 3472 sanguinis
1140 3396 1214 3455 tui
1245 3390 1554 3462 aspersione
1586 3382 1846 3442 mundum
1879 3393 1966 3441 me
1991 3375 2178 3431 facias.

901 3492 1063 3556 Vsus.
1106 3489 1158 3552 5.
1203 3516 1274 3529 -ς
1302 3482 1562 3555 Quoniam
1605 3474 1932 3546 iniquitatem
1966 3482 2135 3525 meam
2174 3478 2266 3533 ego
2312 3475 2399 3514 co—

832 3599 1045 3656 gnosco,
1094 3590 1141 3643 et
1175 3576 1420 3631 delictum
1472 3584 1644 3635 meum
1696 3572 1875 3624 contra
1923 3575 2004 3622 me
2059 3566 2139 3656 est
2180 3565 2397 3621 semper.

832 3642 1103 3734 Dostrumr
1130 3677 1213 3723 est
1240 3670 1462 3735 peccata
1490 3666 1672 3719 nostra
1713 3662 2039 3723 cognoscere
2059 3642 2212 3717 [Ms.,
2240 3654 2404 3710 agno-

837 3761 1015 3834 scere]
1044 3803 1059 3827 ,
1088 3768 1142 3817 et
1179 3756 1455 3815 humiliter
1479 3749 1742 3809 conﬁteri.
1776 3746 1869 3801 Dei
1895 3752 1979 3799 est
2006 3757 2109 3796 non
2138 3741 2405 3807 imputare

837 3828 1015 3917 nobis,
1041 3852 1131 3923 sed
1156 3845 1576 3914 misericorditer
1596 3843 1893 3911 ignoscere.
1908 3830 2130 3893 Plurimi
2154 3828 2293 3883 scire
2311 3838 2407 3879 sua

839 3952 1064 4019 peccata
1089 3946 1349 4011 possunh.
1372 3935 1466 3991 sed
1490 3933 1586 3988 soli
1614 3930 1687 3987 illi
1713 3930 1849 3986 bene
1868 3940 1933 3980 ea
1964 3933 2253 3991 agnoscere
2279 3930 2405 3987 pro—

842 4007 1189 4104 bantur,qui
1220 4026 1305 4088 illa
1337 4024 1584 4078 videntur
1614 4018 1827 4090 propria
1863 4012 2233 4077 exsecratione
2261 4007 2411 4061 dam-

846 4135 1001 4177 nare.
1047 4099 1293 4171 Perfecta
1325 4112 1468 4169 enim
1494 4106 1811 4179 poenitentia
1861 4112 1946 4158 est
1995 4099 2174 4161 futura
2221 4108 2413 4148 cavere

846 4216 1073 4283 peccata
1126 4214 1181 4260 et
1223 4204 1405 4277 lugere
1457 4198 1749 4270 praeterita.
1817 4192 1975 4265 352
2022 4187 2186 4241 Addit
2233 4192 2413 4239 autem

848 4275 1018 4355 David
1046 4314 1058 4349 ε
1087 4295 1151 4349 Et
1179 4276 1421 4354 delictum
1450 4305 1619 4353 meum
1648 4296 1827 4349 contra
1854 4300 1933 4345 me
1957 4290 2030 4340 est
2057 4292 2274 4346 semper.
2315 4275 2417 4329 De—

849 4390 1037 4463 lictum
1065 4394 1307 4439 nostrum
1325 4386 1514 4442 contra
1533 4392 1633 4431 nos
1656 4375 1923 4444 ponimus,
1939 4368 2023 4422 vel
2052 4380 2237 4422 coram
2259 4363 2419 4419 nobis

2477 2020 2764 2077 conﬁtetur
2796 2020 2981 2074 dicens
3008 2032 3023 2071 :

2547 2111 2708 2165 Vsus.
2738 2110 2790 2162 7.
2814 2138 2883 2149 -—
2909 2107 3045 2161 Ecce
3081 2108 3137 2160 in
3164 2104 3526 2176 iniquitatibus
3560 2110 3831 2172 Conceptus
3855 2116 3973 2156 sunt
3998 2106 4053 2154 et

2476 2202 2533 2255 itt
2574 2199 2775 2255 delictis
2811 2199 3040 2269 concepit
3084 2195 3231 2269 [Ms.,
3280 2195 3502 2265 peccatis
3528 2189 3743 2263 peperit]
3770 2208 3851 2269 nte
3879 2198 4053 2243 mater

2477 2307 2612 2345 mea.
2640 2288 2773 2356 Quis
2799 2303 2885 2343 me
2912 2262 3176 2358 potest-ex
3204 2262 3477 2339 immundo
3506 2262 3710 2338 semine
3725 2262 4053 2350 conceptum

2479 2367 2739 2434 mundum
2792 2375 2969 2431 facere
2992 2415 3008 2440 ,
3033 2375 3136 2430 nisi
3169 2382 3227 2428 tu
3256 2374 3397 2427 Deus
3436 2373 3619 2436 solus,
3645 2370 3735 2439 qui
3767 2369 3883 2425 sine
3924 2382 4059 2438 pecs

2480 2476 2604 2545 cato
2627 2468 2720 2523 es?
2742 2466 2880 2534 Quid
2909 2466 3105 2521 mirum
3143 2473 3227 2519 est
3264 2471 3441 2517 autem
3462 2503 3477 2525 .
3501 2462 3547 2518 si
3586 2460 3827 2525 fecerim,
3856 2460 3909 2514 in
3936 2460 4056 2528 quis

2481 2562 2583 2616 bus
2606 2573 2696 2615 me
2735 2565 3071 2630 peccatorem
3116 2555 3374 2611 conﬁteor
3400 2594 3414 2618 ,
3442 2554 3533 2623 qui
3558 2553 3669 2623 jam
3695 2567 3759 2606 es
3801 2550 4051 2620 originali

2481 2659 2703 2723 peccato
2729 2651 2784 2705 in
2826 2648 3198 2718 iniquitatibus
3233 2647 3346 2702 scio
3390 2660 3476 2699 me
3517 2658 3633 2699 esse
3683 2652 3999 2712 conceptum
4028 2640 4055 2694 2

2486 2744 2577 2811 qui
2602 2750 2728 2797 ante
2750 2747 2969 2810 peccata
2995 2737 3235 2793 contraxi
3262 2776 3279 2801 ,
3326 2749 3485 2804 quam
3516 2733 3640 2787 vita:
3663 2731 3924 2801 principia
3953 2729 4055 2783 ha-

2486 2833 2703 2889 berem?
2730 2830 2775 2885 0
2802 2826 3197 2891 Βοωίιιθνεῐθευ,
3225 2826 3420 2895 quibus
3454 2820 3872 2877 misericordiam
3907 2826 4054 2874 tuam

2488 2927 2737 2983 laudibus
2779 2923 3052 2979 ell'erimus
3079 2960 3095 2985 ,
3143 2934 3278 2989 quas
3326 2917 3421 2971 tibi
3467 2915 3759 2986 gratiarum
3788 2912 4061 2966 ,actiones

2491 3019 2682 3091 dignas
2709 3015 2987 3072 exsolvere
3025 3026 3309 3083 possumus
3326 3050 3339 3074 ,
3368 3009 3458 3079 qui
3480 3023 3580 3063 nos
3603 3009 3670 3062 de
3696 3005 3851 3077 hujus
3883 3004 4059 3060 chiro-

2494 3113 2681 3185 graphi
2719 3112 2895 3167 debito
2919 3110 2975 3165 in
3003 3108 3264 3177 sanguine
3308 3112 3400 3158 tuo
3444 3100 3719 3166 liberasti,
3772 3098 3955 3153 dolens
4005 3096 4061 3151 in

2497 3221 2657 3264 cruce
2706 3210 2921 3260 nostras
2960 3208 3306 3273 peccatorum
3363 3195 3670 3258 cautiones,
3714 3206 3831 3260 qua:
3876 3197 4060 3267 contra

2500 3312 2602 3355 nos
2628 3313 2658 3350 a
2689 3295 2878 3365 primis
2901 3290 3214 3363 parentibus
3252 3284 3571 3354 conscripta:
3594 3280 3944 3338 sunt-nostris
3974 3278 3994 3331 ἲ

2568 3389 2731 3447 Vens.
2763 3388 2816 3443 8.
2840 3413 2912 3428 -—
2946 3374 3083 3438 Ecce
3111 3380 3247 3435 enim
3275 3378 3539 3431 veritatem
3566 3373 3796 3430 dilexisti
3818 3412 3833 3435 ,
3864 3372 4064 3425 incerta

2501 3489 2548 3536 et
2578 3481 2781 3533 occulta
2816 3473 3085 3545 sapientiae
3111 3480 3213 3524 tua:
3242 3465 3600 3544 manifestasti’
3621 3462 3769 3516 mihi.
3805 3459 3958 3515 Sicut
3978 3471 4070 3514 su-

2502 3570 2699 3641 periori
2728 3541 2888 3623 versu
2914 3580 3008 3636 per
3035 3575 3318 3620 commune
3361 3541 3615 3613 delictum
3651 3553 3896 3637 probavit
3926 3551 4068 3621 quod

2504 3631 2664 3716 nemo
2687 3631 2931 3729 peccatis
2950 3653 3266 3709 redderetur
3284 3655 3564 3715 exemptus
3589 3644 3743 3717 μη,
3764 3631 4065 3713 exceptus];

2506 3750 2586 3803 sic
2616 3749 2812 3802 iterum
2842 3746 2895 3798 in
2937 3740 3241 3798 conﬁtendo
3290 3745 3509 3807 peccata
3559 3736 3840 3789 veritatem
3892 3733 4067 3794 dixit,

2508 3852 2667 3907 quam
2697 3836 2817 3907 plus
2846 3833 3102 3889 Dominus
3132 3830 3287 3891 Deus,
3316 3842 3379 3881 ac
3405 3841 3563 3897 super
3587 3825 3765 3878 omnia
3810 3819 4070 3875 sacriﬁcia

2509 3928 2753 3998 requirit.
2787 3926 2901 3980 Non
2936 3923 3079 3978 enim
3114 3921 3254 3975 Deus
3291 3916 3589 3971 delectatur
3614 3913 3787 3984 poenis
3836 3910 4066 3972 nostris,

2512 4021 2604 4075 sed
2633 4016 3021 4073 confessionem
3047 4010 3235 4081 quaerit
3255 4008 3474 4071 erroris.
3505 4005 3713 4060 Incerta
3740 4016 3868 4072 ergo
3896 4010 3945 4054 et
3982 4018 4069 4054 oc-

2514 4108 2653 4163 culta
2689 4106 2953 4176 sapientia:
3003 4112 3105 4156 tua:
3153 4098 3500 4169 manifestasti
3528 4097 3687 4159 mihi;
3714 4093 3963 4148 nimirum
4010 4102 4073 4145 ea

2515 4216 2633 4271 qua:
2662 4200 2800 4253 Deus
2839 4195 2961 4269 [illi]
2992 4195 3043 4249 in
3075 4193 3192 4247 Filii
3216 4192 3297 4246 sui
3338 4187 3765 4244 manifestatione
3803 4181 4071 4238 revelavit.

2517 4292 2755 4346 Primum
2783 4298 2841 4343 ut
2867 4300 3214 4357 agnoscerem
3238 4282 3437 4337 habere
3458 4295 3579 4335 eum
3596 4278 3770 4333 lilium
3794 4292 3809 4340 ;
3842 4272 4030 4329 deinde
4055 4311 4070 4333 .

2518 4388 2579 4433 ut
2602 4369 2776 4448 ipsum
2806 4391 3017 4431 nossem
3044 4390 3113 4431 ex
3156 4387 3277 4428 meo
3320 4370 3527 4425 semine
3562 4368 3614 4421 in
3651 4365 3830 4421 carnis
3876 4376 4075 4417 assum-

853 4460 1068 4548 semper
1114 4474 1394 4535 habemus,
1425 4466 1639 4540 quando
1668 4465 1721 4527 in
1750 4460 2009 4519 memoria
2050 4455 2182 4548 illud
2220 4452 2421 4523 iugiter
2519 4471 2699 4540 ριίοηε
2726 4476 3029 4529 νεπιιιηηηην
3057 4477 3288 4531 eumque
3311 4459 3657 4530 prﬁdiam“
3678 4496 3694 4521 ν
3744 4463 3801 4509 α
3844 4466 4077 4507 ωηο,

855 4547 1100 4624 tenemus
1127 4563 1195 4618 ad
1224 4557 1629 4631 supplicandum
1659 4569 1756 4625 pro
1780 4567 1846 4607 eo
1868 4591 1882 4615 ,
1912 4547 2351 4650 donecOvincatur
2389 4557 2419 4595 a
2448 4594 2501 4659 ο
2523 4562 2716 4618 cum,“
2740 4560 2963 4631 gloriam
2983 4556 3284 4618 nuntiarem
3306 4565 3352 4606 ι,
3381 4550 3677 4620 δαμείω-τ

858 4658 1013 4716 nobis
1043 4656 1309 4731 mortique
1361 4653 1516 4706 detur
1561 4646 1938 4716 sempiterna};
1972 4656 2040 4695 ne
2085 4638 2279 4692 iterum
2325 4648 2425 4688 nos

858 4734 1126 4804 debellare
1152 4744 1346 4805 valeat,
1380 4741 1521 4797 sicut
1542 4737 1749 4809 pridem
1779 4733 1922 4787 fecit.
1955 4730 2089 4784 Nam
2116 4729 2276 4805 toties
2300 4739 2426 4796 pec-

864 4846 984 4893 cata
1009 4835 1342 4908 respicimus,
1368 4830 1577 4903 quoties
1597 4826 1877 4884 commissa
1908 4821 2263 4892 deploramus.

936 4923 1100 4980 Vsus.
1122 4922 1249 4977 6.—-.
1272 4920 1385 4974 Tibi
1403 4918 1501 4972 soli
1526 4916 1728 4988 peccavi
1749 4924 1797 4968 et
1815 4914 2010 4974 malum
2042 4926 2219 4973 coram
2239 4918 2285 4972 tr
2302 4908 2426 4973 (ea:

2595 4654 2757 4709 Vsus.
2787 4651 2841 4706 9.
2871 4679 2941 4691 -—-
2974 4649 3225 4718 Asperges
3272 4660 3361 4705 me.
3391 4644 3610 4713 hyssopo
3656 4648 3705 4693 et
3756 4634 4078 4697 mundabor;

2526 4742 2721 4796 locabis
2750 4756 2830 4793 me
2855 4780 2871 4803 ,
2916 4748 2967 4792 et
3012 4751 3167 4805 super
3209 4734 3374 4787 nivem
3414 4728 3712 4783 dealbabor.
3756 4724 3906 4778 Sicut
3943 4721 4077 4776 enim

2527 4830 2790 4899 hyssopus
2833 4825 2984 4898 μί...
3009 4826 3299 4893 hyssopum
3344 4826 3724 4871 terrenum.....
3755 4808 4080 4899 aptum]

2530 4894 2659 4972 rena
2688 4894 2939 4969 curandis
2965 4910 3306 4982 pulmonibus
3332 4915 3453 4975 apta
3476 4912 3578 4968 est,
3603 4912 3663 4959 ut
3700 4907 3904 4957 avertat
3944 4894 4079 4951 inﬁa-

868 5010 1004 5089 [50ιί
1051 5014 1163 5069 Deo
1206 5009 1287 5083 ⁵⁸]
1323 4986 1574 5082 Ρθεαιεέε
1601 5004 1901 5067 conﬁtetur:
1935 5002 2059 5072 (ιυίε
2089 5000 2203 5061 δεδι
2244 5005 2432 5089 Pomm
2534 5006 2732 5064 tionem
2766 5020 2778 5055 :
2817 5003 2892 5056 ita
2926 5000 3133 5057 cmlesti
3176 4998 3296 5067 quis
3341 5008 3619 5065 respersus
3662 4994 3915 5063 byssOpo,
3936 4986 3983 5041 id
4003 4994 4080 5039 est

868 5105 1031 5160 alium
1058 5117 1165 5159 non
1194 5099 1386 5176 metuit
1430 5096 1659 5151 ultorem
1703 5092 1908 5164 peccati
1955 5091 2058 5145 sui.
2086 5090 2155 5154 Et
2179 5098 2237 5143 ut
2264 5088 2435 5156 majus
2534 5094 2834 5153 humilitate
2876 5091 3086 5156 cordis,
3132 5091 3200 5144 ah
3242 5088 3389 5146 omni
3446 5083 3710 5155 superbia:
3769 5076 4082 5147 malignitate

868 5194 1167 5265 iniquitatis
1188 5168 1364 5259 scelus
1386 5184 1710 5247 ostenderet,
1734 5178 1975 5252 adjunxit
1999 5196 2011 5233 :
2043 5177 2236 5233 molum
2259 5193 2435 5230 coram
2536 5199 2617 5255 pm

2329 5193 2435 5230 tam
2536 5192 2816 5255 purgatur.
2839 5180 3066 5247 Lavabis
3082 5193 3213 5249 ergo
3228 5192 3316 5231 me
3336 5184 3390 5233 et
3408 5188 3570 5243 super
3591 5167 4078 5228 nivemdealbabor.

876 5295 925 5339 te
964 5284 1084 5351 feci.
1142 5282 1278 5336 Dum
1315 5279 1461 5334 enim
1496 5276 1693 5345 ubique
1720 5281 1771 5326 te
1800 5276 2114 5341 praesentem
2159 5268 2391 5321 sciebam
2419 5307 2435 5329 .

881 5371 1023 5448 [cur]
1050 5372 1106 5426 in
1132 5370 1415 5442 prasentia
1444 5366 1579 5423 tanti
1607 5361 1813 5420 Iudicis
1836 5375 1943 5416 non
1971 5357 2272 5413 metuebam
2314 5371 2439 5428 poc-

2540 5287 2766 5341 cumque
2800 5278 3020 5340 peccata
3062 5282 3179 5323 mea
3229 5264 3501 5335 phoenicio
3529 5261 3636 5317 sint
3678 5257 3899 5320 similia.
3941 5256 4081 5326 quasi

2540 5366 2633 5425 nis
2662 5361 3050 5417 dealbabuntur
3085 5359 3133 5410 δ.
3163 5355 3336 5425 Super
3369 5353 3547 5407 nivem
3588 5358 3765 5406 autem
3808 5346 3981 5402 album
4021 5346 4082 5403 ds

948 5559 975 5589 ⁸
1000 5545 1059 5602 In
1082 5542 1390 5621 COdd-_m§8-
1419 5539 1601 5612 βτίοη
1630 5538 2014 5621 ὶῑξ,]εειιυῐῑξτ,ε
2046 5552 2077 5621 ί,
2090 5530 2447 5621 Ρτξτξιυξξιρμιρ
2546 5556 2627 5605 se,
2651 5539 2798 5603 dicit,
2820 5536 3065 5593 debuisse
3084 5546 3328 5606 peccare,
3343 5544 3464 5587 cum
3488 5527 3613 5583 talia
3635 5520 3916 5580 meruisset
3932 5533 4082 5589 agnae

877 5622 1194 5691 agnosceret
1237 5602 1599 5691 habere_eum
1664 5602 1867 5691 ﬁliufn;
1900 5602 2220 5691 ideind‘e‘ut
2258 5602 2444 5691 ipsum
2548 5602 2718 5691 scere.
2757 5627 2775 5659 ι

879 5674 1084 5749 nosset,
1109 5699 1177 5739 ex
1206 5697 1312 5752 quo
1334 5680 1541 5752 semine
1564 5679 1620 5731 in
1652 5674 2449 5752 carnis_assumptlone._ventu-

2620 5656 2735 5732 iiii.
2757 5656 2915 5732 codd.
2948 5678 3081 5729 mss.
3107 5690 3125 5722 ε
3158 5670 3229 5726 Ut
3258 5668 3383 5739 quia
3420 5670 3639 5739 peccata
3678 5677 3795 5718 mea
3837 5656 4083 5731 phmnicfo

880 5738 1178 5818 ἷιῖἶὲέὲεὶ.
1207 5738 1268 5824 ﬁt
1294 5750 1559 5824 passionis
1580 5760 1793 5817 quoque
1826 5738 2444 5824 εἰκυητηίνξφδίρεηὲξ
2550 5765 2629 5804 ενι

1865 5738 2078 5824 Βιιτεηιδ-Δ
2095 5740 2444 5824 ρξφύίρεωδρ
2550 5756 2677 5804 sunt
2697 5747 2913 5811 similia,
2940 5742 3092 5813 quasi
3118 5742 3211 5795 nix
3230 5738 3563 5799 dealbentur.
3594 5752 3612 5788 ι

884 5809 1384 5881 et‘resurrectio'nis
1416 5809 1640 5890 gloriam
1693 5809 1999 5869 nuntiaret:
2032 5809 2304 5866 ctdeinde
2343 5822 2449 5861 non
