4428 6404
191 465 295 530 εεδδ

191 687 309 726 rem
335 669 492 734 dixit,
524 669 647 736 quia
671 666 924 736 spiritalis
949 666 1123 719 anima
1148 665 1301 734 longe
1328 680 1487 732 supra
1526 679 1748 732 corpora

191 760 444 813 mundata
495 755 817 826 resplendet.
869 752 1149 814 Humilitas
1175 751 1374 808 Christi
1405 751 1565 805 solvit
1598 750 1748 822 μὴ..

188 845 691 918 salvavitLpeccata
720 852 926 911 nostra,
955 842 1266 896 humillima:
1293 842 1474 896 herbze
1521 842 1751 910 hyssopo

185 936 321 989 bene
351 942 656 1003 comparata
698 950 711 985 :
756 947 874 1001 quae
897 971 912 993 ,
955 932 1094 985 sicut
1119 940 1173 984 et
1197 931 1310 984 haec
1336 945 1366 983 a
1394 931 1705 999 corporibus
1734 969 1746 989 ,

185 1025 254 1079 ab
283 1022 478 1077 animis
506 1021 703 1075 nostris
740 1019 1065 1075 inflationem
1096 1018 1231 1071 tollit
1257 1019 1542 1102 superbia).

263 1113 421 1174 Vens.
453 1111 538 1166 10.
566 1140 634 1151 -
657 1110 872 1164 Auditui
915 1126 1025 1162 meo
1053 1108 1199 1161 dabis
1225 1109 1472 1176 gaudium
1517 1117 1564 1159 et
1614 1106 1748 1159 lattt-

185 1203 313 1255 tiam
337 1240 354 1266 ,
387 1212 433 1254 et
459 1198 788 1253 exsultabant
827 1214 944 1251 ossa
974 1196 1268 1250 humiliata.
1308 1195 1525 1249 Auditui
1568 1195 1749 1247 datum

184 1301 267 1346 est
292 1290 544 1359 gaudium
571 1329 584 1352 ,
616 1288 826 1357 quando
852 1288 984 1342 dixit
1007 1288 1055 1340 ei
1088 1285 1312 1351 Nathan,
1355 1285 1638 1356 dimissum
1668 1294 1751 1339 est

183 1389 463 1447 peccatum
498 1388 646 1431 tuum
681 1375 767 1448 (II
799 1375 924 1446 Reg.
951 1393 1049 1439 xu,
1095 1377 1201 1447 l3).
1232 1376 1492 1430 Gaudium
1521 1376 1752 1445 pertinet

182 1469 250 1523 ad
280 1467 666 1522 absolutionem
693 1504 707 1528 ,
755 1465 937 1519 lattitia
965 1465 1029 1519 ad
1055 1474 1306 1532 perpetua
1336 1464 1554 1534 praemia
1581 1464 1752 1540 possi—

181 1558 376 1614 denda.
408 1555 567 1626 353
597 1555 663 1609 Et
689 1555 1038 1612 exsultabant.
1073 1554 1266 1623 inquit,
1311 1571 1425 1608 ossa
1453 1553 1747 1612 huntiliata.

181 1647 434 1710 virtutes,
463 1661 582 1713 qua:
611 1645 760 1713 prius
788 1643 1000 1697 fuerant
1023 1652 1239 1713 peccato
1268 1643 1577 1697 humiliatm.
1607 1643 1700 1696 Vel
1735 1661 1744 1693 :

181 1733 499 1789 eternitatis
519 1748 643 1802 spes
672 1731 824 1803 μὴ,
851 1733 1120 1786 aeternitas
1145 1733 1256 1802 spei
1290 1730 1442 1804 meze]
1465 1772 1479 1796 ,
1512 1748 1630 1800 quzr.
1669 1747 1750 1785 me

181 1831 437 1894 peccante
470 1822 745 1876 bumiliata
786 1821 981 1886 fuerat,
1016 1830 1066 1875 te
1091 1821 1397 1892 indulgente
1425 1821 1674 1875 exsultat.

773 461 1176 516 EXEGl-LTICA.
1216 490 1289 515 -ι
1320 458 1674 514 EXi‘OSl'I'lO
1713 460 1774 513 IX
1815 458 2006 512 PS\I..
2054 458 2644 523 ι’(ιι-ζλιίιίλιιλιις,
2691 463 2835 515 ILTtI.
3322 464 3419 514 (5S4;

189 578 502 649 corporibus
546 575 676 629 nihil
718 583 890 644 potest
923 575 1166 628 inveniri.
1195 574 1298 627 Sed
1327 573 1443 626 ideo
1473 589 1630 642 super
1673 574 1747 625 ni-
1776 583 1819 635 Λ

1927 571 2082 624 Vtus.
2120 572 2582 628 lﬁ.-—-Libcrantc
2608 578 2670 626 dc
2703 577 3060 643 sanguiuibuc.
3101 576 3252 632 Dsm.
3291 577 3329 624 Ir
3353 596 3420 628 "Is

1851 658 2032 710 salutis
2059 676 2200 720 metu,
2236 669 2282 711 et
2323 659 2568 712 exaltabit
2601 662 2774 734 lingua
2820 681 2928 714 mea
2960 665 3218 732 justitiam
3259 680 3417 719 tttuut.

1849 746 2090 800 Liberari
2141 763 2197 800 se
2243 750 2374 817 petit
2415 749 2677 818 Propheta
2725 752 2790 803 de
2819 753 3193 819 sanguinibus,
3235 756 3416 810 idest.

1850 835 2156 890 carnalibus
2192 837 2417 900 delictis,
2461 848 2518 891 ut
2547 838 2658 905 jam
2697 841 2962 894 desineret
3004 843 3052 894 in
3095 845 3192 897 ista
3225 844 3422 916 fragili-

1852 935 1960 978 tate
1985 941 2228 994 peccare.
2275 928 2502 997 Sanguis
2531 930 2670 981 enim
2694 946 2790 999 pro
2819 947 3044 1001 corpore
3073 934 3302 989 humano
3331 954 3421 1006 po-

1851 1015 2016 1076 nitur,
2057 1017 2181 1084 quia
2219 1017 2358 1070 inter
2396 1028 2619 1072 caeteros
2659 1021 2906 1073 humores
2945 1022 3064 1089 ejus
3102 1026 3211 1094 ipse
3250 1032 3424 1097 potior

1849 1102 2061 1156 videtur
2101 1106 2352 1159 existere.
2395 1106 2544 1171 Quod
2591 1124 2719 1160 vero
2757 1113 2849 1172 ait,
2895 1112 3030 1166 Deus
3065 1118 3246 1169 salutis
3274 1136 3419 1178 nmr.

1851 1190 2115 1258 signiﬁcat
2146 1186 2428 1245 Dominum
2460 1192 2815 1259 Salvatorem,
2851 1214 2947 1267 per
2980 1215 3136 1267 quem
3166 1205 3309 1257 salus
3337 1223 3420 1274 pn-

1851 1279 2191 1333 credentibus
2239 1281 2412 1334 datur.
2458 1281 2672 1336 Addidit
2714 1286 2892 1346 etiam,
2946 1289 3192 1342 exitltabit
3243 1292 3419 1360 lingu:

1851 1382 1962 1418 mea
1980 1367 2241 1435 justitiam
2267 1378 2439 1430 tuam,
2476 1369 2524 1421 id
2549 1380 2650 1432 est,
2681 1374 2724 1424 si
2754 1389 2836 1426 mc
2869 1375 3178 1433 liberareris
3207 1381 3270 1433 de
3300 1399 3420 1432 sai.—

1851 1456 2119 1522 guiuibus,
2151 1457 2292 1525 quod
2323 1459 2635 1525 intelligitur
2661 1462 2725 1513 de
2755 1467 3005 1530 peccatis,
3036 1467 3241 1522 laudem
3276 1481 3416 1522 iitum

1852 1544 2028 1613 lingua
2060 1561 2175 1599 mea
2200 1546 2343 1614 justc
2367 1548 2631 1614 loquetur,
2665 1551 2745 1601 vel
2775 1555 3082 1615 przrdirahit
3109 1558 3279 1628 lingua
3307 1577 3368 1609 an:
3393 1583 3416 1611 ιι

1852 1636 2102 1690 mandata
2132 1644 2241 1690 tua.

1922 1725 2080 1780 Vens.
2110 1728 2523 1792 l7.——Dontine,
2556 1731 2693 1785 labia
2718 1750 2831 1786 mea
2853 1736 3072 1805 aperics,
3095 1747 3140 1790 et
3167 1754 3222 1792 os
3253 1757 3414 1792 meum

1761 1822 1769 1834 ‘
1852 1815 2178 1867 annuntiabit
2201 1815 2406 1870 laudent
2429 1829 2590 1871 tuam.
2621 1819 2784 1873 Lahia
2807 1821 3103 1892 Prophctse,
3134 1840 3251 1893 qua:
3277 1826 3419 1878 clau-

251 1914 412 1967 Vsns.
445 1911 807 1965 ll.—Averte
833 1911 1018 1980 [aciem
1046 1920 1190 1963 tuam
1217 1928 1247 1963 a
1275 1911 1495 1980 peccatis
1532 1911 1679 1973 meis,
1707 1921 1752 1962 et
1788 1911 1830 1968 Β
1860 1918 1914 1955 sa
1949 1903 2160 1958 fuerant
2186 1907 2487 1961 conditione
2521 1910 2748 1977 peccati,
2782 1912 3038 1966 beneﬁcio
3075 1914 3419 1969 absolutioni».

181 2018 356 2056 omnes
385 2003 681 2072 iniquitates
713 2017 852 2054 meas
879 2000 1008 2054 dele.
1050 1999 1126 2052 Ne
1153 2016 1269 2055 mea
1303 2011 1519 2068 peccata
1553 2002 1630 2056 sic
1661 2017 1748 2055 ac-

181 2092 352 2161 cipias
385 2089 541 2162 [lfs.,
579 2090 862 2162 aspicias],
894 2099 953 2143 ut
979 2083 1314 2144 revertantur
1344 2091 1410 2144 ad
1437 2093 1747 2146 memoriam

182 2192 348 2252 tuam.
387 2181 584 2236 Averte
617 2180 804 2236 faciem
842 2189 1017 2245 tuam;
1058 2195 1122 2234 ac
1157 2182 1202 2234 si
1239 2180 1402 2244 dicat,
1443 2197 1508 2236 ne
1544 2182 1746 2244 videas,

181 2287 250 2327 ne
289 2272 588 2341 recorderis
623 2271 732 2338 illa.
789 2270 854 2324 Et
893 2287 1066 2325 omnes
1103 2272 1398 2340 iniquitates
1435 2287 1574 2324 meas
1611 2271 1744 2331 delc,

181 2363 500 2434 praeteritas,
539 2368 826 2429 prmsentes
863 2369 918 2415 et
950 2359 1176 2414 futuras.

258 2449 414 2504 Vens.
450 2447 736 2504 l2.—Cor
763 2449 1008 2504 mundum
1037 2465 1154 2502 crea
1183 2451 1236 2502 in
1262 2466 1358 2512 me,
1390 2449 1545 2512 Deus,
1575 2460 1621 2504 et
1643 2451 1745 2521 spi-

183 2539 341 2591 ritum
383 2549 578 2592 rectum
614 2540 798 2592 innova
839 2541 891 2592 in
932 2539 1206 2593 visceribus
1244 2540 1389 2593 meis.
1438 2538 1573 2593 Petit
1611 2540 1743 2594 Pro-

182 2617 343 2696 pheta
370 2629 626 2683 mundum
654 2643 748 2684 cor
771 2630 872 2684 sibi
900 2630 1094 2693 creari,
1124 2629 1176 2683 id
1203 2639 1286 2683 est
1317 2630 1626 2693 restaurari,
1668 2630 1749 2701 [ut

184 2715 350 2770 Deum
371 2717 568 2790 videat]
599 2736 609 2771 :
636 2719 705 2772 ita
728 2727 779 2772 et
801 2720 1165 2792 unusquisque
1192 2719 1349 2774 debet
1379 2718 1574 2774 facere.
1621 2719 1748 2790 [Cor

183 2807 433 2859 mundum
460 2823 578 2860 creo
599 2809 652 2861 in
674 2823 753 2862 me
773 2808 932 2873 Deus,
951 2817 1234 2879 propterea
1257 2811 1498 2878 rogabat,
1521 2817 1579 2862 ut
1595 2825 1747 2863 muu-

177 2895 281 2950 dus
304 2896 457 2952 ﬁeret
473 2913 502 2950 a
522 2898 784 2971 peccato.]
812 2899 878 2952 Et
899 2901 1134 2974 spiritum
1156 2910 1347 2954 rectum
1367 2901 1551 2954 innora
1574 2903 1626 2954 in
1651 2903 1747 2953 ris-

180 2986 386 3040 ceribus
625 3004 731 3058 quo
761 2987 858 3062 [te]
897 2998 1040 3045 recte
1065 2989 1355 3054 conﬁtear;
1388 2989 1469 3042 vel
1499 2991 1744 3058 spiritum

184 3084 390 3141 rectum
427 3075 497 3131 ad
531 3077 814 3132 videndum
851 3088 905 3132 et
942 3080 1378 3144 discernendum,
1419 3080 1554 3133 sicut
1589 3088 1744 3133 antea

182 3173 362 3235 rectus
387 3162 489 3222 fuit
517 3167 572 3222 in
598 3183 700 3232 me,
733 3169 943 3239 iunova,
983 3171 1105 3241 quia
1141 3179 1292 3226 vetus
1329 3169 1498 3225 factus
1529 3179 1611 3226 est
1646 3186 1744 3242 pro

1849 1994 2133 2062 aperienda
2164 1997 2592 2063 pronuntiantur.
2638 1996 2710 2051 Os
2737 2007 2914 2052 autem
2946 2001 3144 2054 dicitur
3166 2011 3220 2056 et
3243 2005 3421 2056 cordis

1848 2097 2140 2145 arcanum,
2193 2085 2331 2136 unde
2382 2083 2608 2139 ellicitur
2651 2087 2765 2140 laus
2792 2089 2989 2142 divina.
3037 2089 3225 2155 Merito
3269 2107 3414 2162 ergo.

1846 2182 1966 2240 post
2001 2174 2384 2229 absolutionem
2436 2180 2660 2245 peccati,
2711 2189 2764 2233 et
2814 2181 2949 2234 labia
2991 2198 3086 2236 sua
3135 2186 3417 2254 aperienda

1845 2276 1964 2314 esse
1999 2263 2331 2330 pronuntiat,
2370 2275 2423 2317 et
2457 2281 2519 2318 os
2555 2283 2710 2322 suum
2750 2270 2878 2324 dicit
2914 2275 3234 2329 annuntiare
3261 2290 3416 2345 posse

1844 2354 2109 2419 praeconia
2138 2364 2192 2408 et
2222 2353 2430 2410 laudem
2457 2357 2573 2425 ejus
2601 2375 2703 2428 qua
2731 2373 3002 2418 recreatus
3022 2373 3120 2419 est.

1917 2443 2076 2497 Vens.
2124 2445 2560 2512 l8.-—Quoniam
2591 2452 2635 2502 si
2675 2452 2918 2507 voluisses
2953 2458 3290 2524 sacri/icium,
3327 2462 3412 2512 dr-

1845 2531 2033 2584 dissem
2076 2535 2279 2602 utique;
2316 2535 2632 2590 holocaustis
2671 2555 2773 2591 non
2806 2539 3156 2596 delectaberis.
3202 2545 3412 2616 Signiﬁ-

1846 2630 1933 2674 cat
1969 2623 2055 2676 hic
2101 2623 2367 2692 Propheta
2409 2627 2544 2680 ritus
2577 2642 2851 2683 sacrorum
2891 2647 2986 2698 per
3025 2633 3416 2692 immolationes

1845 2713 2128 2794 pecudum,
2171 2715 2263 2782 qui
2309 2724 2464 2769 erant
2501 2717 2553 2770 in
2598 2717 2826 2773 adventu
2862 2719 3069 2777 Domini
3111 2728 3410 2796 respuendi.

1849 2803 1997 2858 Unde
2034 2814 2245 2875 constat
2279 2806 2600 2877 Prophetam
2645 2811 2721 2864 sic
2760 2812 2827 2864 ad
2876 2812 3040 2868 Deum
3085 2825 3193 2871 tota
3240 2828 3415 2874 mente

1846 2893 2187 2957 translatum,
2229 2904 2287 2946 ut
2332 2913 2436 2949 non
2481 2912 2540 2950 se
2591 2900 2871 2956 sacriﬁciis
2905 2905 3152 2974 quze'illo
3181 2916 3416 2978 tempore

1846 2982 2188 3049 gerebantur,
2212 2985 2454 3039 crederet
2479 2989 2824 3058 expiandum,
2858 2995 2948 3048 sed
2979 2993 3066 3048 illa
3093 2995 3415 3066 magisohla-

1847 3073 2010 3134 tione,
2041 3087 2142 3156 qua
2173 3073 2304 3127 dicit
2326 3088 2715 3146 consequenter
2739 3079 2892 3150 illa,
2925 3083 3198 3157 inferius]:

1913 3162 2073 3219 Vens.
2107 3165 2190 3219 19.
2208 3166 2619 3237 —Sacriﬁcium
2641 3172 2746 3226 Deo
2769 3177 2979 3244 spiritus
3000 3181 3373 3236 contribulatus
3402 3203 3416 3238 :

182 3267 422 3326 peccato.
464 3258 709 3314 lnnovari
733 3261 961 3330 postulat
985 3277 1079 3332 per
1109 3263 1356 3332 gratiam,
1387 3272 1440 3317 et
1477 3263 1644 3328 addit,
1687 3263 1742 3315 in
1768 3245 1814 3306 C
1843 3267 1934 3306 car
1952 3256 2230 3309 contritum
2253 3269 2298 3311 et
2322 3259 2646 3314 humiliation
2671 3261 2808 3316 Deus
2830 3282 2929 3317 non
2952 3266 3217 3335 despicies.
3249 3269 3412 3336 Quasi

179 3349 458 3402 uisceribus
496 3350 655 3412 meis,
697 3350 836 3404 unde
882 3360 1102 3406 noverat
1147 3351 1391 3407 adulterii
1430 3351 1743 3407 detestabile

181 3441 386 3496 crimen
430 3441 643 3496 exiisse.
694 3440 942 3513 Utrisque
988 3444 1129 3498 enim
1168 3443 1409 3514 partibus
1453 3443 1741 3498 remedium

180 3533 413 3609 petebat.
451 3533 702 3602 quoniam
739 3533 805 3588 de
845 3542 1071 3604 utroque
1107 3542 1441 3604 peccaverat.

254 3621 414 3675 Vsus.
444 3619 704 3675 lS.-—Ne
723 3615 968 3691 proﬁcias
991 3638 1068 3674 me
1087 3639 1118 3675 a
1138 3623 1270 3690 facie
1291 3631 1401 3684 tua,
1421 3632 1467 3674 ct
1491 3621 1740 3691 Spiritum

179 3717 416 3761 sanctum
449 3717 595 3761 tuum
625 3724 686 3762 ne
711 3710 922 3778 auferas
950 3728 982 3764 a
1012 3727 1112 3764 me.
1155 3709 1229 3764 Ne
1257 3710 1506 3780 projicias
1534 3727 1648 3780 me,
1677 3728 1742 3766 ue

180 3797 320 3850 sicut
339 3795 470 3850 Cain
495 3795 646 3850 exsul
670 3811 700 3850 a
727 3805 778 3850 te
797 3795 1014 3852 emeiar.
1053 3798 1336 3866 Projicitur
1363 3816 1392 3852 a
1420 3799 1570 3859 facie.
1598 3802 1685 3869 qui
1709 3817 1739 3854 a

179 3896 332 3958 patre
358 3887 735 3942 contemnitur.
780 3885 992 3942 Sciebat
1019 3888 1159 3941 enim
1189 3890 1256 3943 ab
1278 3888 1418 3942 illius
1444 3887 1577 3943 facie
1601 3889 1741 3944 sani-

179 3985 344 4031 tatem
371 3977 586 4040 mentis,
623 3983 678 4030 et
711 3977 890 4032 lumen
927 3978 1107 4032 venire
1143 3977 1434 4046 sapientia,
1474 3985 1527 4032 et
1563 3980 1742 4033 crede-

177 4068 270 4122 bat
296 4081 354 4122 se
385 4066 604 4138 inimico
631 4067 793 4131 tradi,
831 4067 877 4121 si
909 4082 941 4121 a
974 4067 1120 4121 vultu
1165 4069 1373 4123 Domini
1409 4067 1741 4136 judicaretur

174 4155 388 4228 expelli.
416 4156 618 4213 Deinde
639 4171 768 4212 vero
783 4158 1026 4225 spiritum
1047 4160 1489 4229 prophetiaepetit
1514 4162 1613 4215 sibi
1634 4177 1738 4215 non

172 4245 395 4310 auferri,
421 4258 579 4314 quem
601 4245 892 4316 pretiosum
912 4261 1073 4316 supra
1097 4257 1287 4302 cuncta
1311 4264 1402 4302 rex
1428 4249 1632 4319 habuit.

243 4334 410 4389 Vens.
440 4333 608 4387 lt.-—
623 4332 796 4389 Redde
815 4335 939 4389 mitti
957 4335 1192 4404 ivstitiam
1211 4336 1454 4391 salutaris
1475 4341 1572 4401 tui,
1598 4340 1738 4394 illam

173 4423 385 4480 scilicet
409 4422 605 4479 Christi
638 4424 712 4478 tui
740 4425 1170 4490 exsultationem,
1201 4443 1359 4496 quam
1395 4428 1445 4482 in
1486 4443 1550 4483 eo
1578 4430 1738 4501 habui

172 4512 486 4583 priusquam
522 4512 870 4580 peccarerim.
913 4511 1157 4584 salutare
1186 4514 1278 4568 Dei
1305 4515 1478 4586 Patris
1499 4515 1741 4572 Christus

1846 3341 2013 3410 dicat,
2041 3359 2075 3399 o
2097 3345 2288 3410 homo,
2319 3349 2360 3401 si
2390 3351 2726 3418 peccaveris.
2761 3353 2864 3421 noli
2894 3357 3226 3412 extrinsecus
3247 3374 3411 3429 pecus

1845 3435 1988 3506 quod
2030 3444 2232 3492 maetcs
2279 3439 2770 3512 iuquirere;habes
2815 3445 2958 3500 intus
2991 3449 3132 3517 quod
3172 3450 3404 3505 occidas.

1842 3522 2132 3596 Postquam
2151 3528 2293 3582 enim
2312 3529 2446 3584 dixit
2461 3547 2578 3599 qure
2591 3533 2851 3589 sacriﬁcia
2873 3521 3014 3590 Deus.
3025 3540 3244 3613 respuit,
3268 3558 3406 3597 nunc

1844 3612 1974 3667 dicit
1999 3613 2085 3667 illa
2126 3631 2244 3684 quze
2271 3620 2461 3686 poscit.
2504 3619 2650 3674 Istud
2676 3623 2830 3676 enim
2867 3623 3054 3679 damus
3088 3628 3408 3685 sacriﬁcium

1844 3702 1973 3765 Deo,
2006 3706 2252 3774 spiritum
2285 3708 2488 3763 scilicet
2513 3711 2796 3779 superbire,
2825 3714 3171 3773 confessionis
3201 3719 3408 3774 humil.-'

1844 3805 1952 3851 tale
1993 3807 2306 3864 mactatum,
2343 3789 2506 3873 355
2543 3804 2682 3856 unde
2716 3819 2819 3857 nou
2861 3808 3077 3876 sanguis
3114 3811 3408 3878 egreditur.

1843 3889 1934 3942 sed
1975 3889 2328 3960 lacrymarum
2370 3892 2564 3946 ﬂuenta
2600 3893 2910 3947 decurrunt.
2968 3895 3280 3967 [Sequitum
3308 3902 3409 3952 (.or

1842 3977 2116 4028 contritum
2145 3987 2192 4028 et
2223 3977 2552 4031 Immi'iatum
2582 3979 2717 4032 Deus
2748 3999 2847 4034 non
2879 3983 3112 4054 spernit].
3152 3983 3256 4037 Cor
3287 4003 3406 4037 con-

1841 4067 2018 4120 tritum
2059 4076 2213 4122 vocat
2238 4069 2562 4137 pmaitentia:
2600 4069 2868 4124 laboribus
2905 4073 3247 4128 vehementer
3279 4073 3406 4128 ami.

1841 4169 2006 4212 ctum.
2061 4158 2406 4212 Humiliatum
2429 4200 2444 4222 ,
2475 4160 2583 4215 Deo
2611 4161 2834 4224 scilicet,
2873 4171 2931 4216 ut
2968 4165 3109 4232 quod
3143 4177 3266 4219 ante
3296 4166 3402 4218 fur-

1842 4247 2167 4300 ratelatione
2189 4249 2495 4316 superbum,
2522 4246 2658 4301 foret
2676 4249 2760 4319 pia
2783 4251 3115 4304 confessione
3135 4252 3400 4306 devotum.

1843 4334 1991 4406 [Non
2025 4334 2240 4406 spernit]
2267 4353 2278 4386 :
2304 4343 2513 4389 constat
2548 4337 2690 4390 enim
2730 4337 2865 4392 tales
2901 4340 3196 4396 oblationes
3238 4342 3402 4398 Deum

1841 4414 1945 4479 non
1976 4440 2248 4508 spernere,
2286 4427 2418 4495 sicut
2452 4425 2536 4478 illa
2575 4428 2915 4494 cognoscitur
2943 4431 3120 4500 priora
3141 4433 3401 4487 sacriﬁcia

1842 4515 2124 4586 respuisse.

172 4579 281 4663 est.
306 4579 373 4656 ac
399 4599 447 4655 si
477 4579 638 4662 dicat,
663 4602 803 4655 sicut
829 4582 959 4655 ante
979 4581 1328 4671 pravidebam
1358 4619 1453 4674 per
1480 4604 1737 4672 Spiritum
1773 4579 1820 4637 θ
1911 4579 2071 4656 \iens.
2101 4601 2514 4674 20.-—Beuigne
2547 4605 2650 4674 fac,
2694 4605 2930 4671 Domine,
2965 4609 3019 4662 in
3057 4611 3187 4664 bona
3227 4614 3403 4668 t'olun-

173 4699 419 4746 sanctum
445 4705 569 4746 eum
596 4691 650 4746 iu
676 4707 838 4747 carne
863 4693 1090 4758 venisse,
1119 4701 1174 4747 et
1208 4694 1367 4750 modo
1405 4695 1484 4762 sic
1519 4693 1732 4750 faciam.

175 4781 245 4834 Et
276 4780 461 4851 spiritu
486 4779 758 4851 principali
779 4781 1030 4851 conﬁrma
1067 4799 1164 4848 me,
1189 4791 1248 4837 ut
1273 4783 1384 4856 ipsa
1416 4783 1468 4836 in
1495 4800 1580 4840 me
1608 4785 1734 4840 vitia

173 4883 283 4924 non
310 4867 676 4939 principentur
699 4867 853 4941 [Περ.
876 4865 947 4926 Ut
969 4871 1081 4940 ipse
1109 4871 1161 4924 in
1189 4887 1291 4934 me.
1317 4886 1420 4925 non
1443 4872 1569 4926 vitia
1589 4873 1733 4942 priu-

173 4953 464 5029 cipentur].
494 4955 759 5010 Conﬁrma
789 4973 873 5012 me
895 4956 1073 5031 [dixit]
1097 4975 1163 5014 ne
1187 4962 1379 5015 iterum
1405 4975 1642 5030 peccem,
1668 4979 1734 5016 ne

174 5066 210 5102 a
236 5058 289 5116 te
309 5047 504 5103 animae
525 5046 877 5112 mutabilitate
897 5048 1185 5104 discedam.
1228 5050 1325 5105 Hic
1349 5061 1529 5106 sancta
1561 5051 1736 5105 Trini-

176 5146 263 5206 tas
285 5130 627 5209 intelligenda
657 5143 738 5189 est
764 5153 776 5188 :
807 5135 859 5189 in
887 5136 1074 5207 spiritu
1113 5138 1388 5207 principali
1427 5141 1616 5203 Pater;
1661 5142 1735 5211 [in

175 5223 390 5311 spiritu]
417 5223 650 5292 Spiritus
669 5235 912 5287 sanctus;
944 5226 996 5279 in
1023 5226 1210 5294 spiritu
1238 5238 1383 5282 recto
1411 5229 1592 5287 Filius.

250 5313 411 5370 Vens.
434 5313 815 5369 15.—Docebo
831 5316 1031 5386 iniquos
1061 5315 1166 5369 vias
1193 5326 1328 5379 tuas,
1355 5327 1403 5370 et
1429 5320 1571 5390 impii
1597 5320 1663 5372 ud
1692 5330 1740 5371 lc

177 5411 552 5459 convertentur.
589 5401 818 5466 Docebo,
843 5405 1078 5474 inquam,
1106 5405 1242 5469 illos,
1271 5414 1329 5458 ut
1351 5407 1677 5465 declinantes
1707 5424 1734 5461 ιι

178 5493 281 5548 viis
319 5493 505 5564 pravis
545 5500 601 5548 et
645 5493 1010 5562 paenitentiam
1055 5503 1270 5566 agentes
1316 5496 1736 5554 misericordiam

178 5589 598 5650 consequantur,
619 5581 755 5634 sicut
776 5593 875 5651 ego
903 5596 934 5635 a
961 5591 1012 5635 te
1041 5581 1460 5637 miscricordiam
1481 5598 1738 5641 consecu-

180 5683 266 5732 tus
300 5682 462 5726 sum:
491 5669 594 5724 hoc
629 5679 731 5733 est,
776 5683 1064 5741 proponam
1103 5688 1186 5726 me
1231 5674 1420 5742 ipsum,
1464 5683 1521 5727 ut
1560 5691 1733 5731 meum

181 5761 482 5831 cveinplum
511 5758 596 5812 alii
628 5761 918 5815 imitentur.

574 5871 837 5946 Ρμηιςιμ..
891 5866 958 5952 εἶτ

1839 4699 1942 4745 tute
1983 4701 2074 4744 tua
2119 4691 2267 4756 Sion,
2310 4703 2366 4746 ut
2405 4694 2728 4762 wdi/icentur
2765 4698 2898 4750 muri
2925 4698 3236 4754 Jerusalem.
3275 4701 3402 4758 Sion

1841 4780 2050 4850 specula
2081 4781 2482 4852 interpretatur,
2513 4784 2880 4854 signiﬁcatque
2904 4779 3396 4861 Ecclesiam,lquam

1841 4879 2056 4924 sanctus
2080 4870 2340 4939 Propheta
2370 4879 2480 4926 toto
2501 4872 2632 4926 orbe
2661 4881 2799 4926 terra
2809 4889 2924 4929 rum
2945 4875 3196 4933 aediﬁcari
3219 4893 3396 4950 postu-

1841 4962 1931 5013 lat.
1970 4957 2261 5013 Jerusalem
2310 4961 2445 5016 visio
2481 4963 2626 5030 pacis
2663 4963 3062 5033 interpretamr.
3115 4968 3397 5037 ιιεόὶβτσηο

1836 5063 1918 5102 tur
1940 5064 2066 5119 ergo
2089 5051 2223 5120 muri
2248 5050 2562 5113 Jerusalem,
2592 5052 2640 5106 id
2665 5062 2765 5112 est,
2797 5065 3135 5109 monumenta
3157 5067 3397 5112 constru-

1837 5149 1994 5194 antur
2016 5139 2430 5194 intmortalitatis
2454 5150 2650 5195 nostra:
2685 5141 2736 5194 in
2773 5141 2876 5196 ﬁde
2908 5142 2984 5214 [et
3017 5143 3132 5216 spe]
3177 5155 3232 5199 et
3269 5149 3390 5200 elia-

1838 5231 2012 5282 ritate.

1910 5318 2068 5372 Vsus.
2097 5318 2427 5374 2L—Tunc
2475 5323 2762 5391 acceptabis
2805 5325 3115 5393 sacri/icium
3149 5327 3392 5396 justitia',

1837 5407 2120 5464 oblationes
2152 5420 2198 5464 et
2235 5411 2554 5476 holocausta,
2592 5421 2712 5467 tunc
2753 5417 3010 5486 imponent
3038 5432 3196 5490 super
3231 5409 3397 5476 altare

1837 5508 1983 5550 tamn
2010 5499 2213 5556 vitulos.
2258 5500 2402 5577 Patri
2441 5501 2672 5556 dicitur:
2701 5503 2842 5558 Tunc
2876 5508 3161 5578 acceptabis
3195 5512 3401 5578 ιπήίὶο

1838 5594 1976 5645 cium
1997 5591 2243 5658 justitiaz,
2274 5591 2325 5646 id
2349 5599 2450 5653 est.
2477 5593 2597 5648 Filii
2619 5595 3057 5664 gloriosissimam
3071 5582 3395 5669 passionem.

1836 5681 1927 5753 qui
1959 5696 2018 5737 se
2051 5680 2371 5738 sacriﬁcium
2407 5699 2505 5754 pro
2546 5685 2794 5742 ornibus
2833 5689 3045 5753 obtulit,
3077 5701 3138 5745 ut
3173 5692 3394 5748 salutem

1840 5765 2086 5849 tumulus,
2110 5788 2268 5839 quam
2297 5775 2407 5826 suis
2434 5776 2680 5842 op-rihus
2707 5793 2809 5828 non
2843 5781 3165 5843 merebatur,
3195 5785 3397 5851 accipe-

2893 5891 2962 5948 1‘.)
