4428 6402
782 411 876 460 an
1314 464 1317 471 ,
1612 404 1666 455 Β.
1709 402 1766 454 i'.
1812 404 2029 454 suam
2074 402 2201 455 sit;
2246 402 2518 455 .iLct2..\i
2560 401 2841 455 υλιιιιιι
2883 402 3058 455 rans
3097 403 3158 456 ll.

3898 402 4003 458 ἰτεὸ

780 534 875 574 ιρι.
917 521 1068 587 Quod
1097 534 1217 571 vero
1238 519 1331 579 ait,
1356 518 1635 570 oblationes
1654 527 1699 569 et
1723 517 2046 579 holocausta,
2070 517 2134 569 ad
2155 515 2185 567 ti
2214 514 2336 567 ieles
2369 522 2409 573 ,ι
2444 517 2550 576 dat,
2594 513 2823 581 pastu'at
2867 513 3119 568 auxilium
3175 517 3226 567 iu
3268 518 3412 569 omni
3460 517 3699 586 angustia
3741 518 4001 573 divinum.

774 613 935 664 etiam
963 608 1190 681 pertinet
1217 607 1550 662 Christianos
1568 646 1583 669 ,
1609 607 1699 674 qui
1726 616 1881 659 erant
1906 615 2025 675 post
2053 606 2335 658 adventum

779 700 984 755 Domini
1012 697 1286 759 credituri,
1313 695 1681 766 significatque
1707 694 2024 747 immolanda
2055 694 2215 749 corda
2244 696 2337 747 ho-

777 794 978 846 minum
1029 790 1341 850 viventium,
1382 803 1486 841 non
1526 788 1762 840 membra
1800 787 2062 855 pecudum
2104 796 2336 839 mortua-

777 897 914 936 rum.
952 878 1095 934 Tunc
1116 880 1372 948 imponent
1400 892 1552 945 super
1578 875 1742 928 altare
1764 886 1908 927 tuum
1934 874 2136 933 titulos,
2163 889 2337 927 sacer-

776 970 926 1025 doles
945 967 1168 1031 scilicet,
1185 967 1394 1036 quando
1420 963 1653 1018 Ecclesia
1669 963 1926 1018 catholica
1948 962 2106 1016 fuerit
2131 964 2337 1017 Domini

776 1059 1023 1128 passione
1042 1064 1366 1112 constructa.
1414 1052 1615 1108 \‘itulus
1637 1054 1828 1121 quippe
1862 1051 2037 1121 posuit
2064 1066 2161 1121 pro
2188 1051 2338 1103 inuo-

773 1148 1020 1202 centibus
1052 1145 1269 1209 adultis,
1307 1157 1534 1213 quorum
1567 1153 1698 1196 tetas
1733 1142 1902 1211 prima
1939 1150 2042 1204 est,
2078 1149 2132 1194 et
2157 1158 2186 1193 a
2210 1141 2338 1209 jugo

777 1237 980 1306 peccati
1003 1235 1181 1292 cervix
1203 1249 1236 1302 p
1266 1235 1458 1289 obatur
1476 1232 1664 1287 aliena.
1698 1233 1804 1286 Aut
1830 1231 1946 1286 illos
1965 1233 2339 1301 prmdiCatOi-cs

779 1324 1047 1395 Evangelii
1080 1322 1365 1399 promittit,
1406 1336 1632 1389 quorum
1671 1322 1956 1391 imaginem
1995 1321 2047 1373 in
2087 1320 2238 1373 \‘llttli
2279 1321 2338 1374 ii-

778 1430 907 1484 gura
943 1417 1111 1469 Lucas
1147 1411 1517 1484 [evangelista]
1556 1413 1826 1481 suscepit:
1856 1411 1953 1463 nisi
1994 1409 2131 1464 forte
2171 1411 2339 1480 magis

779 1505 897 1562 illos
926 1501 1077 1575 [δίδη
1111 1502 1222 1555 sive
1248 1500 1364 1554 illos
1401 1499 1589 1571 magis]
1631 1500 1823 1554 vitulos
1857 1500 2110 1554 debemus
2147 1500 2339 1553 intelli-

778 1608 926 1664 gere,
964 1593 1055 1662 qui
1092 1590 1298 1645 animas
1334 1604 1459 1645 snas
1497 1592 1551 1643 in
1584 1590 1808 1645 hostiam
1854 1589 2131 1643 suavitatis
2171 1590 2341 1643 Sacris

780 1681 1036 1735 altaribus
1058 1678 1383 1734 obtulerunt.

849 1770 956 1826 Nos
978 1785 1189 1840 quoque
1216 1767 1397 1822 famuli
1423 1768 1518 1828 tui,
1544 1766 1764 1822 Domine
1785 1766 1931 1831 Jesu,
1953 1767 2217 1836 supplices
2242 1766 2339 1820 de-

2440 603 2559 658 l-leo
2602 605 2989 674 subsequenter
3016 607 3091 659 ait
3122 624 3132 657 :
3161 604 3364 660 Inclina
3398 605 3555 677 355
3594 609 3663 660 ad
3701 623 3780 661 me
3822 624 4003 663 aurem

2437 704 2600 758 omni,
2633 696 2684 747 id
2720 704 2819 757 est,
2860 696 3145 765 benignum
3173 697 3350 763 pmbe
3384 698 3639 751 auditum.
3682 697 3737 751 l-i
3768 713 4003 767 quacun—

2438 800 2539 851 que
2580 786 2665 839 die
2704 785 3018 839 invocavero
3062 795 3133 850 te,
3184 786 3236 838 id
3274 793 3377 847 est,
3426 784 3478 838 in
3524 786 3609 840 die
3646 785 4006 841 tribulationis

2439 889 2589 925 mem.
2635 872 2763 927 Dies
2787 873 3141 928 tribulationis
3172 882 3227 926 et
3264 874 3570 927 tentazionis
3607 874 3717 929 lucc
3751 875 3858 929 vita
3897 884 4002 939 est.

2440 962 2491 1015 in
2514 978 2618 1031 qua
2639 962 2892 1016 velociter
2911 978 2968 1018 se
2994 964 3096 1017 iste
3116 964 3381 1033 paenitens
3404 964 3640 1019 exaudiri
3662 965 4002 1034 deprecatur,

2439 1068 2505 1107 ne
2528 1062 2697 1108 morte
2727 1055 3084 1124 praiven‘lente
3109 1055 3356 1125 indignus
3385 1055 3452 1109 sit
3480 1055 3741 1109 exaudiri.
3787 1055 3921 1121 Quia
3948 1055 4003 1111 in

2438 1143 2542 1196 hac
2580 1144 2690 1197 vita
2722 1153 2930 1212 tempus
2959 1153 3039 1198 est
3068 1144 3466 1207 misericordi-.13,
3492 1144 3545 1197 in
3573 1142 3751 1198 futura
3774 1160 3899 1200 vero
3917 1142 4008 1214 ju-

2439 1231 2583 1293 dicii,
2625 1230 2751 1286 dum
2795 1233 2980 1287 reddet
3027 1232 3167 1287 Deus
3213 1233 3498 1301 unicuique
3541 1235 3833 1288 secundum
3874 1247 4000 1306 ope-

2441 1333 2499 1373 ra
2527 1335 2644 1374 sua.

2511 1412 2669 1467 Vens.
2700 1411 2988 1478 4.—Qnia
3022 1411 3319 1482 defecerunt
3352 1415 3484 1467 sicut
3516 1413 3691 1483 fumus
3728 1414 3837 1469 dies
3878 1430 4002 1469 met.

2442 1502 2592 1555 Sicut
2619 1501 2794 1557 fumus
2816 1503 3058 1556 veniente
3087 1512 3244 1557 vento
3274 1504 3325 1557 in
3357 1520 3515 1558 auras
3540 1504 3896 1576 dispergitur,
3929 1505 4004 1559 ita

2444 1590 2659 1662 [omnis]
2688 1592 2933 1659 superbia
2958 1593 3115 1660 hujus
3139 1596 3259 1648 vita:
3289 1605 3457 1649 morte
3482 1595 4006 1666 prmveniente[dh.,

2442 1680 2707 1753 veniente]
2743 1684 3033 1735 evanescit.
3086 1682 3185 1748 Qui
3228 1684 3385 1737 hodie
3415 1684 3705 1749 extollitur,
3748 1701 3868 1740 cras
3898 1700 4008 1740 non

2444 1772 2545 1823 erit
2570 1788 2581 1821 :
2610 1772 2750 1838 quod
2774 1772 2872 1824 iste
2895 1773 3158 1839 paenitens
3184 1789 3499 1842 agnoscens,
3529 1776 3863 1830 miseriarum
3882 1790 4009 1833 sua-

780 1876 1086 1932 precanmr,
1134 1868 1192 1912 ut
1240 1860 1453 1929 pictatis
1495 1859 1719 1914 consilio
1766 1864 1973 1928 magnus
2016 1858 2343 1913 facinoribus
2374 1862 2416 1919 Β
2448 1874 2564 1915 rum
2589 1862 2701 1915 dies
2719 1862 2944 1931 plangit,
2967 1863 3111 1917 fumo
3136 1878 3253 1917 esse
3278 1865 3501 1918 similes.

783 1951 979 2005 nostris
1020 1949 1333 2003 immensam
1382 1947 1801 2002 miscricordiam
1840 1948 2103 2017 largioris,
2146 1961 2345 2014 uosque

781 2055 875 2111 per
898 2039 1073 2094 cordis
1091 2039 1466 2092 contrltiouem
1489 2037 1796 2092 humiliatos
1820 2038 1869 2091 in
1892 2038 2173 2091 mactaudo
2195 2038 2342 2100 vitia,

776 2128 1066 2200 jugulando
1112 2127 1327 2192 delicta,
1366 2125 1584 2197 dignum
1618 2135 1673 2183 et
1718 2128 2042 2197 acceptabile
2077 2142 2346 2197 praepares

784 2218 1170 2274 holocaustum.
1211 2215 1404 2271 Amen.

1336 2306 1653 2365 PS.\L\lUS
1703 2307 1787 2363 Cl.

854 2401 1015 2455 Vens.
1056 2398 1399 2453 L—Psabui
1420 2396 1625 2470 [hujus]
1652 2399 1871 2453 titulus:
1898 2388 2081 2452 Oratio
2104 2400 2347 2468 pauperis

781 2508 900 2545 cum
944 2491 1218 2560 afﬂixerit,
1270 2500 1316 2542 et
1365 2505 1539 2543 comm
1580 2487 1818 2543 Domino
1860 2489 2098 2559 eﬂ'uderit
2146 2506 2345 2559 precem

782 2596 951 2635 sitam.
1000 2580 1112 2633 Vox
1131 2588 1211 2633 est
1234 2578 1521 2648 allligentis
1539 2587 1589 2632 et
1618 2578 1878 2648 gementis
1899 2580 2147 2647 pauperis
2170 2579 2222 2631 in
2246 2579 2349 2633 hoc

782 2669 1007 2741 psalmo,
1035 2675 1090 2722 et
1115 2667 1358 2721 miserias
1382 2682 1506 2720 suas
1531 2668 1772 2735 piissimo
1792 2667 1956 2737 judici
1996 2684 2115 2722 cum
2157 2681 2348 2737 magna

784 2758 1084 2816 humilitate
1108 2757 1395 2821 offerentis,
1428 2759 1570 2811 sicut
1596 2773 1646 2812 tu
1685 2758 1834 2812 titulo
1872 2757 2065 2812 Psalmi
2107 2756 2349 2827 perscri-

784 2850 951 2915 bitur,
973 2864 1078 2921 quo
1095 2850 1163 2904 ab
1184 2853 1446 2913 oratione,
1469 2864 1586 2919 quae
1605 2850 1670 2904 ad
1692 2850 1856 2904 Deum
1876 2849 2130 2922 [clamore
2151 2846 2347 2920 valido]

786 2938 1053 3011 dirigitur,
1086 2939 1268 3008 incipit
1295 2954 1497 3009 pauper
1522 2940 1643 3002 iste,
1668 2939 1740 2992 ita
1766 2939 1948 2993 dicens
1971 2956 1984 2991 :

858 3029 1018 3085 Vens.
1045 3028 1101 3083 2.
1119 3029 1441 3092 --Domine,
1472 3028 1663 3082 exaudi
1684 3029 1967 3083 orationem
1990 3046 2155 3083 meum
2174 3040 2220 3083 et
2243 3030 2350 3083 cla-

787 3135 897 3175 mor
926 3134 1069 3173 meus
1100 3118 1169 3172 ad
1209 3127 1259 3173 te
1299 3119 1465 3173 veniat
1506 3117 1652 3190 [Ms.,
1687 3117 1991 3191 perveniat].
2044 3117 2168 3173 ιιωο
2208 3120 2350 3173 enim

2516 1948 2673 2003 Vens.
2710 1948 3145 2004 5.—l’ercussus
3176 1966 3290 2004 sum
3332 1961 3386 2005 ut
3426 1952 3621 2021 fenum,
3668 1959 3714 2005 et
3745 1953 3883 2005 aruit
3919 1968 4013 2006 cor

2444 2058 2633 2095 meum.
2675 2041 2829 2095 Venit
2859 2043 2960 2096 iste
3002 2044 3266 2111 pumileas
3295 2044 3359 2096 ad
3389 2042 3614 2097 flebilem
3642 2043 4010 2100 narrationem

2444 2132 2782 2186 miseriarum
2819 2133 3065 2186 humana:
3106 2131 3410 2201 fragilitatis
3446 2130 3586 2201 (qua:
3611 2140 3669 2185 ut
3695 2130 3876 2186 fenum
3899 2132 4012 2186 cito

2444 2223 2661 2285 decidit,
2692 2222 2778 2277 ubi
2814 2223 2992 2290 aliquo
3020 2238 3147 2277 casu
3175 2222 3407 2277 arefacta
3432 2222 3614 2294 fuerit)
3656 2231 3714 2277 ut
3756 2222 4013 2278 festinan-

2446 2325 2528 2368 ter
2562 2315 2755 2368 divina':
2796 2313 3091 2368 remedium
3132 2313 3509 2368 misericordia:
3552 2312 3834 2382 acciperet,
3882 2314 4012 2367 dum

2446 2404 2714 2458 miseriam
2736 2419 2887 2457 suam
2917 2403 3003 2472 pio
3032 2404 3239 2458 medico
3265 2418 3369 2456 non
3401 2411 3621 2456 taceret.
3657 2400 3756 2468 Qui
3784 2403 3835 2455 in
3861 2417 4013 2456 man-

2445 2493 2583 2546 datis
2611 2492 2822 2546 Domini
2846 2492 3076 2560 prolicit,
3109 2491 3230 2546 feno
3256 2490 3433 2562 [viridi
3460 2499 3512 2543 et
3539 2489 3746 2544 ﬂorenti
3772 2490 4010 2559 aequabi-

2446 2592 2555 2647 tur,
2602 2594 2851 2652 peecazor
2898 2597 3028 2637 vero
3075 2583 3337 2636 arescenti
3388 2580 3533 2652 feno]
3590 2580 4009 2650 comparabitur.

2448 2674 2586 2741 Quia
2624 2674 2816 2728 oblitus
2856 2690 2967 2727 sum
3007 2674 3271 2728 comedere
3298 2673 3440 2744 [51s,
3466 2670 3803 2742 manducare]
3829 2688 4015 2740 panem

2446 2782 2636 2820 meum.
2685 2766 2845 2820 Panis
2877 2766 3017 2819 enim
3053 2765 3205 2818 nobis
3246 2766 3365 2818 vita:
3395 2772 3476 2816 est
3498 2769 3881 2831 pmceptorum
3910 2760 4015 2815 Da-

2449 2853 2578 2907 miui
2616 2854 2938 2916 observatio,
2983 2868 3142 2923 quem
3182 2859 3431 2921 peccator
3466 2849 3795 2904 obliviscitur
3830 2850 4015 2913 edere,

2448 2943 2575 2996 dum
2622 2943 2996 3011 iniquitatibus
3036 2941 3118 2994 vel
3156 2941 3387 3011 peccatis
3428 2957 3486 2994 se
3527 2940 3659 2995 suis‘
3679 2938 4014 3010 obligaverit.

2450 3029 2549 3084 llic
2580 3032 2721 3085 enim
2760 3032 3078 3101 exprimitur
3098 3039 3286 3084 natura
3315 3030 3667 3099 peccantium,
3700 3030 3823 3098 quia
3861 3028 4016 3102 [Νι.

2450 3118 2578 3191 qua]
2626 3122 2752 3175 dum
2790 3120 3041 3175 delictum
3072 3120 3355 3188 appetitur,
3393 3118 3769 3188 contemplatio
3806 3117 4019 3173 Domini

794 3216 896 3265 νος
923 3219 1005 3265 est
1041 3211 1368 3280 pamitentis,
1402 3189 1600 3278 Deique
1624 3189 1967 3265 clementiam
1993 3224 2090 3279 pro
2117 3211 2351 3279 peccatis
2378 3189 2421 3250 Ο
2454 3189 2829 3264 non‘habctur.

788 3299 896 3355 sui.
936 3298 1294 3368 deprecantis,
1339 3311 1403 3351 ac
1446 3312 1621 3366 primo
1663 3298 1899 3352 omnium
1941 3308 1997 3352 ut
2037 3300 2354 3353 exaudiatur

790 3385 1101 3457 postulantis
1124 3403 1136 3437 :
1161 3387 1301 3456 quod
1334 3401 1535 3458 magna:
1562 3386 1673 3456 spei
1712 3396 1793 3441 est
1813 3388 1865 3441 in
1888 3388 2219 3443 orationiLus
2237 3404 2352 3445 cre-

789 3480 937 3542 dere,
968 3493 1025 3532 se
1062 3492 1220 3548 posse
1260 3492 1288 3529 a
1330 3478 1437 3533 Deo
1472 3480 1731 3533 exaudiri.
1776 3478 1899 3533 Ideo
1932 3480 2106 3533 omnis
2144 3491 2355 3548 penitus

793 3567 1033 3619 lnunilict
1054 3568 1310 3635 seipsum,
1332 3575 1386 3620 et
1408 3568 1684 3621 humiliato
1706 3569 2041 3637 contritaque
2063 3571 2222 3623 corde
2243 3570 2354 3625 cla-

792 3664 902 3709 met
924 3655 991 3710 ad
1018 3654 1298 3709 Dominum
1328 3674 1340 3708 :
1371 3657 1514 3725 quia,
1547 3658 1681 3710 sicut
1703 3657 1756 3711 in
1776 3657 1881 3713 alio
1900 3659 2095 3713 dicitur
2126 3661 2350 3728 psalmo,

791 3762 883 3800 eor
925 3747 1201 3801 contritum
1251 3746 1389 3800 Deus
1438 3764 1539 3800 non
1580 3749 1791 3817 spernit.
1831 3747 2014 3805 Oratio
2058 3759 2141 3802 est
2176 3750 2354 3805 suavis

793 3833 979 3902 animi,
1001 3853 1121 3893 cum
1141 3838 1548 3907 compunctione
1568 3838 1747 3894 cordis
1768 3837 2094 3910 [deprecatio
2113 3855 2127 3903 ;
2152 3840 2355 3893 clamor

795 3936 877 3980 est
912 3927 1055 3982 vocis
1091 3926 1315 3996 prolata,
1351 3942 1471 3981 cum
1507 3929 1797 3982 intentione
1833 3927 2031 3999 cordis]
2067 3926 2350 3982 confessio.

796 4016 977 4071 Primo
1006 4023 1182 4069 autem
1213 4015 1387 4084 posuit
1408 4014 1723 4078 orationem,
1756 4029 1896 4069 nunc
1931 4015 2124 4083 adjecit
2159 4014 2357 4070 clamo-

798 4122 932 4171 rem,
980 4115 1040 4161 ut
1076 4105 1247 4159 studia
1284 4104 1682 4175 supplicationis
1713 4104 1947 4160 crevisse
1985 4120 2352 4176 cognosceres,

796 4195 947 4264 cujus
973 4196 1269 4251 orationem
1298 4195 1352 4248 in
1393 4195 1680 4250 clamorem
1722 4195 2011 4250 maximum
2051 4197 2358 4266 prorupisse

802 4288 1138 4357 intelligeres.
1183 4285 1334 4340 llunc
1356 4301 1484 4338 vero
1506 4285 1721 4339 modum
1746 4295 1943 4341 sancta:
1966 4286 2220 4339 orationis
2240 4301 2354 4339 ser-

801 4375 1029 4428 vandum
1068 4373 1437 4429 devotissimus
1476 4371 1808 4427 Christianus
1848 4373 2121 4442 intelligat,
2165 4382 2219 4426 ut
2256 4372 2357 4445 [id-

798 4464 995 4539 ipsum]
1027 4464 1346 4536 cogitatione
1383 4473 1735 4535 prosequatur
1768 4461 1931 4535 [quod
1966 4465 2142 4518 verbis
2174 4464 2358 4519 effudit

801 4556 994 4628 (Edit.,
1042 4566 1100 4611 ut
1150 4558 1321 4626 ipsum
1360 4556 1685 4625 cogitatione
1731 4564 2113 4624 prosequatur;
2149 4566 2201 4608 et
2233 4570 2355 4608 cum

803 4646 961 4704 verba
983 4643 1247 4718 elfundit)]
1274 4663 1285 4697 :
1312 4644 1485 4713 ipsum
1515 4645 1762 4713 respiciat
1793 4628 1989 4709 incute,
2033 4645 2116 4697 cui
2160 4643 2358 4712 suppli-

802 4748 918 4803 cat;
948 4751 1136 4793 onmes
1161 4735 1456 4805 superfluas
1481 4735 1828 4801 cogitationes
1855 4734 2119 4793 excludat,
2150 4749 2268 4801 quin
2293 4732 2359 4786 ab

806 4828 1369 4897 iuimicoiugcruntur,
1397 4832 1455 4875 ut
1478 4820 1661 4876 cllicax
1691 4824 1862 4875 oratio
1897 4837 1962 4874 ex
1995 4822 2170 4875 cordis
2204 4822 2359 4875 clari-

808 4931 913 4976 [.th
944 4919 1219 4988 perveniat
1249 4914 1314 4968 ad
1344 4915 1528 4977 Deum,
1569 4916 1704 4967 sicut
1732 4913 2014 4983 Apostolus
2051 4913 2158 4966 ait:
2186 4909 2359 4964 Orabo

804 5012 1006 5078 spiritu,
1051 5008 1209 5061 orabo
1250 5014 1296 5058 et
1340 5015 1536 5068 mente;
1569 5004 1787 5073 psallunt
1823 5004 2029 5075 spiritu,
2062 5001 2279 5072 psallam
2315 5010 2362 5054 et

806 5110 968 5152 mente
991 5096 1039 5169 (ι
1066 5097 1186 5151 Cor.
1222 5110 1328 5156 xw,
1364 5093 1469 5162 l5).
1520 5092 1669 5147 Tunc
1691 5095 1833 5147 enim
1858 5109 1887 5146 a
1916 5093 2023 5146 Deo
2044 5094 2259 5161 accepta
2282 5099 2364 5145 est

807 5190 978 5241 oratio
1001 5187 1262 5252 canentis,
1293 5186 1338 5241 si
1360 5199 1493 5255 pura
1518 5198 1668 5238 mens
1693 5183 1829 5237 idem
1852 5183 2007 5254 gerit,
2035 5184 2174 5251 quod
2196 5183 2362 5252 expli-

809 5286 893 5332 cat
921 5293 1031 5332 ore.

884 5367 1037 5422 VERS.
1064 5365 1298 5420 3.—Ne
1318 5376 1514 5419 arertas
1544 5366 1728 5434 {aciem
1763 5372 1906 5416 tuam
1949 5380 1981 5416 a
2016 5378 2116 5425 me,
2149 5364 2201 5414 in
2240 5379 2366 5431 qua-

811 5472 1007 5525 cunque
1030 5457 1110 5508 die
1139 5455 1371 5507 tribulor.
1413 5454 1597 5507 Facies
1638 5453 1842 5507 Domini
1878 5468 1973 5522 pro
2003 5452 2364 5505 misericordia

818 5550 904 5601 lli“:
935 5550 1145 5607 dicitur,
1175 5561 1330 5612 quam
1364 5545 1459 5598 istc
1486 5561 1705 5612 pauper,
1758 5560 1972 5613 gemens
2017 5554 2067 5595 et
2104 5545 2366 5611 pwuiteus

815 5658 839 5690 a
866 5656 923 5692 διε
951 5655 1050 5692 non
1089 5638 1251 5689 averti
1282 5637 1611 5702 deprecatur.
1660 5632 1720 5685 In
1752 5650 2053 5701 quacunque
2086 5636 2168 5685 die
2205 5633 2366 5685 tribu-

818 5740 909 5781 ίυι.
966 5738 1075 5796 Qu
1095 5735 1213 5783 ii‘.ct
1242 5746 1294 5781 se
1320 5728 1540 5781 tt‘tttalio
1569 5725 1720 5796 μὴ..
1756 5725 2044 5796 tribulatio]
2078 5727 2365 5794 appti‘brrt-

2522 3298 2684 3355 Vens.
2734 3298 2925 3353 6.-Α
2972 3315 3091 3352 rore
3131 3300 3349 3368 gemitus
3392 3300 3490 3352 mei
3531 3298 3860 3353 adhaeserunt
3899 3314 4018 3353 ossa

2452 3406 2564 3441 mea
2594 3390 2739 3442 carni
2763 3406 2908 3442 metr.
2962 3388 3191 3457 Dignum
3228 3397 3309 3441 est
3339 3403 3549 3457 gemere
3576 3403 3698 3442 eum
3725 3389 3814 3455 qui
3842 3388 4023 3456 perdit

2445 3478 2728 3548 justitiam,
2759 3487 2816 3531 ut
2844 3478 3048 3532 lucrum
3071 3477 3334 3546 acquirat,
3363 3478 3443 3530 vel
3466 3486 3684 3547 peccato
3712 3477 3929 3531 cuilibet
3960 3490 4021 3531 se

2454 3566 2721 3634 subjiciat.
2765 3566 3129 3629 Adlnrserunt,
3160 3566 3350 3634 inquit,
3384 3581 3500 3619 ossa
3538 3582 3651 3619 mea
3685 3565 3829 3618 carni
3867 3580 4017 3626 metr,

2453 3657 2505 3710 id
2530 3666 2627 3719 est,
2660 3655 2914 3710 fortitudo
2940 3671 3055 3710 mea
3081 3655 3386 3710 carnalibus
3414 3654 3710 3719 desideriis,
3737 3668 3855 3723 qua:
3881 3652 4021 3707 mili-

2453 3757 2567 3800 tant
2592 3747 2851 3803 adversus
2877 3747 3109 3800 animam
3138 3744 3380 3818 [meam],
3416 3747 3470 3799 in
3503 3761 3609 3815 qua
3637 3744 3894 3800 fortitudo
3929 3744 4020 3798 de-

2454 3837 2542 3892 bet
2590 3853 2706 3892 che
2760 3837 2977 3908 regendi
3024 3844 3078 3890 et
3133 3834 3515 3903 comprimendi
3568 3834 3779 3889 illicitos
3843 3834 4022 3887 carnis

2456 3938 2650 3981 ιιιοζιιε.

2527 4018 2681 4072 \‘izns.
2714 4018 2765 4082 7,
2795 4019 2846 4072 8.
2865 4015 3145 4073 -——Similis
3170 4016 3339 4088 factus
3362 4033 3476 4070 sum
3495 4017 3729 4091 poticam;
3756 4016 3811 4071 in
3837 4015 4022 4072 solitu-

2454 4111 2591 4171 dine.
2621 4111 2752 4163 sicut
2784 4110 3083 4178 nycticoraa:
3110 4108 3164 4162 in
3193 4106 3477 4161 domicilio.
3532 4100 3749 4177 Vigilat?
3777 4114 3826 4159 et
3852 4105 4021 4175 [actus

2456 4214 2569 4250 sum
2615 4197 2746 4269 sicut
2798 4212 2975 4266 passer
3023 4196 3287 4249 solitarius
3338 4196 3391 4248 in
3448 4204 3601 4248 tecto.
3653 4193 3776 4247 Trii
3824 4207 4021 4264 genera

2458 4291 2633 4342 avium
2668 4290 2865 4357 posuit,
2906 4296 2958 4341 et
2992 4289 3092 4341 tria
3123 4287 3237 4341 loca
3283 4286 3626 4340 habitationis
3666 4284 3889 4345 illarum,
3924 4298 4022 4354 per

2456 4393 2573 4447 qua:
2601 4377 2808 4431 diversa
2836 4376 2989 4429 nobis
3020 4374 3391 4444 pmnitentium
3429 4387 3624 4445 genera
3652 4370 4021 4427 demonstran-

2459 4478 2561 4521 tur.
2610 4467 2888 4522 Pellcanus
2927 4476 3007 4519 est
3049 4466 3162 4518 avis
3201 4454 3544 4537 Egyptiaca,
3584 4462 3810 4517 naturali
3850 4463 4022 4517 macie

2457 4574 2665 4627 semper
2698 4556 2904 4620 aﬂ'ccta,
2941 4555 3315 4611 solitudinibus
3352 4569 3410 4609 se
3443 4553 3749 4617 delectans;
3794 4552 3933 4607 sicut
3967 4551 4019 4603 in

2455 4652 2659 4704 crebris
2693 4648 2909 4719 j»-juniis
2950 4649 3269 4719 pJ'ttilClllCS
3306 4662 3425 4702 esse
3465 4645 3730 4701 convenit.
3772 4643 3876 4700 Per
3919 4645 4019 4698 hoc

2456 4756 2582 4808 ergo
2608 4740 2784 4793 avium
2809 4753 2974 4809 genus
2996 4738 3353 4805 pulcherrime
3374 4733 3742 4805 signiﬁcantur
3758 4733 4017 4792 emittite.

2456 4831 2548 4896 qui
2601 4829 2875 4883 hominum
2922 4826 3192 4880 consortio
3231 4826 3505 4892 derelicto,
3549 4824 3764 4897 [timore
3808 4822 4017 4877 Domini

2458 4916 2732 4988 commoti]
2756 4932 2814 4971 se
2835 4916 2999 4971 multa
3020 4914 3300 4972 afﬂictione
3320 4916 3660 4971 discruciant.
3699 4911 4020 4983 Nycticorax

2462 5005 2650 5061 Latino
2677 5007 2931 5060 vocabulo
2957 5008 3127 5061 noctis
3157 5021 3349 5061 cowus
3372 5006 3475 5060 dici
3498 5012 3693 5075 potest,
3724 5016 3913 5083 amans
3942 5010 4020 5056 te-

2463 5099 2671 5160 nebras,
2703 5113 2806 5151 non
2839 5098 3038 5162 lucem;
3068 5114 3225 5166 quem
3253 5097 3355 5152 sibi
3381 5111 3534 5150 escas
3556 5093 3799 5149 noctibus
3820 5107 4020 5162 quaere-

2464 5203 2522 5241 re
2574 5194 2828 5239 constat:
2866 5186 2938 5238 ita
2982 5188 3244 5253 paenitens
3286 5186 3441 5239 debet
3481 5192 3740 5239 nocturno
3781 5191 4020 5251 tempore

2462 5292 2614 5330 escas
2652 5275 2843 5327 anima:
2882 5274 3104 5328 sollicita
3145 5266 3452 5330 curiositate
3498 5275 3841 5344 perquirere,
3895 5269 4020 5324 licet

2461 5365 2730 5419 communi
2760 5366 3160 5419 conversatione
3190 5364 3242 5417 in
3273 5362 3537 5417 domicilio
3562 5359 3850 5416 multorum
3874 5357 4018 5413 habi-

2465 5464 2577 5507 tare
2621 5456 2876 5508 videatur.
2923 5453 3142 5522 l'igilani
3168 5463 3215 5506 et
3244 5453 3411 5521 factus
3436 5470 3551 5506 sum
3578 5452 3708 5505 sicut
3734 5465 3912 5521 passer
3937 5463 4019 5501 so-

2464 5546 2668 5596 Ιίίίιιὶιιδ
2696 5546 2749 5597 in
2777 5556 2926 5598 tecto.
2970 5544 3158 5597 Passer
3187 5545 3299 5597 avis
3334 5552 3416 5598 est
3451 5541 3775 5604 acutissima,
3810 5552 3929 5607 quae
3967 5538 4018 5589 in

2466 5638 2617 5688 teitis
2662 5637 2904 5689 habitare
2950 5634 3117 5697 solet,
3163 5635 3391 5688 humana
3440 5635 3672 5702 gaudens
3711 5630 4015 5684 vicinitate:

2469 5730 2590 5778 huic
2636 5729 2822 5779 merito
2870 5736 3223 5792 comparatur,
3272 5725 3360 5792 qui
3407 5724 3673 5778 diabolicae
3717 5723 4019 5776 calliditatis
