4428 6424
192 496 291 552 seu

799 496 1200 550 EXEGETICA.
1250 523 1306 535 -ο
1345 494 1700 549 EXi‘OSiTlO
1740 492 1802 546 lii
1845 492 2036 547 PSAL.
2077 493 2670 560 PUEMTENTL\LE*,
2714 495 2859 550 [τε.

3325 499 3427 551 Ξίιξῡ

191 608 403 663 fraudes
432 607 658 676 fugiens,
688 607 883 677 vigiliis
903 614 958 661 et
978 608 1329 669 oratioaibus,
1355 615 1406 660 et
1434 605 1760 674 pmnitcntia:
1790 609 1831 663 Α
1862 605 1996 657 siam
2034 605 2330 671 eg-tantium
2369 605 2654 660 adventum
2688 605 2919 661 Domini.
2964 605 3267 681 Subiunxit]
3307 614 3430 682 quia

190 699 440 769 lacrymis
478 699 616 752 intra
655 706 839 752 sancta
878 696 1130 753 Ecclesia:
1163 706 1311 766 septa
1348 711 1406 751 se
1439 696 1649 750 munire
1685 693 1762 749 le-

189 788 373 844 stinat.

256 874 423 931 "ens.
453 873 734 929 9.-—Tota
759 874 845 928 die
872 875 1251 944 exprobrabant
1278 875 1403 928 milii
1423 874 1619 929 inimici
1640 873 1757 934 mei,

188 976 235 1018 et
255 964 345 1033 qui
371 963 654 1019 laudabunt
680 981 781 1028 nte,
810 964 1085 1018 adversum
1115 981 1193 1016 me
1208 963 1479 1033 jurabant.
1519 961 1623 1017 Ore
1650 962 1761 1017 lau-

189 1044 412 1116 dabant,
443 1063 501 1109 et
537 1053 701 1108 corde
734 1053 957 1107 insid.as
991 1053 1383 1122 praeparabant.
1430 1049 1756 1113 Laudabant,

187 1156 249 1201 ut
277 1146 614 1215 deciperent;
638 1145 1021 1213 pnedicabant,
1048 1153 1108 1197 ut
1135 1144 1509 1197 subverterent
1538 1158 1551 1193 :
1581 1150 1633 1197 et
1659 1141 1762 1196 hoc

187 1252 219 1291 a
265 1236 499 1298 diabolo,
548 1234 639 1303 qui
679 1233 723 1287 si
763 1233 993 1302 puLl.cis
1031 1231 1266 1302 peccatis
1306 1236 1520 1284 servum
1560 1228 1760 1284 Christi

188 1327 504 1381 subvertere
534 1339 637 1378 non
663 1322 887 1393 poterit,
920 1320 1221 1390 opprobriis
1251 1327 1303 1373 et
1334 1317 1762 1391 reprehensioni-

187 1419 289 1473 bus
316 1412 871 1470 circumliabitantimn
903 1426 932 1463 a
960 1410 1043 1462 via
1072 1407 1312 1462 veritatis
1335 1422 1459 1461 eum
1490 1406 1762 1461 deterrere

187 1507 397 1562 nititur.
439 1502 577 1582 sunt
617 1501 829 1571 plurimi
869 1500 1005 1553 bona
1042 1498 1218 1552 facere
1252 1497 1659 1557 erubescentes,
1694 1510 1762 1549 ne

186 1594 476 1649 dissimiles
503 1595 611 1647 sint
638 1589 960 1645 multitudini
992 1588 1130 1641 mala
1170 1586 1322 1659 ιλιι..
1361 1585 1521 1656 male]
1562 1584 1762 1639 facien-

188 1682 346 1736 tium.
369 1681 481 1736 lloc
499 1694 713 1751 quoque
726 1686 1004 1748 peccatum
1018 1676 1287 1746 paenitens
1306 1675 1409 1731 iste
1429 1673 1763 1730 commisisse

186 1770 388 1827 fatetur
414 1771 571 1843 μὴ..
601 1767 923 1840 proﬁtelur].

1861 696 1993 748 venit
2017 705 2215 763 tempus
2240 693 2515 747 miserendi
2549 694 2660 764 ejus
2684 711 2702 748 :
2723 698 2825 755 hoc
2861 706 2961 761 est,
3003 705 3211 766 tempus
3238 700 3301 754 de
3327 714 3432 768 quo

1859 783 2143 851 Apostolus
2169 783 2244 835 ait
2268 800 2280 835 :
2305 792 2576 853 postquam
2604 785 2735 838 venit
2764 783 3027 856 plenitudo
3048 788 3310 855 temporis,
3334 789 3403 840 n;i
3418 818 3433 828 ς

1858 872 1923 923 sit
1954 870 2093 924 Deus
2124 869 2169 922 F
2172 870 2319 924 ilium
2351 887 2502 924 suum
2531 869 2672 947 (Gal.
2704 888 2776 937 tv,
2801 872 2879 941 ι).
2922 872 3207 928 Sciendum
3233 884 3315 929 est
3343 892 3432 928 vc-

1861 976 1942 1023 ro,
1973 962 2113 1030 quod
2141 962 2406 1031 pmnitens
2433 961 2535 1016 istc
2561 976 2664 1015 non
2688 962 2767 1015 sui
2791 961 2956 1017 solius
2980 971 3182 1017 tantum
3211 956 3427 1018 causam

1860 1048 1987 1117 agit,
2019 1063 2203 1102 verum
2236 1049 2401 1103 etiam
2424 1049 2591 1104 totius
2616 1050 2835 1104 humani
2869 1050 3082 1120 generis
3110 1058 3258 1120 optat
3284 1050 3398 1106 salu
3416 1082 3438 1093 ο

1860 1148 1989 1202 tem,
2020 1153 2139 1207 qua:
2159 1138 2262 1203 nisi
2289 1137 2603 1195 adveniente
2625 1139 2760 1194 Filio
2782 1139 2876 1194 Dei
2910 1139 3023 1194 ﬁeri
3047 1155 3152 1194 non
3179 1142 3371 1210 potuit.

1929 1228 2091 1283 Vens.
2122 1226 2564 1293 15.——Quoniam
2588 1229 2895 1299 placuerunt
2922 1232 3080 1286 servis
3105 1233 3207 1286 tuis
3236 1232 3435 1301 lapides

1858 1320 1993 1389 ejus,
2025 1328 2071 1373 et
2096 1329 2249 1375 terrm
2267 1319 2381 1388 ejus
2403 1319 2798 1375 miserebantur.
2828 1310 3124 1376 Videndum
3145 1330 3249 1387 est,
3272 1338 3432 1392 quam

1860 1425 2010 1481 prop:
2025 1410 2073 1463 ie
2094 1410 2255 1463 verba
2287 1408 2448 1465 rebus
2469 1419 2735 1481 aptentur.
2776 1410 3003 1481 Lapides
3023 1411 3158 1467 dixit
3182 1413 3437 1483 bene-pla-

1859 1502 2016 1563 citus,
2046 1501 2139 1571 qui
2162 1510 2286 1555 sunt
2309 1502 2534 1571 apostoli
2556 1511 2612 1556 et
2640 1511 2924 1573 martyres,
2952 1503 3314 1573 prmcipuique
3342 1521 3433 1560 vc-

1862 1591 2035 1644 ritatis
2056 1592 2434 1660 praedicatores
2459 1592 2513 1646 in
2542 1593 2694 1654 Sion,
2723 1593 2776 1647 id
2805 1602 2906 1649 est.
2934 1595 2988 1648 in
3017 1594 3273 1649 Ecclesia.
3304 1596 3436 1651 Ter-

1862 1695 1922 1735 ra
1944 1691 2137 1736 autem
2174 1690 2486 1751 peccatores
2524 1684 2813 1753 signiﬁcat,
2858 1685 3053 1755 quibus
3092 1687 3145 1740 in
3179 1688 3439 1758 sanguine

1862 1770 2112 1825 salutaris
2142 1770 2295 1842 μὴ,
2332 1770 2649 1846 Salvatoris]
2680 1774 2848 1830 nostri
2882 1775 3135 1831 misertus
3159 1788 3240 1832 est
3272 1778 3430 1832 Deus.

259 1862 422 1917 Vens.
454 1859 769 1925 i0.-—Quia
810 1860 1030 1913 cinerem
1056 1870 1304 1928 tanquam
1328 1874 1513 1927 panem
1541 1856 1762 1911 mandu—
1826 1852 2092 1930 ‘Lapides
2145 1860 2370 1914 Domino
2416 1860 2708 1918 miserante
2755 1862 3065 1936 [dicuntur,
3113 1864 3229 1939 qui]
3276 1866 3434 1921 solidi

184 1950 390 2013 cubant,
424 1960 473 2005 et
509 1959 689 2019 potum
727 1963 897 2001 meum
936 1963 1053 2000 eum
1088 1949 1213 2016 ﬂetu
1252 1947 1545 2000 miscebam.
1586 1945 1761 2000 Pmni-
1795 1949 1835 2003 ll
1863 1958 1986 2005 sunt
2014 1951 2065 2004 in
2093 1950 2445 2006 aediﬁcatione
2469 1951 2678 2006 Domini
2714 1962 2768 2007 et
2806 1949 3063 2010 ﬁrmitate
3100 1970 3196 2010 sua
3234 1957 3435 2011 securi.

189 2040 372 2105 tentis,
398 2038 660 2109 huiusque
695 2037 875 2093 sinenti
913 2036 1257 2107 despicientis
1295 2035 1535 2089 convivia
1576 2034 1764 2104 lugens

187 2132 292 2187 iste
311 2130 566 2200 exprimit
590 2144 604 2182 :
627 2129 752 2198 quia
780 2142 874 2197 per
899 2126 1202 2195 huiusmodi
1242 2125 1545 2179 convivium
1578 2137 1764 2193 perve-

183 2222 304 2278 nire
346 2234 406 2274 se
452 2224 673 2290 Speraut
723 2217 793 2271 ad
845 2229 1085 2270 mensam
1130 2214 1358 2268 Domini.
1407 2212 1761 2282 Quapropter,

184 2327 220 2369 ο
257 2318 509 2382 peccator
534 2349 548 2372 ,
588 2307 696 2363 noli
735 2307 1021 2376 desperare
1055 2304 1119 2359 de
1152 2304 1477 2372 indulgentia
1519 2311 1764 2372 peccato-

185 2417 327 2465 rum,
361 2400 429 2456 In
452 2415 760 2473 quacunque
783 2398 866 2451 die
895 2397 1051 2466 fuerit
1078 2413 1353 2450 conversus
1381 2403 1636 2464 peccator,
1660 2395 1764 2447 vita

186 2490 336 2555 vivet,
357 2499 406 2543 et
425 2506 529 2543 non
549 2488 816 2541 morietur.
843 2483 949 2539 Sed
969 2484 1076 2538 noli
1096 2482 1305 2537 tardare
1323 2484 1545 2537 converti
1568 2482 1636 2534 ad
1660 2480 1767 2533 Do-

184 2582 404 2636 mintnn.
441 2577 771 2647 Indulgentia
798 2577 891 2631 tibi
916 2574 1250 2630 convertenti
1280 2589 1312 2627 a
1344 2572 1578 2644 peccatis
1615 2580 1761 2625 certa

184 2680 287 2736 est,
442 2671 712 2724 crastinus
747 2667 861 2723 dies
896 2667 989 2721 tibi
1024 2667 1259 2721 incertus
1292 2674 1394 2719 est.
1438 2664 1603 2719 llodie
1639 2679 1765 2717 con-

184 2769 420 2825 vertere,
448 2776 516 2814 ne
541 2758 679 2814 forte
703 2773 823 2813 eras
850 2757 1117 2812 moriaris.
1164 2755 1219 2811 Si
1244 2756 1382 2810 male
1410 2754 1590 2808 vixisti
1624 2754 1780 2829 heri”

186 2850 326 2904 bene
351 2850 469 2902 vive
500 2848 612 2917 iam
659 2847 838 2910 hodie,
882 2861 1088 2900 memor
1126 2845 1269 2899 illius
1306 2846 1371 2899 de
1409 2858 1516 2913 quo
1552 2842 1764 2897 Veritas

184 2941 262 2996 ait
286 2954 303 2992 :
327 2937 494 2994 Stulte
518 2939 617 2992 hac
644 2948 790 2992 nocte
820 2937 1068 2992 morieris
1096 2936 1249 3007 (Luc.
1276 2952 1373 2999 sit,
1399 2934 1511 3000 20).
1544 2933 1763 3002 Corrige

186 3041 263 3095 te,
296 3038 356 3084 ut
383 3031 437 3083 in
467 3043 692 3099 corpore
716 3028 915 3083 Christi
947 3029 1084 3082 hanc
1106 3043 1290 3081 vocem
1316 3025 1513 3080 habere
1542 3024 1721 3079 valeas
1746 3041 1757 3073 :

184 3120 447 3186 Quoniam
483 3120 706 3174 cinerem
741 3130 989 3190 tanquam
1009 3136 1193 3190 panem
1216 3117 1618 3182 manducabam,
1652 3124 1758 3171 etc.

255 3207 421 3280 356
455 3208 623 3263 Vens.
653 3209 874 3263 ll.-—A
913 3209 1049 3279 {acie
1086 3209 1178 3262 ira:
1226 3208 1598 3278 indignationis
1636 3216 1757 3267 tua',

184 3301 310 3372 quia
346 3299 552 3356 elevans
592 3299 800 3355 allisisti
848 3317 946 3354 me.
993 3301 1224 3370 Exponit
1267 3301 1427 3355 isthic
1467 3300 1759 3369 gemendo,

184 3410 286 3449 cur
325 3407 385 3448 se
419 3401 569 3447 tanta
606 3390 892 3447 alllictione
935 3392 989 3446 in
1031 3392 1348 3462 pmnitentia
1389 3390 1759 3463 fatigenquia

187 3480 396 3541 scilicet
416 3501 538 3540 cum
570 3485 649 3539 ira
686 3494 742 3540 et
780 3485 1146 3555 indignatione
1187 3484 1281 3539 Dei
1316 3485 1606 3548 nascimur,
1642 3499 1762 3554 quze

184 3577 425 3648 peccatis
453 3577 954 3647 supervenientibus
989 3568 1207 3647 gravior
1232 3576 1491 3639 edicitur.
1524 3577 1644 3632 ideo
1669 3577 1764 3631 ad-

124 3696 129 3701 ο
184 3666 301 3722 dit:
325 3664 465 3732 Quia
489 3670 695 3721 elevans
722 3666 933 3721 atlisisti
952 3680 1052 3719 me.
1092 3665 1344 3721 Elevatus
1369 3673 1454 3720 est
1477 3666 1639 3720 homo
1668 3666 1762 3720 bo—

187 3768 319 3810 nore
353 3754 604 3825 imaginis
635 3754 727 3808 Dei
760 3764 816 3809 et
852 3753 1022 3810 libero
1049 3752 1272 3808 arbitrio
1300 3753 1647 3808 nobilitatus:
1668 3752 1763 3807 sed

185 3843 291 3899 hoc
312 3842 453 3899 male
475 3857 604 3899 usus
630 3843 816 3898 allisus
837 3851 921 3897 est
944 3849 1001 3896 et
1028 3841 1267 3908 deiectus
1295 3842 1348 3895 in
1370 3842 1511 3897 hanc
1540 3840 1761 3895 conval-

187 3934 292 3988 tem
321 3932 702 4003 lacrymarum.
1715 3977 1732 3999 κ

256 4023 418 4077 Vens.
448 4021 753 4077 l2.—Dies
791 4020 893 4075 mei
928 4021 1065 4076 sicut
1101 4019 1284 4074 umbra
1331 4018 1717 4074 declinaverunt
1742 4035 1760 4071 :

186 4122 235 4165 es
257 4128 350 4184 ego
369 4113 504 4168 sicut
527 4113 706 4183 fenum
725 4112 863 4167 arui.
904 4111 1041 4180 Quia
1067 4112 1227 4167 homo
1256 4127 1287 4166 a
1316 4111 1427 4166 Deo
1455 4110 1760 4175 declinavit,

186 4204 475 4260 declinavit
505 4203 576 4259 ab
604 4218 669 4258 eo
691 4203 807 4258 dies
835 4202 1106 4257 felicitatis
1137 4202 1255 4270 ejus
1278 4217 1294 4255 :
1316 4204 1407 4272 qui
1442 4201 1544 4257 fuit
1577 4202 1666 4256 lux
1707 4202 1761 4255 iu

188 4294 433 4357 Domino,
455 4293 641 4349 umbra
665 4292 839 4348 lactus
865 4300 949 4348 est
976 4292 1030 4347 in
1056 4299 1309 4361 peccato;
1332 4300 1385 4346 et
1412 4290 1509 4347 llos
1540 4292 1666 4346 vita:
1694 4290 1760 4345 il-

189 4383 291 4439 lius
314 4384 456 4439 sicut
474 4382 654 4439 fenum
676 4383 821 4437 aruit
845 4400 860 4435 :
883 4398 983 4437 nec
1003 4396 1236 4452 unquam
1261 4382 1631 4445 revirescet-ct,
1657 4380 1760 4434 nisi

189 4476 446 4547 sanguine
485 4474 688 4531 Christi
733 4475 1069 4546 irrigaretur.

258 4567 421 4622 Vens.
453 4567 623 4622 l3.—
639 4566 718 4620 Tu
743 4578 933 4625 autem.
958 4565 1196 4627 Domine,
1218 4564 1272 4617 in
1290 4572 1542 4618 teternum
1560 4576 1762 4631 perina-

188 4673 301 4721 nes,
339 4664 389 4710 et
430 4653 731 4709 ntemoriale
763 4664 911 4708 tuum
942 4654 996 4706 in
1027 4653 1357 4722 generatione
1393 4659 1442 4705 et
1473 4650 1764 4721 generatio-

150 4742 155 4743 “
187 4762 327 4800 nem.
350 4743 452 4813 Qui
476 4759 536 4799 se
561 4757 731 4813 usque
755 4743 823 4797 ad
849 4741 1085 4797 cinerem
1112 4740 1423 4810 pmnitendo
1447 4736 1639 4806 deiecit
1664 4740 1765 4809 pro

185 4826 426 4909 peccatis
468 4837 603 4902 suis,
640 4837 808 4893 Deum
842 4836 1106 4892 laudando
1148 4836 1201 4890 in
1240 4834 1516 4891 beneﬁciis
1553 4835 1666 4889 suis
1705 4851 1761 4889 sc

184 4929 362 4984 erexit
388 4928 574 4984 dicens
605 4946 618 4981 :
653 4943 739 4983 me
780 4935 1058 4982 arescente
1094 4934 1149 4979 tu
1187 4914 1469 4996 permanes
1512 4926 1566 4979 in
1603 4935 1762 4980 teter-

187 5031 347 5078 uum;
376 5023 704 5085 quapropter
737 5014 938 5083 optime
963 5016 1032 5068 ab
1063 5015 1294 5068 adventu
1332 5013 1543 5069 Domini
1577 5014 1777 5069 salutis

184 5121 317 5169 suae,
340 5115 397 5162 et
434 5104 607 5159 laudis
637 5102 831 5158 divince
864 5101 993 5157 fecit
1022 5103 1252 5164 initium,
1284 5119 1381 5173 per
1413 5119 1572 5174 quem
1610 5120 1765 5159 mun-

183 5199 315 5250 dum
350 5204 572 5250 noverat
606 5208 727 5249 esse
759 5192 1091 5247 salvandum.
1129 5191 1435 5247 Memoriale
1472 5202 1651 5248 autem
1676 5196 1765 5250 hic

186 5287 391 5341 dictum
418 5294 499 5341 est
538 5286 769 5341 salutare
803 5284 1128 5355 promissum
1163 5282 1231 5337 de
1268 5282 1478 5337 Domini
1516 5282 1764 5338 incarna-

182 5375 335 5428 tione
366 5373 575 5427 venturi
603 5372 758 5445 μη,
787 5368 1119 5444 venturum],
1145 5374 1288 5442 quod
1314 5372 1459 5428 nuila
1495 5372 1764 5429 oblivione

186 5462 473 5520 delebitur.

266 5553 421 5609 Vens.
442 5552 615 5608 l4..-——
633 5551 708 5608 Tu
726 5563 921 5616 autem,
939 5555 1176 5619 Domine,
1191 5569 1470 5626 exsurgens
1488 5557 1761 5611 miserebe-

188 5648 264 5701 ris
277 5644 423 5709 Sion,
441 5650 565 5717 quia
592 5658 790 5717 tempus
816 5648 1089 5702 misercndt'
1112 5650 1250 5719 ejus,
1262 5649 1385 5713 quia
1396 5650 1528 5703 venit
1542 5662 1761 5720 tempus.

187 5738 351 5804 Quasi
373 5736 579 5793 diceret
603 5755 615 5789 ε
641 5737 777 5805 Quid
809 5737 989 5791 tardas
1014 5738 1079 5793 de
1106 5742 1276 5795 salute
1298 5738 1459 5794 Sion?
1484 5739 1611 5796 Sion
1634 5756 1764 5796 vero

188 5843 339 5883 matis
361 5837 460 5887 est,
489 5826 577 5880 ubi
607 5828 857 5896 templum
878 5827 1088 5891 Domini
1120 5838 1197 5883 est
1227 5830 1558 5902 [signiﬁcans
1585 5831 1756 5886 Eccle-

1791 4601 1838 4659 D

1862 2042 2029 2098 Terra
2054 2050 2232 2096 autem
2260 2054 2356 2111 per
2385 2041 2808 2097 misericordiam
2832 2044 3029 2098 munda
3049 2044 3175 2109 erit,
3197 2054 3257 2100 ut
3278 2046 3437 2116 digna

1862 2132 1933 2186 sit
1956 2131 2010 2185 in
2038 2131 2391 2186 aediﬁcatione
2415 2130 2625 2186 Domini
2655 2133 2799 2202 poni.

1933 2222 2093 2276 Vens.
2126 2220 2377 2275 16.—Et
2418 2221 2664 2275 timebunt
2701 2232 2872 2292 gentes
2912 2239 3098 2280 nomen
3132 2234 3299 2288 tuum,
3334 2224 3444 2280 Deo

1864 2310 2019 2373 mine,
2042 2319 2090 2363 et
2117 2326 2294 2364 omnes
2320 2326 2461 2380 rcges
2480 2319 2634 2364 teme
2654 2309 2875 2381 gloriam
2901 2319 3068 2367 tuam.
3117 2311 3264 2379 Quos
3282 2328 3438 2384 supe-

1864 2398 2006 2451 riore
2045 2412 2202 2452 versu
2252 2406 2451 2453 terram
2499 2398 2815 2462 nominavit,
2860 2399 3075 2454 eosdem
3116 2400 3206 2456 hic
3250 2410 3435 2471 gentes

1862 2486 2093 2557 appellat
2133 2487 2363 2542 terrenis
2402 2488 2613 2542 actibus
2649 2487 3006 2559 iuvigilantes.
3057 2487 3233 2558 Reges
3270 2498 3394 2545 sunt
3425 2532 3437 2550 .

1864 2577 2169 2646 quicunque
2194 2576 2400 2647 sclpsos
2426 2578 2564 2633 bene
2587 2588 2811 2648 regunt,
2843 2579 3067 2651 aliisque
3091 2595 3323 2650 praeesse
3345 2581 3439 2635 bo-

1865 2664 1949 2718 nis
1982 2664 2262 2734 exemplis,
2308 2665 2393 2718 vel
2434 2666 2613 2720 verbis
2655 2666 3048 2737 praedicationis
3082 2677 3280 2723 norunt
3304 2684 3319 2723 :
3343 2674 3433 2740 qui

1864 2770 2112 2824 maguum
2143 2769 2336 2809 nomen
2364 2753 2565 2809 Christi
2593 2756 2721 2821 Dei,
2748 2757 2920 2811 servis
2946 2756 3087 2822 suis,
3117 2772 3254 2828 quos
3281 2772 3437 2828 supe-

1864 2847 1977 2900 rius
2013 2846 2216 2915 l..pidcs
2250 2846 2555 2915 appellavit,
2592 2849 3006 2915 prtedicantibus
3034 2849 3258 2922 gloriam
3300 2851 3439 2922 eius.

1865 2935 2073 2988 timent.

1937 3023 2095 3078 Vens.
2130 3023 2573 3092 l7.—Quoniarn
2605 3028 2881 3097 ttdiﬁcarit
2918 3028 3170 3084 Dominus
3202 3030 3348 3095 Sion,
3387 3042 3436 3085 et

1864 3111 2118 3165 videbitur
2141 3112 2194 3166 in
2223 3111 2391 3182 gloria
2415 3131 2534 3169 sua.
2573 3115 2695 3171 Ideo
2731 3117 2994 3173 timebunt
3017 3118 3299 3177 Dominum
3324 3138 3440 3179 om-

1864 3216 1960 3256 nes
1993 3211 2203 3272 gentes,
2240 3212 2296 3257 et
2329 3219 2485 3274 rcges
2504 3206 2772 3275 spiritales
2799 3209 3022 3279 gloriam
3045 3210 3160 3279 eius
3186 3211 3442 3268 formida-

1864 3292 2017 3354 bunt,
2041 3291 2166 3361 quia
2190 3292 2454 3348 aedificata
2477 3303 2562 3349 est
2586 3310 2617 3349 a
2639 3294 2867 3353 Domino
2898 3296 3049 3363 Sion,
3085 3309 3260 3367 mater
3291 3301 3407 3356 sciti
3424 3332 3442 3341 -

1862 3391 1946 3437 cet
1979 3382 2237 3447 Ecclesia,
2276 3382 2345 3438 de
2385 3384 2522 3440 vivis
2553 3386 2819 3455 lapidibus
2853 3398 3190 3455 constructa,
3237 3391 3291 3446 in
3336 3407 3441 3463 qua

1862 3472 2007 3527 salus
2040 3472 2192 3545 μη,
2219 3472 2359 3545 laus]
2386 3474 2505 3529 sine
2534 3475 2639 3530 line
2666 3486 2965 3545 permanet.
3010 3478 3114 3546 Qui
3143 3495 3271 3534 vero
3299 3496 3443 3535 nunc

1861 3566 2008 3618 visus
2033 3570 2119 3618 cst
2145 3563 2200 3617 in
2231 3563 2550 3630 humilitate,
2577 3565 2692 3634 ipse
2729 3566 3015 3633 videbitur,
3044 3569 3361 3624 conﬁrmata
3391 3580 3445 3623 et

1863 3660 2170 3708 constructa
2203 3653 2421 3709 civitate
2457 3668 2553 3709 sua
2592 3653 2743 3726 illa,
2773 3665 3143 3712 consummata
3173 3666 3440 3714 structuta

1862 3740 2096 3795 civitatis
2120 3740 2277 3813 suae],
2304 3742 2357 3797 in
2384 3743 2553 3813 gloria
2580 3760 2712 3811 sua;
2739 3761 2863 3802 cum
2891 3748 3097 3802 venerit
3120 3748 3174 3802 in
3196 3747 3444 3817 maiesta-

1863 3839 1916 3887 te
1945 3831 2122 3887 Patris
2150 3839 2205 3886 et
2240 3842 2549 3888 sanctorum
2590 3836 2923 3907 angelorum,
2962 3838 3267 3894 discernere
3302 3839 3445 3892 intw
3529 3877 3535 3884 .

1862 3937 2030 3992 agnos
2053 3934 2107 3977 et
2132 3923 2334 3979 haedos.

1936 4016 2099 4073 Vens.
2142 4007 2569 4087 18.—-Respe.rit
2617 4020 2672 4073 in
2722 4020 3008 4075 orationem
3056 4035 3343 4090 pauperum
3393 4032 3442 4073 rt

1864 4121 1969 4159 non
1992 4105 2181 4175 sprevit
2202 4122 2405 4176 precem
2424 4122 2626 4160 eorum.
2669 4108 2931 4164 Veniente
2953 4108 3233 4187 Salvatore
3259 4120 3444 4167 nostro

1865 4194 1918 4247 in
1950 4195 2227 4258 mundum,
2258 4203 2386 4249 tunc
2408 4198 2677 4253 exauditae
2696 4208 2829 4255 sunt.
2845 4214 3034 4269 preces
3059 4199 3219 4271 huius
3245 4217 3442 4273 paupe-

1863 4283 1959 4349 ris,
1985 4301 2106 4355 quae
2132 4285 2327 4353 saepius
2350 4285 2520 4361 [ante]
2548 4289 2784 4346 recitata:
2806 4291 3009 4348 suntin
3044 4302 3332 4363 conspectu
3362 4296 3444 4350 di-

1864 4376 2001 4432 vina:
2040 4377 2276 4446 pictatis.
2316 4378 2423 4435 lste
2459 4396 2664 4452 pauper
2692 4400 2831 4439 unus
2864 4394 2967 4448 est,
3004 4395 3060 4441 et
3093 4387 3245 4441 multi
3282 4396 3440 4447 sunt;

1864 4482 2003 4521 unus
2040 4468 2095 4522 in
2135 4468 2415 4532 cha‘ritate,
2462 4473 2614 4525 multi
2654 4474 2706 4526 in
2746 4472 3029 4531 latitudine
3068 4477 3236 4530 totius
3270 4477 3441 4539 orbis,

1862 4558 2058 4627 quibus
2082 4569 2166 4613 est
2194 4575 2301 4614 una
2326 4560 2476 4626 ﬁdes,
2506 4578 2673 4617 unum
2700 4564 2982 4634 baptisma,
3006 4582 3145 4622 unus
3166 4568 3330 4622 Deus.

1936 4647 2096 4703 Vens.
2138 4647 2635 4706 l9.—Scribantur
2666 4652 2777 4707 [nec
2814 4654 2870 4708 in
2896 4656 3226 4724 generatione
3253 4656 3439 4719 altera,

1862 4749 1910 4793 et
1937 4739 2158 4811 populus
2184 4742 2276 4810 qui
2309 4742 2589 4808 creabitur,
2626 4743 2862 4799 laudabit
2888 4746 3188 4802 Dominum.
3230 4747 3441 4818 Scripta

1864 4838 1988 4885 sunt
2015 4831 2131 4886 haec
2155 4831 2535 4902 prophetarum
2565 4834 2725 4896 dicta,
2760 4850 2881 4904 qua:
2916 4837 3074 4892 modo
3106 4838 3358 4909 leguntur
3386 4840 3440 4904 in

1864 4924 2207 4992 generatione
2232 4925 2418 4980 altera.
2466 4925 2563 4995 illa
2593 4924 2691 4980 luit
2714 4928 2889 4997 prima
2917 4930 3214 5000 generatio,
3245 4930 3298 4984 in
3334 4947 3439 5001 qua

1866 5016 1980 5071 haec
2010 5016 2289 5085 Scriptura
2326 5017 2469 5072 edita
2497 5026 2599 5080 cst,
2627 5034 2787 5089 quam
2820 5034 2964 5075 nunc
2990 5019 3117 5089 legit
3141 5021 3193 5074 in
3210 5020 3318 5075 «ista
3353 5036 3441 5091 ge-

1864 5109 2140 5163 neratione
2176 5109 2420 5179 sequenti
2451 5109 2700 5178 populus,
2739 5111 2865 5178 quia
2894 5112 3162 5167 ereabitur
3192 5125 3222 5163 a
3254 5110 3439 5165 Domi-

1866 5208 1934 5246 no
1975 5196 2041 5248 de
2080 5195 2420 5251 multitudine
2458 5197 2714 5267 gentium,
2757 5198 2978 5255 laudans
3012 5197 3341 5273 [Domitium]
3385 5201 3440 5254 in

1864 5281 2092 5337 veritate
2118 5281 2274 5349 lucis,
2299 5298 2406 5340 non
2427 5283 2484 5341 iu
2508 5285 2692 5356 ﬁguris
2719 5287 3050 5343 umbrarum.

1935 5372 2096 5445 357
2120 5373 2282 5429 Vens.
2312 5376 2401 5430 20.
2425 5406 2495 5417 -—
2528 5374 2791 5442 Quoniam
2833 5381 3097 5449 prospexit
3129 5379 3193 5435 de
3237 5381 3446 5436 excelsa
3531 5383 3534 5386 ’

1864 5477 2046 5533 sancto
2066 5482 2186 5529 suo,
2201 5466 2455 5522 Dominus
2476 5466 2540 5520 dc
2554 5466 2679 5521 cmlo
2700 5468 2754 5522 in
2773 5477 2968 5524 terram
2989 5472 3208 5542 aspeait.
3232 5471 3310 5527 De
3325 5485 3442 5528 οωο

1864 5555 1917 5610 lo
1931 5556 2189 5612 Dominus
2211 5571 2312 5624 per
2324 5557 2542 5612 unicum
2566 5557 2759 5614 Filium
2783 5576 2938 5616 suum
2964 5561 3237 5634 prospexit
3262 5560 3314 5616 in
3332 5571 3444 5617 ter-

1866 5662 1980 5701 ram
2008 5645 2235 5699 miseria:
2251 5654 2447 5701 uestra:
2478 5644 2652 5717 (Vers.
2678 5648 2789 5720 21).
2848 5648 2917 5703 Ut
2936 5650 3138 5704 audiret
3170 5648 3334 5724 [sicut
3350 5665 3443 5706 se.

1865 5752 2036 5808 quens
2059 5750 2245 5789 versus
2262 5735 2516 5810 ostendit]
2538 5740 2754 5808 gemitus
2776 5740 3202 5809 contpcditorum,
3218 5739 3444 5801 humani

1866 5829 2068 5883 scilicet
2091 5828 2316 5895 generis.
2342 5830 2483 5897 quod
2505 5831 2695 5885 diaboli
2708 5833 2933 5903 vinculis
2955 5849 3005 5886 in
3027 5836 3198 5903 prium
3220 5848 3446 5903 parente
