4428 6408
238 489 343 549 5'93

828 486 1232 543 exsomnes.
1273 518 1341 524 —
1376 484 1738 541 sxrosmo
1772 484 1838 538 IN
1876 483 2067 539 PSAL.
2111 448 2709 543 plnum-lamus,
2753 481 2898 534 me.

3306 504 3313 509 θ
3362 480 3461 534 594

235 598 460 659 creavit.
491 601 594 655 iste
622 615 748 654 vero
772 594 1037 669 ptenitens
1063 610 1157 665 per
1183 596 1507 664 pmnitentiae
1529 596 1791 663 lacrymas
1823 598 1867 653 Α
1897 608 1992 661 per
2021 593 2253 647 Verbum
2274 587 2368 646 Dei
2390 592 2581 646 Filium
2617 592 2867 646 hominis.
2933 590 2987 644 in
3016 592 3114 643 hac
3134 591 3274 644 enim
3295 589 3314 661 [
3337 589 3460 653 Μι..

237 694 307 748 ad
332 688 714 763 perfectionem
737 686 1072 757 indulgenti-.1:
1118 685 1399 753 pervenire
1440 685 1657 744 nititur,
1710 682 1793 736 di-

239 795 369 837 cens
396 798 409 833 ζ

308 870 469 925 Vsus.
492 869 542 921 i.
563 898 630 909 —
645 866 720 921 De
738 866 1008 937 profundis
1036 862 1255 918 clamavi
1276 864 1345 917 ad
1364 875 1431 927 te,
1452 862 1690 917 Domine.
1718 862 1793 916 De

238 962 535 1031 profundis,
566 963 622 1017 id
656 972 759 1025 est,
790 962 1065 1015 nimietate
1096 968 1433 1027 peccatorum
1454 997 1469 1019 ,
1492 956 1557 1010 de
1598 956 1796 1023 quibus

238 1062 344 1110 non
370 1064 453 1109 est
470 1053 572 1109 alia
601 1052 743 1107 salus
766 1052 861 1115 illi,
893 1050 993 1103 nisi
1020 1050 1084 1103 ad
1108 1048 1387 1102 Dominum
1410 1047 1642 1099 clamare
1670 1052 1722 1098 et
1740 1056 1792 1097 tn

237 1144 353 1212 eius
381 1160 597 1216 sperare
644 1142 998 1199 clementiam.
1030 1141 1153 1195 Ideo
1188 1140 1421 1210 postulat
1448 1152 1601 1194 suum
1630 1148 1796 1192 exau-

237 1233 340 1290 diri
368 1236 675 1299 clamorem,
706 1248 865 1304 quam
895 1234 959 1288 de
984 1231 1245 1300 profundo
1272 1240 1612 1299 peccatorum
1634 1242 1791 1283 eruc-

240 1325 369 1379 tavit
390 1326 574 1379 dicens
600 1342 610 1375 :
640 1344 645 1347 ·
1314 1321 1321 1325 ’

308 1408 468 1469 Vsus.
493 1411 546 1467 2.
563 1444 632 1454 ——
655 1413 890 1474 Domine,
919 1406 1105 1479 exaudi
1122 1427 1290 1466 vocent
1316 1427 1503 1464 meam.
1530 1409 1630 1481 Ipsi
1650 1411 1790 1464 enim

236 1512 358 1557 sunt
387 1496 663 1557 Altissimo
697 1502 1003 1564 viciniores,
1042 1503 1131 1571 qui
1163 1502 1228 1555 de
1256 1507 1454 1555 sancta:
1478 1498 1793 1554 humilitatis

233 1593 532 1646 visceribus
557 1602 865 1661 eruperunt,
895 1608 952 1646 se
976 1592 1293 1649 conﬁtcntes
1319 1606 1436 1646 esse
1459 1600 1789 1660 peccatores,

236 1692 288 1735 et
316 1683 382 1736 de
417 1681 681 1752 profundo
706 1682 967 1737 clamasse
996 1682 1292 1750 iniquitatis
1317 1682 1556 1736 dicentes
1582 1700 1594 1733 :
1633 1679 1791 1734 Fiant

236 1788 386 1825 aures
409 1781 513 1825 tute
535 1771 849 1824 intendentes
872 1772 926 1824 in
954 1772 1241 1824 orationem
1266 1770 1395 1824 servi
1424 1771 1521 1822 tui.
1551 1768 1682 1835 Quis
1709 1778 1794 1823 est

1897 684 2055 756 vero]
2073 684 2425 753 promissione
2452 694 2630 753 speret
2649 683 2878 737 lsraelin
2902 683 3140 736 Domino.
3189 682 3292 749 Spe
3316 682 3459 736 enim

1895 775 2026 829 salvi
2066 775 2189 828 facti
2220 788 2425 827 sumus.
2472 772 2623 838 Quod
2668 788 2806 825 nunc
2836 772 2948 841 spei
2977 772 3251 825 dulcedine
3294 770 3459 823 habe-

1895 878 2033 925 mus,
2066 873 2191 916 tunc
2220 864 2293 917 rei
2324 863 2550 916 veritate
2578 862 2894 915 tenebimus.
2946 860 3061 913 Noli
3086 869 3163 921 tu,
3195 856 3375 919 lsrael,
3406 857 3460 912 id

1895 962 1996 1016 est,
2024 954 2108 1006 vir
2136 954 2322 1006 videns
2347 952 2538 1015 Deum,
2582 949 2825 1006 dubitare
2874 950 2939 1004 de
2967 952 3068 1005 hac
3090 947 3462 1018 promissionis

1896 1041 2170 1098 felicitate.

1966 1131 2126 1187 Vens.
2153 1132 2203 1184 7.
2235 1160 2306 1172 —-
2351 1130 2488 1196 Quia
2534 1131 2671 1201 apud
2709 1130 2983 1183 Dominum
3020 1127 3461 1182 misericordia-et

1894 1223 2101 1290 copiosa
2136 1221 2276 1289 apud
2312 1237 2427 1274 eum
2458 1219 2756 1287 redemptio.
2788 1216 2968 1289 [Quia]
3005 1216 3252 1286 quamvis
3271 1227 3462 1284 pecca-

1894 1319 1979 1365 tur
1998 1319 2339 1380 peccatorum
2389 1311 2528 1364 mole
2570 1319 2865 1380 prematur,
2898 1308 3050 1362 adest
3095 1304 3460 1361 misericordia

1894 1402 1986 1455 Dei
2010 1403 2061 1455 iu
2086 1401 2319 1462 Christo,
2349 1402 2439 1469 qui
2461 1402 2576 1453 sine
2605 1408 2824 1469 peccato
2846 1399 3011 1461 venit,
3037 1406 3103 1451 ut
3117 1403 3336 1468 peccata
3356 1395 3463 1449 sol-

1891 1497 2058 1543 veret.
2105 1488 2256 1557 Apud
2281 1502 2439 1556 quem
2469 1489 2682 1556 copiosa
2720 1495 2804 1541 est
2853 1486 3171 1556 redemptio,
3216 1484 3342 1553 quia
3371 1482 3461 1536 ubi

1891 1578 2180 1632 abundavit
2215 1584 2516 1646 peccatum,
2547 1575 3000 1646 superabundavit
3017 1575 3209 1643 gratia.

1963 1669 2121 1722 Vens.
2146 1669 2213 1722 ‘8.
2238 1697 2305 1709 —
2339 1667 2456 1737 Ipse
2480 1678 2553 1720 est
2572 1669 2658 1736 qni
2693 1667 2904 1719 redemit
2934 1665 3101 1719 Israel
3130 1666 3195 1717 ab
3216 1665 3454 1718 omnibus

1888 1757 2242 1827 iniquitatibus
2269 1758 2376 1809 suis
2407 1754 2552 1827 [Μεῖι.ν
2582 1753 2738 1826 ejus].
2805 1754 2927 1807 Ideo
2967 1761 3021 1805 ttt
3072 1760 3323 1822 peccator
3351 1749 3456 1803 noli

234 1862 572 1930 quiclamat?
597 1870 841 1930 peccator
864 1863 1083 1916 scilicet.
1110 1862 1260 1917 Unde
1280 1863 1517 1915 clamat?
1539 1862 1700 1916 etiam
1726 1862 1791 1915 de
1825 1926 1855 1930 _
1892 1861 2129 1900 cessare:
2170 1846 2340 1900 Clama
2372 1845 2523 1916 [ινδ-ν
2550 1843 2804 1915 Clamare]
2832 1846 2896 1899 de
2922 1842 3204 1912 ιποΐυηίιον
3253 1839 3457 1909 exPeuc

234 1926 512 2020 profundo.
572 1926 685 2017 ῥιιο
727 1950 837 2017 jam
886 1950 1149 2019 profundo
1172 1990 1185 2011 ,
1253 1950 1356 2002 nisi
1408 1950 1790 2018 peccatorum?
1823 1926 1865 1985 Β
1891 1949 1921 1986 a
1956 1943 2005 1989 te
2036 1950 2248 1989 omnem
2274 1936 2727 2003 desperationem;
2769 1932 2877 1998 dic,
2906 1935 3027 1987 die:
3066 1936 3111 1986 si
3140 1932 3458 2020 iniquitatem

232 2038 347 2106 Qua
375 2055 467 2108 spe
507 2038 741 2094 clamat?
766 2036 946 2109 [Quia]
995 2038 1085 2106 qui
1114 2038 1258 2090 venit
1303 2038 1509 2090 solvere
1551 2045 1786 2104 peccata,

232 2124 377 2183 dedit
405 2144 551 2198 spem
582 2131 741 2182 etiam
780 2129 832 2181 in
870 2125 1129 2195 profundo
1177 2126 1354 2194 posito
1389 2125 1657 2194 peccatori
1684 2124 1790 2178 cla-

232 2219 443 2279 mandi,
491 2219 806 2287 veniamque
834 2216 1099 2286 sperandi.
1132 2215 1270 2281 Quid
1317 2229 1443 2269 vero
1472 2216 1573 2269 iste
1599 2214 1791 2269 clamet

228 2316 493 2376 peccator,
526 2308 821 2362 audiamus.

299 2384 459 2450 Vens.
501 2394 716 2450 5.—Si
735 2396 1055 2465 iniquitatem
1099 2392 1590 2466 [Ms.,iniquitates]
1616 2396 1787 2448 obser-

230 2486 441 2547 raeeris,
469 2483 703 2547 Domine,
728 2483 963 2547 Domine,
991 2485 1106 2554 quis
1122 2485 1435 2538 sustinebit?
1462 2484 1599 2540 Ecce
1620 2498 1785 2553 appav

226 2572 336 2625 ruit
370 2570 523 2643 [Hs.,
563 2571 816 2643 aperuit],
849 2574 915 2627 de
936 2585 1041 2641 quo
1067 2572 1330 2641 profundo
1355 2573 1631 2628 clamaret.
1662 2573 1786 2628 Cla-

229 2670 339 2715 mat
370 2663 470 2716 sub
494 2660 739 2717 ﬂuctibus
762 2702 775 2725 ,
805 2662 957 2730 quasi
983 2662 1035 2715 in
1072 2660 1336 2729 profundo
1374 2663 1650 2717 demersus
1679 2663 1784 2716 iui-

226 2750 487 2817 quitatum
513 2765 752 2812 suarum,
807 2763 1065 2804 accusans
1098 2751 1331 2818 seipsum
1369 2751 1421 2804 in
1451 2751 1787 2821 cogitationi-

226 2840 347 2904 bus,
367 2841 543 2896 verbis
570 2849 625 2895 et
650 2838 804 2895 factis
834 2858 845 2892 :
878 2840 1175 2911 lntelligens
1205 2849 1371 2894 totam
1400 2841 1565 2895 vitam
1596 2841 1783 2895 buma-

228 2926 772 2985 namteutationibus
805 2929 1100 2999 subiacere.
1146 2930 1401 2999 Sequitur
1447 2932 1499 2985 in
1540 2946 1643 3000 qua
1690 2945 1784 2999 spe

227 3017 506 3083 clamaret,
545 3020 729 3074 dicens
759 3037 772 3073 :

296 3101 459 3161 Vens.
500 3107 553 3170 4,
594 3103 646 3160 5.
670 3137 740 3148 -
765 3107 901 3173 Quia
943 3110 1082 3178 apud
1107 3119 1155 3163 te
1196 3110 1492 3178 propitiatio
1528 3118 1621 3162 est.
1653 3108 1783 3175 Qum

225 3205 308 3248 est
343 3195 446 3249 ista
470 3196 795 3265 propitiatio,
825 3196 927 3250 nisi
954 3196 1169 3266 sanguis
1202 3194 1419 3259 Christi,
1449 3195 1665 3264 sanguis
1702 3196 1780 3250 in-

223 3299 444 3349 nocens,
474 3285 562 3353 qui
588 3284 787 3350 elusus
812 3293 892 3340 est
920 3286 970 3339 in
988 3284 1417 3355 propitiationem
1438 3293 1777 3353 peccatorum

224 3375 566 3428 nostrorum?
592 3374 751 3444 Ergo,
790 3390 823 3429 ο
852 3374 1093 3437 Domine,
1122 3373 1259 3444 apud
1295 3383 1347 3428 te
1370 3382 1455 3428 est
1468 3372 1783 3444 propitiatio

217 3475 341 3528 qua:
369 3476 455 3515 me
490 3462 688 3515 excitat
731 3462 796 3515 ad
822 3470 871 3516 te
916 3463 1185 3516 clamare:
1221 3462 1344 3531 quia
1368 3462 1413 3517 si
1444 3461 1609 3529 judex
1660 3470 1779 3515 tan-
1884 3510 1889 3513 _

221 3556 353 3612 tum,
402 3558 457 3602 et
510 3564 616 3603 non
644 3549 960 3619 propitiatur
1000 3550 1113 3604 ﬁeri
1157 3551 1435 3615 voluisses,
1466 3550 1781 3606 observares

224 3639 539 3709 iniquitates
570 3646 783 3693 nostras
810 3679 823 3703 ,
857 3646 911 3692 et
940 3652 1095 3693 nemo
1120 3641 1425 3693 sustineret.
1482 3640 1550 3691 Et
1572 3649 1780 3709 propter

221 3730 383 3799 legem
426 3740 569 3783 tuam
596 3730 816 3783 sustinui
840 3738 911 3793 te,
937 3727 1174 3782 Domine.
1215 3729 1528 3798 Exspectavi
1564 3738 1636 3791 te,
1677 3728 1781 3783 Do—

222 3823 394 3885 mine,
449 3822 540 3889 qui
569 3821 700 3875 mihi
736 3822 789 3875 in
840 3820 953 3891 lege
978 3822 1277 3891 promissus
1327 3822 1471 3876 fuisti
1497 3840 1513 3875 :
1539 3838 1658 3891 qua:
1694 3838 1780 3877 me

220 3908 304 3961 lex
343 3923 492 3963 reum
520 3907 645 3962 fecit
670 3949 684 3971 ,
715 3918 769 3963 et
792 3912 1047 3979 compulit
1082 3926 1168 3965 me
1212 3912 1278 3965 ad
1329 3919 1381 3966 te
1410 3912 1657 3972 clamare,
1688 3912 1778 3981 qui

216 4012 278 4052 es
328 3996 600 4067 legislatur
647 4009 697 4053 et
728 3998 1051 4073 Redemptor
1092 4005 1191 4058 sub
1237 4006 1353 4073 lege
1396 4005 1570 4059 factus
1614 4005 1779 4060 Filius

218 4084 470 4143 hominis.
505 4088 764 4143 Sustinuit
788 4092 981 4145 anima
1018 4109 1132 4146 mea
1186 4096 1389 4147 verbum
1428 4104 1593 4148 tuum.
1626 4094 1778 4161 Quod

218 4179 439 4234 verbum
460 4180 641 4250 iquod
662 4191 772 4235 erat
798 4183 852 4235 in
878 4184 1131 4253 principio
1156 4184 1295 4253 apud
1323 4184 1511 4238 Deum.
1529 4185 1641 4240 Hoc
1664 4201 1777 4240 ver-

218 4271 344 4325 bum
384 4272 687 4341 exspectavi
713 4282 772 4327 ut
813 4288 940 4328 caro
969 4274 1120 4331 fieret
1154 4285 1211 4330 et
1242 4276 1495 4332 liberaret
1520 4279 1774 4331 animam

216 4375 412 4427 meum,
449 4364 503 4416 in
528 4378 635 4432 quo
682 4365 1011 4433 suscepimus
1040 4367 1407 4421 remissionem
1434 4375 1773 4435 peccatorum

217 4463 273 4505 et
294 4452 698 4522 promissionem
736 4454 884 4523 regni
924 4454 1201 4508 calorum.
1232 4455 1290 4508 In
1328 4471 1435 4525 quo
1474 4455 1636 4508 verbo
1655 4469 1775 4523 spe—
1817 4463 1823 4469 ’

1808 3240 1854 3302 ο

1890 2025 2254 2088 observaveris,
2286 2024 2521 2086 Domine,
2554 2025 2790 2088 Domine,
2838 2025 2954 2093 quis
2982 2022 3252 2077 sustinebit
3283 2021 3307 2072 1
3353 2018 3461 2073 Οι-

1887 2130 2055 2191 serva'
2093 2115 2261 2179 iilum,
2305 2125 2556 2184 eaSpecta
2598 2116 2743 2169 illum
2782 2124 3000 2184 propter
3047 2114 3215 2182 legem
3266 2113 3456 2180 ipsius,

1888 2212 2047 2273 quam
2078 2204 2245 2275 legem
2284 2204 2379 2258 tibi
2409 2204 2555 2257 dedit
2584 2204 2636 2257 in
2678 2203 2939 2265 oratione,
3000 2217 3105 2270 qua
3152 2200 3458 2269 deprccaris

1887 2309 1984 2363 pro
2007 2295 2242 2363 peccatis
2270 2294 2373 2347 mis
2410 2293 2621 2347 dicens:
2660 2292 2869 2345 Dimitte
2896 2290 3037 2343 nobis
3059 2290 3231 2342 debita
3254 2296 3453 2347 nostra,

1886 2384 2017 2435 sicut
2046 2393 2093 2437 et
2120 2399 2212 2436 nos
2230 2373 2563 2436 'dimittimus
2581 2381 2896 2436 debitoribus
2936 2381 3143 2434 nostris.
3212 2378 3377 2446 Spera
3405 2384 3456 2428 te

1887 2481 2332 2536 resurrecturum,
2356 2483 2411 2527 et
2431 2484 2480 2527 te
2493 2472 2726 2528 futurum
2738 2474 2882 2527 omni
2908 2473 3064 2527 modo
3082 2472 3197 2526 sine
3213 2477 3453 2539 peccato.

1887 2564 2140 2634 quoniam
2162 2563 2251 2617 ille
2274 2564 2527 2626 surrexit,
2578 2564 2668 2632 qui
2706 2564 2911 2632 primus
2940 2563 3037 2616 fuit
3060 2562 3177 2617 sine
3215 2570 3453 2628 peccato.

1886 2652 2008 2707 Noli
2060 2653 2287 2707 dicere:
2328 2652 2443 2706 Non
2496 2668 2613 2707 sum
2667 2653 2858 2721 dignus
2906 2651 3273 2705 misericordia
3318 2648 3454 2701 illius

1884 2751 2104 2812 propter
2125 2751 2375 2810 peccata;
2413 2743 2590 2811 cogita
2622 2742 2760 2809 apud
2809 2756 2931 2794 eum
2960 2740 3178 2793 multam
3206 2752 3324 2791 esse
3372 2751 3455 2789 rev

1884 2830 2265 2900 demptiouem,
2310 2832 2398 2900 qui
2425 2832 2657 2900 seipsum
2689 2832 2926 2892 tradidit,
2976 2838 3033 2881 ut
3062 2838 3113 2881 te
3143 2829 3446 2881 redimeret.

1883 2921 2162 2976 Liberatus
2199 2938 2298 2991 per
2345 2922 2735 2990 paenitentiam,
2783 2920 2888 2973 noli
2930 2920 3122 2973 iterum
3177 2918 3325 2987 ligari
3355 2934 3449 2986 pet-

1883 3018 2179 3079 peccatum.
2241 3008 2395 3063 Servi
2451 3009 2673 3062 Domino
2704 3008 2855 3077 quasi
2906 3007 3045 3061 filius
3072 3047 3085 3069 ,
3146 3021 3252 3061 non
3296 3008 3448 3074 quasi

1884 3113 2103 3155 servus:
2163 3100 2289 3169 quia
2335 3100 2509 3153 omnis
2555 3100 2645 3167 qui
2700 3097 2829 3152 facit
2878 3106 3154 3168 peccatum
3189 3136 3204 3161 ,
3262 3112 3452 3153 servus

1884 3198 1966 3243 est
1992 3190 2218 3257 peccati.
2264 3188 2463 3242 Servus
2490 3196 2666 3243 autem
2693 3203 2795 3242 non
2825 3196 3005 3241 manet
3033 3190 3085 3243 in
3104 3187 3281 3250 domo,
3313 3185 3453 3241 ﬁlius

1886 3289 2065 3338 autem
2106 3288 2289 3334 manet
2337 3280 2476 3349 apud
2504 3280 2716 3334 Patrem
2756 3296 2910 3333 suum
2961 3280 3011 3332 in
3057 3289 3259 3332 teterna
3284 3280 3452 3333 beati-

1886 3374 2088 3429 tudine.
2144 3372 2332 3426 Amen.

2397 3462 2710 3519 PSALMUS
2738 3456 2961 3517 (λχιλιι.

1952 3554 2159 3608 Titulus
2184 3555 2405 3623 psalmi:
2466 3554 2708 3609 Psalmus
2731 3555 2827 3623 ipsi
2876 3553 3061 3617 David,
3092 3553 3300 3623 quando
3329 3568 3443 3607 eum

1878 3642 2021 3709 ﬁlius
2044 3658 2169 3695 suus
2202 3643 2621 3709 persequebatur.
2680 3642 2937 3711 InZLibris
2968 3643 3171 3711 Regum
3197 3643 3336 3697 hanc
3365 3642 3447 3697 bi-

1880 3732 2101 3787 storiam
2120 3731 2367 3801 legimus,
2396 3731 2661 3800 quomodo
2688 3731 2918 3784 Alsalon
2933 3724 3141 3799 patrem
3165 3747 3318 3785 suum
3345 3731 3448 3786 Da-

1878 3820 1968 3874 vid
1988 3819 2189 3890 expulit
2216 3819 2281 3873 de
2313 3834 2496 3889 regno.
2545 3817 2650 3873 Sed
2672 3817 2815 3873 alius
2834 3826 2918 3872 est
2944 3818 3111 3871 David
3138 3833 3263 3872 vere
3285 3834 3443 3872 manu

1880 3907 2035 3963 fortis
2075 3928 2087 3961 :
2123 3909 2176 3963 in
2197 3908 2335 3963 bello
2364 3907 2536 3973 l'ortis,
2589 3907 2678 3976 qui
2728 3907 2991 3976 percussit
3018 3905 3223 3960 hostem
3259 3919 3446 3974 supcr-

1878 4001 2183 4065 bissimum,
2237 4000 2494 4054 Dominus
2533 4008 2713 4057 uoster
2733 3997 2886 4053 Jesus
2939 3998 3198 4053 Christus.
3268 3998 3443 4067 Agno-

1879 4092 2108 4145 scendus
2150 4099 2235 4145 est
2281 4092 2461 4159 itaque
2490 4090 2655 4144 David
2685 4090 2804 4152 iste,
2837 4104 2993 4159 quem
3025 4088 3446 4158 persequebatur

1879 4180 2018 4237 filius
2044 4199 2170 4238 suus
2214 4181 2380 4238 indas
2426 4182 2643 4241 tradens
2670 4197 2791 4236 eum
2820 4182 2873 4235 in
2900 4188 3160 4243 mortem;
3212 4178 3443 4233 habebat

1875 4274 2018 4327 enim
2067 4273 2223 4336 ﬁlios,
2273 4274 2339 4325 de
2384 4274 2577 4341 quibus
2624 4271 2861 4325 dicebat:
2920 4271 3299 4339 Non-possunt
3346 4268 3444 4335 ﬁlii

1874 4364 2050 4432 sponsi
2075 4363 2264 4431 lugere,
2293 4362 2524 4431 qnaudiu
2550 4376 2767 4429 sponsus
2790 4372 2864 4411 est
2900 4376 3016 4411 cum
3039 4359 3135 4421 eis,
3166 4359 3325 4411 ueniet
3354 4374 3442 4409 au-

1875 4464 1974 4507 tem
1995 4454 2103 4505 dies
2124 4452 2333 4521 quando
2356 4467 2574 4520 sponsus
2614 4449 2883 4517 auferetur
2918 4448 2982 4500 ab
3018 4448 3111 4509 eis,
3148 4456 3269 4499 tunc
3295 4445 3441 4514 luge-

217 4551 470 4597 ntverunt
499 4544 805 4613 prophetae:
838 4544 979 4611 quod
1021 4544 1243 4598 verbum
1290 4546 1516 4613 apostoli
1572 4553 1773 4599 tracta-
1801 4569 1849 4629 ο
1876 4544 1997 4597 bunt
2033 4543 2245 4613 (Matth.
2279 4560 2351 4605 ix,
2384 4542 2489 4609 15).
2540 4542 2849 4609 Lugendum
2878 4548 2963 4594 est
3004 4540 3195 4592 animis
3216 4534 3441 4608 peccan-

215 4639 407 4685 vcrunt
442 4640 497 4685 et
524 4632 769 4687 viderunt
800 4646 814 4685 :
845 4632 898 4686 in
947 4646 1054 4701 quo
1079 4632 1243 4686 verbo
1269 4632 1411 4687 beati
1442 4640 1566 4687 sunt
1608 4635 1771 4689 etiam

215 4721 777 4790 credentes,quamvis
822 4722 996 4791 ipsum
1020 4723 1309 4793 carnaliter
1336 4739 1441 4779 non
1490 4725 1768 4779 vidissent.

214 4812 272 4865 in
300 4812 400 4867 hoc
412 4808 577 4865 verbo
603 4808 754 4881 [Ms.,
777 4810 1023 4883 verbum]
1040 4828 1227 4869 omnes
1253 4815 1443 4869 anima:
1464 4824 1771 4871 sanctorum

214 4909 455 4970 sperant.
666 4972 671 4975 η
1320 4924 1326 4930 ·

283 4988 447 5062 359
467 4990 627 5047 Vsus.
653 4991 705 5046 ϐ.
744 5022 814 5033 —
858 4992 900 5046 Α
929 4994 1163 5047 custodia
1206 4994 1462 5046 matutina
1513 5010 1674 5062 usque
1706 4995 1773 5047 ad

216 5095 416 5138 noctem
442 5094 605 5155 speret
633 5085 802 5140 Israel
837 5088 893 5140 in
934 5081 1174 5139 Domino.
1231 5085 1481 5140 Custodi:
1509 5088 1768 5139 matutina

213 5172 645 5229 estmanifestata
665 5178 985 5233 resurrectio
998 5176 1530 5240 DomiuiSalvatoris,
1558 5178 1771 5247 quando

216 5264 418 5336 [Edit.,
452 5266 735 5337 quaniam]
766 5268 1068 5338 sepulcrum
1112 5268 1529 5323 custodientibus
1551 5266 1769 5334 Judazis,

212 5357 469 5426 resumpti
497 5356 737 5426 corporis
763 5358 1004 5422 veritate,
1034 5357 1342 5412 resurrexit.
1375 5355 1548 5427 Usque
1586 5359 1655 5411 ad
1681 5376 1773 5413 no-

214 5454 366 5511 ctem,
391 5445 443 5499 id
472 5454 575 5510 est,
605 5460 772 5515 usque
793 5446 859 5499 ad
890 5448 1173 5502 terminum
1202 5444 1359 5514 hujus
1384 5447 1560 5501 δείξουιί
1588 5449 1645 5502 in‘
1671 5450 1772 5503 hac

215 5535 503 5607 spe‘nobis
552 5538 832 5593 vivendum
890 5546 994 5601 est,
1030 5548 1089 5591 ut
1121 5539 1275 5593 modo
1326 5552 1667 5607 resurgamus
1718 5542 1768 5595 in

214 5629 413 5692 anima,
445 5633 499 5681 et
546 5627 601 5680 iu
631 5627 918 5681 novissimo
963 5628 1047 5679 die
1074 5643 1415 5698 resurgamus
1444 5629 1497 5682 in
1524 5630 1765 5697 corpore.

213 5716 312 5781 Qui
337 5733 465 5771 vero
494 5733 522 5769 a
551 5724 719 5771 morte
748 5718 937 5770 animm
960 5717 1115 5770 modo
1142 5721 1373 5790 resurgit
1392 5734 1485 5789 per
1528 5719 1765 5783 verbum,

211 5802 326 5861 Filii
352 5805 477 5870 HIs.
511 5807 696 5881 lilium]
735 5808 848 5873 Dei,
875 5816 996 5861 tunc
1018 5806 1239 5861 feliciter
1263 5817 1499 5877 resurget
1526 5809 1575 5861 in
1606 5823 1765 5859 carne

1876 4636 2027 4697 timn,
2082 4634 2127 4687 si
2148 4647 2375 4703 sponsus
2422 4632 2695 4687 auferatur
2730 4632 2797 4685 ab
2825 4632 2903 4686 eis
2926 4640 3144 4699 propter
3186 4639 3435 4699 peccata:

1873 4734 1926 4780 et
1953 4725 2125 4794 primo
2150 4724 2388 4778 omnium
2413 4723 2759 4793 poscendum,
2803 4730 2863 4774 ut
2914 4721 3233 4775 exaudiatur
3258 4722 3435 4774 oratio

1872 4835 2087 4883 eorum;
2113 4818 2303 4873 deinde
2328 4814 2397 4872 ne
2420 4816 2739 4871 inducantur
2766 4816 2818 4869 in
2835 4813 3126 4883 judicium;
3168 4822 3441 4883 postremo

1872 4920 1933 4964 ut
1955 4911 2250 4978 eripiantur
2291 4910 2358 4963 ab
2387 4909 2617 4963 inimicis
2667 4908 2811 4971 suis,
2851 4922 3075 4977 quorum
3111 4904 3359 4975 potestati
3406 4922 3437 4959 a

1873 4999 2174 5067 semetipsis
2197 4995 2375 5051 traditi
2411 5005 2535 5051 sunt
2570 5005 2787 5065 propter
2806 5004 3023 5065 peccata
3052 5008 3170 5051 sua.

1945 5088 2107 5143 Vsus.
2138 5090 2190 5142 ί.
2216 5112 2287 5129 -ι-
2312 5086 2551 5152 Domine,
2582 5086 2772 5141 exaudi
2798 5087 3078 5139 orationem
3106 5096 3294 5143 meam,
3335 5096 3434 5133 au-

1875 5182 2015 5235 ribus
2036 5182 2237 5251 percipe
2278 5179 2676 5233 obsecrationem
2704 5191 2892 5229 meam.
2948 5172 3059 5226 Hoc
3086 5180 3170 5225 est
3216 5168 3430 5231 exaudi,

1871 5272 2014 5338 quod
2034 5279 2089 5325 et
2113 5270 2327 5340 percipe
2355 5268 2590 5323 auribus.
2642 5264 2909 5333 Repetitio
2937 5276 3130 5332 magna
3150 5268 3232 5316 est
3248 5262 3432 5329 depre-

1872 5360 2043 5413 cantis
2056 5360 2305 5413 intentio:
2324 5354 2593 5411 humilitas
2605 5353 2984 5424 lacrymarum,
3001 5350 3263 5405 absolutio
3276 5347 3401 5419 [διε.
3413 5390 3427 5411 ,

1874 5450 2103 5520 ablutio]
2142 5458 2223 5503 est
2250 5455 2610 5517 peccatorum.
2658 5444 2724 5499 In
2742 5445 2953 5499 ueritate
2981 5452 3073 5496 tua
3114 5439 3305 5496 mutii
3350 5456 3430 5493 me

1872 5542 1925 5593 in
1955 5549 2044 5592 tua
2060 5539 2288 5607 justitia.
2326 5535 2728 5589 Commendatio
2742 5533 3035 5605 gratiteest,
3057 5544 3125 5582 ne
3147 5528 3432 5596 unusquis-

1872 5644 1973 5697 que
2001 5637 2239 5681 nostrum
2260 5625 2522 5695 justitiam
2550 5640 2702 5680 suam
2748 5638 2866 5679 esse
2895 5628 3062 5689 putet,
3100 5633 3203 5688 qua
3234 5618 3433 5673 libera-

1872 5731 1985 5772 tur:
2029 5721 2117 5771 sed
2139 5718 2345 5787 iustitia
2378 5718 2468 5769 hci
2502 5726 2603 5775 est,
2636 5730 2794 5783 quam
2824 5722 2882 5766 ut
2918 5712 3130 5775 habeat,
3158 5710 3297 5765 Deus
3325 5712 3418 5765 de-

1870 5809 1964 5859 dit.
2027 5806 2081 5860 In
2112 5816 2200 5860 tua
2235 5808 2395 5869 cuitu,
2445 5805 2666 5859 dit-intus
2690 5802 2728 5870 '[
2751 5802 2876 5865 115.,
2902 5794 3168 5867 dicamus]
3200 5798 3426 5867 iustitia,
