4428 6428
770 448 872 503 Μιῦ

1621 440 1681 494 Β.
1718 440 1775 492 l".
1818 437 2042 495 ALBINI
2085 434 2214 510 δερ
2248 432 2523 488 Αωυιλι
2561 432 2846 496 Ol‘ERUM
2883 435 3061 491 PARS
3099 435 3158 488 ιι.

3826 398 3839 403 ’
3906 437 4013 491 suo

768 560 958 615 exaudi
987 575 1090 613 me.
1144 558 1223 631 Ad
1247 571 1333 611 me
1374 556 1518 633 enim
1546 568 1711 609 unum
1737 566 1859 607 cum
1904 548 2149 618 respicio,
2201 542 2335 599 nihil
2364 549 2406 601 Α
2438 546 2561 613 quia
2579 546 2622 601 si
2649 548 2911 603 averteris
2938 545 3130 602 faciem
3157 546 3535 603 misericordia:
3573 558 3676 603 tute
3713 564 3744 603 a
3768 566 3883 611 me;
3923 570 4015 606 ero

767 654 910 707 aliud
937 651 989 705 in
1018 663 1103 703 me
1132 648 1231 703 nisi
1275 655 1552 716 peccatum
1600 643 1832 698 invenio.
1928 641 2062 694 Tota
2096 636 2340 692 liberalio

766 756 909 805 mea,
936 749 1026 793 tua
1052 736 1385 807 estjustitia.
1430 734 1582 791 Unde
1613 735 1895 801 sequitur:

835 832 999 886 VERS.
1030 828 1083 881 9..
1110 857 1182 868 ——-
1208 826 1272 879 Et
1304 842 1405 878 non
1427 824 1587 877 intres
1630 824 1683 875 in
1723 820 1986 890 judicium
2040 834 2158 871 cum
2195 831 2339 869 servo

764 933 875 974 tuo.
917 917 1032 971 Noli
1059 930 1186 984 ergo
1214 928 1427 968 mecum
1457 912 1660 964 intrare
1708 911 1760 963 in
1778 907 2062 976 judicium,
2097 904 2337 964 Domine,

766 1010 1158 1080 Quantumlibet
1205 1006 1335 1061 mihi
1384 1014 1566 1059 rectus
1610 1003 1814 1056 videar.
1889 1000 2148 1054 Producis
2190 1006 2244 1050 tu
2275 996 2341 1049 de

764 1102 1035 1158 thesauris
1083 1099 1189 1154 tuis
1223 1097 1385 1169 [Ms.,
1433 1096 1685 1150 thesauro
1715 1091 1838 1163 tuo]
1892 1092 2129 1159 regulam
2177 1089 2342 1157 :equi-

764 1197 919 1250 tatis:
945 1192 1157 1263 judieas
1183 1205 1270 1245 me
1299 1188 1591 1243 secundum
1630 1199 1803 1238 meum
1826 1182 2114 1251 justitiam,
2137 1192 2191 1234 et
2212 1196 2336 1248 pra-

763 1300 860 1340 vus
885 1285 1141 1339 invenior.
1192 1280 1404 1347 Quare?
1444 1277 1580 1342 Quia
1605 1293 1705 1328 non
1740 1273 2121 1343 justi/imbitur
2141 1274 2193 1325 in
2218 1288 2341 1325 con-

762 1389 935 1439 spectu
960 1387 1049 1429 tuo
1064 1374 1229 1428 omnis
1256 1373 1441 1426 vivens.
1476 1369 1645 1423 Omne
1668 1381 1833 1436 genus
1856 1366 2145 1417 humanum
2176 1362 2341 1431 signi-

763 1474 883 1524 tii-at
914 1467 1160 1539 originali
1195 1474 1417 1534 peccato
1460 1461 1775 1517 ofnoxiutn.
1837 1457 1959 1511 Ideo
1989 1455 2187 1517 nullus,
2238 1455 2338 1507 nisi

760 1562 933 1627 {gratia
963 1560 1217 1613 liberatus
1242 1566 1350 1619 tua,
1394 1550 1679 1620 justiticari
1703 1548 1915 1616 poterit.
1963 1545 2116 1611 Quod
2152 1544 2194 1597 si
2223 1541 2342 1596 nul-

762 1654 843 1705 lus
874 1648 1275 1717 justitieabitur,
1327 1645 1393 1697 de
1444 1641 1625 1696 radice
1679 1639 1865 1692 vitiata
1911 1644 2090 1697 natus,
2141 1641 2340 1701 quanto

759 1744 930 1813 magis
965 1756 1065 1812 ego
1097 1734 1359 1810 [preprio]
1412 1740 1756 1804 peccatorum
1811 1741 2052 1781 meorum
2103 1724 2340 1794 pondere

760 1831 1092 1902 oppressus?

2441 636 2627 689 similis
2653 636 3074 690 descendentibus
3095 636 3150 690 in
3176 633 3366 690 locum.
3426 636 3623 691 Lacum
3649 653 3777 692 vero
3791 636 4014 695 inferio-

2442 743 2556 781 rem
2584 726 2758 782 locum
2795 725 2988 781 inferni
3017 727 3281 796 designat,
3312 726 3401 780 ubi
3443 726 3589 796 impii
3610 737 3867 797 perpetua
3896 737 4016 783 tor.-

2443 826 2673 887 quentur
2703 818 2969 886 angustia,
3017 817 3083 871 de
3113 832 3219 887 quo
3264 814 3499 889 [nemo]
3533 817 3859 885 liberabitur,
3911 820 4019 875 nisi

2442 910 2613 980 gratia
2644 910 2735 963 Dei
2765 910 3128 980 prmveniente
3172 918 3384 979 tempus
3404 908 3611 978 judicii.
3660 907 3842 964 Potest
3883 925 4021 979 quo-

2440 1016 2545 1070 que
2565 1000 2713 1055 lacus
2739 1000 2960 1070 intelligi
3001 999 3339 1070 profunditas
3373 1009 3735 1069 peccatorum,
3765 1000 3829 1055 ad
3852 1016 4020 1070 quam

2442 1090 2485 1142 si
2516 1098 2768 1161 peccator
2793 1090 3023 1153 venerit,
3072 1098 3380 1143 contemnet
3414 1088 3643 1142 salutem
3680 1090 4020 1158 desperando

2443 1181 2634 1234 animm
2659 1195 2798 1243 sum;
2852 1195 2881 1233 a
2922 1193 3025 1248 qua
3053 1179 3269 1233 liberari
3323 1194 3402 1241 sc,
3450 1180 3587 1232 sicut
3636 1180 3703 1234 ab
3742 1178 4013 1243 infernali,

2442 1270 2542 1324 istc
2569 1270 2833 1337 pmnitens
2862 1270 3201 1339 deprecatur.
3235 1278 3290 1323 et
3316 1267 3585 1336 subiungit
3609 1287 3621 1321 :

2510 1360 2674 1413 Vens.
2700 1361 2751 1415 8.
2791 1386 2865 1399 -—-
2892 1350 3141 1412 Auditum
3170 1360 3254 1425 [ac
3274 1360 3399 1411 mihi
3426 1375 3578 1413 ntane
3602 1360 4020 1413 misericordiam

2441 1463 2607 1515 tuam,
2626 1450 2859 1510 Domine,
2887 1452 3010 1523 quia
3030 1452 3083 1503 in
3109 1461 3158 1502 te
3185 1451 3408 1519 speravi.
3459 1450 3663 1505 Eccein
3694 1459 3848 1505 nocte
3872 1466 4020 1516 sum,

2441 1542 2535 1595 sed
2558 1542 2609 1593 in
2636 1550 2688 1593 te
2714 1540 2957 1609 sperabo,
2991 1541 3162 1593 donec
3190 1549 3447 1592 nocturna
3473 1549 3709 1593 transeat
3739 1541 4020 1609 iniquitas,

2441 1642 2489 1684 et
2516 1646 2673 1685 mane
2698 1632 3073 1685 miserationes
3106 1640 3211 1684 tua:
3239 1632 3393 1700 quasi
3425 1646 3615 1684 aurora
3638 1630 3781 1702 lueis
3803 1630 4024 1685 veniant

2441 1725 2593 1778 mihi.
2645 1723 2836 1778 Notam
2865 1724 2949 1791 [ac
2972 1722 3099 1775 mihi
3126 1723 3260 1775 viam
3286 1726 3337 1775 in
3362 1738 3464 1791 qua
3501 1721 3781 1775 ambulem.
3855 1721 3911 1775 ιιι
3935 1730 4023 1774 est

2441 1823 2622 1868 notam
2655 1813 2738 1866 fac
2758 1813 2885 1865 mihi
2910 1812 3049 1863 viam
3077 1820 3463 1879 pneceptorum
3494 1819 3727 1874 tuorum,
3748 1817 3807 1863 ut
3831 1811 4025 1864 ambu-

831 1881 881 1900 τ-
904 1881 943 1885 e.
962 1881 980 1884 ἡ,
1032 1881 1050 1884 _

826 1921 989 1992 360
1008 1921 1164 1975 Vens.
1205 1919 1259 1973 5.
1288 1948 1362 1959 —
1387 1914 1523 1981 Quia
1552 1920 1846 1984 persecutus
1869 1920 1941 1963 est
1959 1909 2200 1961 inimicus
2221 1908 2337 1958 aui-
2371 1881 2414 1940 Β
2441 1906 2543 1957 lem
2569 1906 2623 1957 in
2651 1919 2714 1957 ea
2740 1919 2755 1968 ;
2799 1901 3125 1956 illuminatus
3180 1899 3249 1954 ab
3275 1917 3359 1964 eo,
3402 1901 3489 1970 qui
3514 1900 3774 1952 illuminat
3814 1916 4020 1955 omnem

758 2030 893 2066 mam
921 2027 1110 2064 meam.
1153 2007 1319 2062 ludas
1342 2006 1574 2059 animam
1591 2002 1813 2065 Christi,
1834 1998 2076 2054 diabolus
2100 1997 2336 2051 animam

758 2118 930 2157 meam
954 2106 1297 2170 peccatorum
1320 2093 1668 2166 persuasione
1695 2098 2011 2161 persecutus
2043 2095 2146 2150 est,
2175 2094 2337 2153 atque

756 2192 1047 2245 humiliari!
1069 2192 1123 2243 in
1156 2200 1345 2242 terram
1372 2186 1526 2239 vitam
1574 2198 1765 2246 meam,
1782 2182 1914 2234 dum
1949 2177 2182 2233 terrenis
2211 2191 2338 2229 con-

759 2283 916 2352 tagiis
936 2280 1161 2349 aspersit
1189 2278 1422 2331 animam
1454 2288 1652 2336 meam,
1703 2281 1759 2324 et
1814 2269 2069 2322 vitiorum
2118 2265 2337 2334 pulvere

755 2372 1052 2427 sordidavit
1078 2385 1218 2423 eam.
1266 2364 1545 2419 Collocavit
1590 2378 1671 2415 me
1694 2362 1747 2415 in
1778 2360 2013 2413 obscuris
2041 2358 2175 2411 sicut
2198 2371 2336 2408 mor-

756 2476 871 2517 tuos
897 2461 1096 2517 sa’culi.
1154 2455 1470 2530 [Collocavit
1490 2466 1575 2507 me
1606 2451 1854 2505 inimicus
1877 2450 1928 2502 in
1955 2447 2191 2502 tenebris
2214 2460 2339 2514 pec-

753 2564 1019 2616 catorum,
1072 2551 1213 2604 sicut
1258 2556 1498 2601 mortuos
1547 2542 1749 2598 sa-culi.
1804 2539 1995 2595 Mortui
2040 2545 2166 2592 sunt
2236 2552 2339 2589 sac-

754 2641 899 2715 cali]
940 2643 1033 2711 qui
1090 2641 1143 2694 in
1190 2636 1427 2707 peccatis
1480 2634 1594 2687 suis
1642 2633 1986 2693 moriuntur,
2031 2627 2337 2680 retributio-

759 2747 880 2785 nem
922 2730 1085 2801 [Ms.,
1114 2718 1440 2794 merci-dem]
1483 2720 1807 2791 recipientcs
1855 2717 2157 2787 iniquitatis
2202 2730 2335 2779 sum,

758 2822 880 2876 ideo

828 2912 991 2967 Vens.
1030 2911 1085 2963 αἱ.
1210 2908 1277 2961 Et
1306 2908 1553 2960 auximus
1570 2913 1642 2956 est
1673 2904 1726 2957 in
1745 2916 1825 2953 me
1855 2899 2067 2967 spiritus
2091 2911 2255 2958 meus,
2282 2896 2337 2948 in

757 3019 838 3059 mc
861 3002 1126 3055 turbatum
1150 3008 1222 3051 est
1248 3014 1339 3050 cor
1375 3010 1568 3047 meum.
1625 2992 1895 3046 Anxiatus
1945 2988 2109 3042 estin
2138 3001 2223 3041 me
2245 2998 2340 3055 per

756 3093 1125 3164 pcenitentiam
1152 3091 1374 3159 spiritus
1404 3103 1575 3150 meus,
1601 3093 1657 3140 et
1702 3093 1874 3139 totum
1902 3096 1997 3137 eor
2032 3093 2211 3134 meum
2242 3092 2339 3146 pro

757 3185 1021 3242 scelerum
1045 3184 1368 3240 enormitate
1395 3192 1637 3234 meorum
1689 3176 2068 3230 conturbatum
2111 3180 2217 3235 est,
2271 3172 2341 3225 ti:

760 3294 934 3344 mens,
997 3292 1066 3333 ne
1111 3285 1235 3333 cum
1285 3272 1464 3329 seculi
1504 3268 1733 3325 mortuis
1772 3267 1995 3323 damnet
2052 3280 2139 3320 me
2169 3262 2331 3332 judex
2362 3240 2407 3301 ο

762 3374 957 3429 iustus.

754 3393 957 3444 justus.

829 3461 1068 3520 “315.5.
1096 3488 1166 3502 -—
1197 3457 1401 3512 Memor
1437 3455 1515 3524 {ui
1552 3452 1757 3507 dierum
1794 3449 2146 3517 antiquorum.
2214 3442 2337 3497 Dies

758 3554 967 3624 antiqui
995 3558 1143 3615 sunt,
1165 3550 1219 3603 in
1249 3548 1446 3617 quibus
1471 3541 1766 3599 secundum
1799 3547 2036 3593 veterem
2066 3535 2338 3591 hominem

758 3645 1003 3703 vivebam
1026 3643 1080 3697 in
1109 3639 1367 3712 peccatis,
1397 3649 1629 3705 quorum
1673 3630 1931 3686 memoria
1980 3642 2067 3682 me
2102 3632 2335 3694 torquet.

762 3738 1049 3793 Meditata:
1073 3748 1189 3787 sum
1216 3731 1268 3784 in
1290 3728 1531 3783 omuibus
1550 3722 1791 3793 operibus
1811 3720 1937 3782 tuis,
1965 3718 2018 3770 iu
2048 3716 2202 3786 [actis
2229 3733 2341 3768 ma-

764 3841 927 3881 nuum
956 3833 1169 3878 tuarum
1193 3815 1504 3872 meditabar.
1562 3814 1706 3876 Vidi,
1747 3809 1955 3881 inspexi
1977 3808 2155 3887 omnia
2178 3821 2340 3877 opera

762 3930 875 3981 tua,
899 3915 1026 3985 quia
1050 3911 1182 3967 nihil
1208 3909 1333 3965 boni
1357 3908 1410 3962 in
1438 3906 1593 3961 nobis
1606 3918 1729 3959 esse
1753 3909 1946 3972 potest,
1969 3899 2074 3954 nisi
2103 3906 2194 3952 tua
2208 3911 2341 3967 ope-

762 4018 918 4060 rante
944 4003 1119 4071 gratia
1142 3999 1255 4061 liat,
1285 3998 1375 4066 qui
1406 4010 1505 4048 nos
1528 3993 1721 4046 fecisti.
1782 3990 1905 4045 [late
1931 3988 2191 4044 intentius
2213 4000 2342 4039 cou-

762 4096 1013 4151 siderans
1048 4090 1179 4162 quid
1200 4088 1339 4143 feci?
1386 4086 1595 4141 scilicet

837 4186 1002 4240 Vens.
1030 4181 1083 4235 6.
1107 4210 1179 4220 —
1203 4176 1445 4248 Eapaudi
1473 4190 1659 4228 manus
1685 4189 1829 4226 meas
1852 4170 1920 4225 ad
1940 4182 2011 4234 te,
2039 4170 2214 4224 anima
2229 4184 2342 4222 mea

664 4290 679 4301 ’
764 4280 899 4330 sicut
937 4284 1079 4327 terra
1112 4271 1224 4323 sine
1259 4282 1396 4337 aqua
1426 4264 1539 4317 tibi.
1580 4260 1821 4331 Expandi
1869 4274 2061 4314 manus
2101 4271 2249 4312 meas
2291 4256 2343 4309 in

763 4365 1127 4423 orationibus:
1177 4368 1235 4416 ct
1259 4361 1313 4414 in
1339 4367 1545 4413 sanctte
1569 4356 1747 4411 crucis
1777 4353 1989 4418 solatio,
2020 4352 2073 4406 in
2100 4366 2206 4420 qua
2227 4347 2348 4403 Sal-

768 4457 969 4512 vatoris
1003 4454 1108 4509 mei
1162 4464 1355 4506 manus
1381 4462 1631 4515 expansa:
1674 4453 1820 4509 sunt,
1863 4442 2049 4497 orabo.
2092 4439 2350 4510 Sequitur

768 4546 1124 4617 comparatio,
1148 4544 1200 4597 in
1228 4556 1335 4611 qua
1356 4541 1487 4594 dicit
1507 4539 1795 4608 pmnitens,
1823 4536 1904 4589 sic
1934 4534 2169 4587 animam
2192 4545 2344 4585 suam

684 4680 687 4685 ι
768 4640 1076 4696 desiderare
1126 4633 1317 4698 Deum,
1367 4628 1818 4701 quemadmodum
1853 4633 1999 4679 terra
2021 4623 2209 4678 sitiens
2226 4620 2346 4691 plu-

713 4735 721 4743 '
769 4732 884 4783 vias
916 4734 1212 4796 exspectat,
1266 4731 1328 4777 ut
1372 4721 1578 4776 fructus
1623 4719 1888 4791 germinet
1938 4712 2342 4771 desiderabiles.

774 4818 898 4874 Siue
920 4833 1056 4885 aqua
1076 4815 1189 4868 tibi.
1255 4813 1301 4869 Ο
1329 4813 1500 4867 Deus!
1528 4812 1622 4865 tibi
1652 4810 1723 4865 sit
1747 4810 1923 4862 anima
1954 4820 2074 4860 mea
2100 4804 2347 4875 irrigata,

770 4918 826 4963 et
850 4923 882 4962 a
912 4915 965 4961 te
990 4905 1236 4977 irrigata,
1268 4911 1327 4957 ut
1349 4902 1445 4956 tibi
1486 4901 1649 4955 faciat
1668 4899 1923 4953 fructum.

828 4998 1005 5053 Vens.
1024 4997 1077 5049 7.
1112 5026 1183 5036 —
1215 4993 1466 5049 l’elociter
1492 4991 1683 5046 exaudi
1704 5005 1808 5054 me,
1830 4988 2067 5050 Domine,
2101 4988 2224 5057 quia
2260 4985 2351 5040 de-

775 5088 895 5161 fecit
910 5088 1122 5157 spiritus
1147 5102 1311 5139 meus.
1375 5084 1642 5139 Velociter
1668 5080 1881 5137 deﬁciet
1902 5079 2125 5149 spiritus
2147 5079 2356 5132 aninm-

776 5183 864 5247 lis,
916 5188 973 5235 et
1003 5186 1304 5233 revertetur
1324 5189 1456 5230 caro
1479 5174 1533 5227 in
1561 5181 1761 5227 terram
1790 5185 1968 5233 suam,
1987 5177 2043 5223 et
2058 5181 2163 5221 non
2188 5184 2355 5237 agno-

776 5281 891 5329 scet
915 5270 1141 5339 amplius
1166 5269 1340 5323 locum
1366 5267 1504 5336 ejus.
1559 5263 1695 5329 Quia
1715 5261 1881 5317 semel
1912 5260 2150 5316 nascitur
2171 5258 2350 5320 homo.

776 5373 833 5420 et
858 5361 1024 5418 semel
1044 5360 1372 5422 renascitur;
1410 5355 1579 5413 semel
1615 5354 1865 5417 moritur,
1916 5360 1971 5406 et
1996 5348 2162 5405 semel
2205 5365 2354 5402 resu-

779 5455 1093 5519 scitabitur;
1124 5453 1271 5516 ideo,
1300 5449 1543 5513 Domine,
1572 5440 1832 5503 miserere
1869 5446 1998 5501 dum
2029 5453 2113 5499 est
2154 5453 2354 5514 tempus

783 5544 1081 5608 miscrendi,
1114 5552 1163 5598 et
1188 5552 1389 5612 ternm
1417 5537 1732 5609 acceptabile
1749 5547 1796 5591 et
1819 5537 1931 5592 dies
1951 5534 2160 5591 salutis.
2230 5534 2356 5589 Scio

783 5636 1039 5695 citissime
1067 5634 1252 5691 venire
1277 5633 1442 5699 diem,
1492 5632 1547 5687 in
1588 5644 1694 5697 qua
1732 5626 2016 5696 judicabor
2063 5626 2355 5682 secundum

786 5740 948 5794 opera
966 5741 1104 5780 mea.
1151 5724 1402 5780 Miserere
1422 5735 1582 5785 nunc,
1607 5718 1831 5774 Domine
1850 5715 1994 5781 Jesu,
2017 5716 2358 5771 ut-miserea-

791 5818 859 5876 ris
885 5826 1011 5872 tunc
1039 5816 1091 5872 in
1115 5818 1335 5886 judicio.
1392 5814 1510 5868 Non
1556 5820 1757 5865 awrtas
1782 5809 1968 5876 [aciem
1994 5820 2135 5863 tuam
2175 5825 2205 5859 η
2235 5823 2314 5860 me
2338 5823 2355 5868 ;

2436 1996 2696 2067 hominem
2722 1995 2999 2049 venientem
3025 1994 3076 2046 in
3099 1994 3236 2046 hunc
3264 1992 3536 2045 mundum.
3594 1991 3730 2056 Quia
3751 1991 3804 2045 in
3828 1985 3884 2044 te
3903 2009 4022 2061 spc-

2438 2089 2567 2149 reri,
2599 2086 2836 2139 Domine.
2894 2085 3052 2139 Certa
3074 2082 3380 2138 confitentis
3426 2093 3508 2136 est
3536 2083 3849 2147 consolatio,
3891 2097 4020 2152 spes

2437 2180 2491 2232 in
2516 2180 2756 2233 bonitate
2784 2176 3042 2232 salvantis
3069 2175 3303 2228 Domini.

2508 2269 2670 2323 Vens.
2696 2267 2749 2322 9.
2781 2297 2852 2307 —-—
2881 2266 3038 2334 Eripe
3062 2281 3143 2319 me
3166 2265 3230 2319 de
3258 2263 3481 2317 inimicis
3512 2264 3657 2325 meis,
3682 2260 3918 2325 Domine,
3947 2261 4021 2312 ad

2435 2373 2484 2417 te
2506 2362 2736 2432 confugi.
2793 2360 2894 2427 Qui
2924 2358 3131 2432 [sunt]
3162 2358 3384 2419 inimici,
3415 2356 3520 2411 nisi
3567 2357 3865 2419 daemones,
3912 2355 4019 2407 nisi

2435 2453 2617 2508 saeculi
2639 2452 2977 2514 ambitiones,
3001 2450 3104 2504 nisi
3126 2449 3365 2504 carnalia
3387 2448 3687 2501 desideria?
3712 2444 3904 2514 quibus
3929 2459 4019 2497 re-

2438 2544 2579 2595 lictis
2625 2542 2693 2595 ad
2744 2550 2795 2595 te
2828 2538 3065 2608 confugi,
3117 2554 3219 2592 non
3252 2552 3283 2590 a
3324 2546 3395 2598 te,
3423 2538 3563 2589 sicut
3594 2536 3763 2587 Adam
3807 2534 3871 2586 ad
3895 2549 4016 2586 um.

2437 2633 2564 2687 bras
2615 2640 2737 2701 post
2788 2631 3067 2684 meridiem
3130 2628 3421 2681 lelicitatis.
3509 2626 3625 2679 Non
3682 2623 3897 2687 habeo,
3951 2624 4021 2677 ad

2437 2741 2597 2795 quem
2618 2724 2812 2779 faciam
2829 2720 3155 2792 confugium,
3172 2722 3272 2776 nisi
3286 2720 3361 2773 .ad
3386 2730 3438 2774 te
3451 2718 3675 2773 Domine
3690 2714 3829 2771 Deus
3844 2730 4016 2769 meus.

2510 2816 2672 2870 Vens.
2706 2815 2793 2868 10.
2853 2842 2924 2853 -
2976 2812 3115 2865 Dore
3148 2828 3230 2865 me
3275 2810 3450 2879 facere
3494 2811 3806 2861 voluntatem
3847 2815 4017 2857 tuam.

2438 2904 2574 2972 Quia
2614 2904 2861 2958 voluntas
2890 2910 2980 2955 tua
3011 2917 3130 2955 mea
3160 2909 3243 2953 est
3287 2897 3453 2959 salus,
3499 2897 3590 2965 qui
3619 2896 3701 2950 vis
3716 2908 3904 2949 omnes
3924 2894 4020 2946 bc-

2439 2996 2612 3048 mines
2636 2993 2816 3047 salvos
2838 2991 2950 3045 ﬁeri
2966 3000 3020 3045 ct
3040 2991 3307 3045 neminem
3321 2988 3520 3058 perire.
3554 2985 3692 3050 Quia
3720 2994 3778 3037 tu
3808 3000 3859 3037 es
3880 2982 4020 3036 Deus

2438 3103 2603 3141 meus.
2635 3086 2771 3153 Quia
2796 3094 2848 3139 tu
2870 3099 2930 3139 es
2958 3092 3125 3139 totum
3143 3082 3342 3137 bonum
3366 3094 3564 3143 meum,
3580 3086 3690 3132 tota
3711 3075 3857 3131 salus
3876 3089 4017 3129 mea.

2440 3178 2725 3234 Dominum
2751 3193 2992 3247 quaeram
3016 3188 3237 3247 propter
3259 3173 3711 3241 redemptionem;
3733 3179 4017 3241 patronum

2438 3284 2621 3341 quaero
2641 3277 2860 3339 propter
2878 3266 3183 3320 libertatem
3212 3261 3365 3334 μὴ,
3388 3262 3755 3316 liberationem
3778 3257 3825 3329 ].
3863 3258 3942 3312 'l'u
3962 3272 4022 3323 cs

2437 3361 2579 3415 Deus
2599 3374 2770 3422 meus,
2786 3366 2840 3411 tu
2860 3356 3059 3412 creasti
3084 3370 3198 3420 me;
3227 3368 3324 3425 per
3340 3353 3504 3407 alium
3531 3350 3765 3405 recreari
3792 3362 4020 3417 nequeo.

2438 3450 2539 3504 nisi
2576 3456 2767 3519 perte,
2809 3461 2905 3516 per
2924 3459 3086 3515 quem
3118 3451 3336 3498 creatus
3377 3456 3518 3494 sum.
3559 3438 3767 3493 Creasti
3803 3451 3889 3491 me
3926 3451 4025 3506 per

2437 3542 2673 3595 Verbum
2696 3539 2883 3600 Deum,
2927 3540 3151 3588 manens
3180 3532 3199 3605 [
3225 3530 3353 3594 Ηί..
3396 3525 3743 3600 manentem]
3772 3525 3914 3596 apud
3937 3534 4018 3579 te:

2440 3642 2658 3682 recrcas
2704 3641 2791 3681 me
2850 3639 2948 3696 per
2992 3623 3231 3679 Verbum
3294 3634 3513 3677 carnem
3564 3618 3765 3673 factum
3804 3623 4026 3685 praptvr

2440 3734 2557 3773 nos.
2593 3716 2824 3788 Spiritus
2865 3726 2986 3771 tuus
3031 3714 3196 3769 bonus
3235 3713 3451 3766 deducet
3502 3726 3584 3763 me
3627 3710 3681 3761 in
3706 3717 3899 3760 terram
3944 3722 4026 3758 rc-

2440 3821 2600 3863 ctam.
2651 3808 2787 3873 Quia
2811 3806 3033 3875 spiritus
3081 3817 3234 3856 meus
3270 3800 3448 3855 malus
3472 3796 3696 3853 deduxit
3730 3809 3815 3849 me
3842 3794 3895 3848 in
3920 3803 4026 3848 ter-

2443 3914 2556 3954 ram
2585 3910 2920 3967 perversam,
2952 3894 3173 3964 spiritus
3222 3901 3341 3946 tuus
3381 3889 3554 3944 bonus
3584 3888 3816 3943 deducat
3852 3898 3938 3939 me
3969 3884 4022 3938 in

2445 4000 2643 4046 terram
2686 3997 2910 4042 rectam.
2966 3986 3205 4057 Spiritus
3246 3992 3371 4037 tuus
3429 3983 3602 4036 bonus
3652 3993 3866 4047 semper
3915 3983 4021 4034 est,

2442 4097 2597 4138 meus
2636 4093 2767 4133 vero
2802 4090 3015 4146 semper
3063 4060 3258 4139 malus,
3311 4072 3417 4127 nisi
3449 4085 3548 4141 per
3580 4077 3732 4123 tuum
3759 4064 4023 4121 efﬁciatur

2444 4172 2638 4226 bonus.

2511 4258 2669 4331 361
2696 4258 2859 4312 VERS—
2892 4256 2979 4310 Η.
3000 4285 3071 4295 -
3103 4253 3324 4324 Propter
3355 4265 3542 4306 nomen
3581 4258 3751 4313 tuum,
3786 4244 4021 4307 Domine,

2447 4350 2729 4420 viviﬁ'cabis
2758 4365 2839 4403 me
2860 4347 2917 4400 in
2959 4346 3203 4416 a-quitate
3247 4352 3361 4395 tua.
3440 4339 3532 4395 Sic
3552 4336 3579 4411 1
3600 4337 3732 4401 113.,
3761 4334 3894 4407 llic]
3920 4334 4023 4390 eic-

2447 4443 2783 4499 mcntissima
2831 4438 2926 4493 Dei
2956 4437 3129 4506 gratia
3158 4432 3588 4495 commendatur,
3617 4430 3771 4500 cujus
3799 4427 4023 4482 misera-

2452 4538 2594 4592 tione
2627 4536 2679 4589 in
2714 4534 2930 4588 nomine
2955 4528 3268 4588 Salvatoris.
3301 4540 3412 4581 non
3437 4523 3640 4579 nostris
3659 4518 3869 4575 meritis
3888 4518 4021 4572 vivi-

2449 4627 2594 4680 licati
2622 4638 2828 4679 sumus.
2883 4620 3091 4676 Eiluces
3113 4618 3178 4672 de
3217 4613 3552 4671 tribulatione
3578 4611 3810 4665 animam
3833 4623 4018 4662 meant.

2446 4716 2757 4771 Educentur
2807 4713 2874 4767 de
2913 4708 3281 4769 tribulatione,
3312 4694 3571 4773 ianquam
3601 4700 3668 4757 de
3696 4697 4019 4757 carceribus.

2448 4808 2640 4861 animae
2665 4810 2887 4866 sauctte,
2925 4798 3140 4869 quando
3182 4812 3214 4851 a
3239 4793 3628 4852 tentationibus
3668 4787 3870 4847 inimici
3892 4786 4024 4841 libe-

2451 4899 2733 4960 rabuntur,
2772 4902 2826 4949 et
2867 4893 2934 4947 ad
2969 4892 3209 4962 requiem
3249 4888 3587 4961 pervenient,
3615 4885 3706 4939 ubi
3735 4878 3881 4935 nulla
3919 4879 4023 4935 erit

2450 4989 2590 5043 ultra
2631 4983 2907 5040 tribulatio
2949 4980 3207 5036 tentantis
3230 4977 3451 5032 inimici.
3501 4974 3580 5029 lta
3602 4972 3725 5027 linis
3747 4969 3872 5024 vita:
3887 4984 4024 5039 prte-

2451 5080 2638 5136 scntis.
2689 5077 2950 5132 terminus
2974 5081 3061 5128 est
3077 5070 3280 5126 laboris
3323 5077 3655 5125 sanctorum.

2522 5171 2685 5224 V'ens.
2717 5166 2803 5220 12.
2830 5193 2902 5205 —
2927 5160 3187 5227 Quoniam
3226 5156 3484 5228 disperdat
3506 5154 3649 5209 Deus
3677 5152 3917 5209 inimicos
3939 5165 4021 5205 eo-

2455 5277 2595 5323 rum,
2620 5267 2667 5312 et
2689 5253 2866 5325 perdet
2898 5267 3079 5307 omnes
3107 5250 3196 5322 qui
3242 5244 3494 5302 tribulam
3524 5245 3728 5300 animos
3764 5254 4019 5297 servorum

2454 5363 2689 5403 suorum.
2736 5343 2836 5398 llic
2862 5343 3006 5397 enim
3053 5339 3380 5397 tritulantur
3410 5337 3566 5408 justi,
3599 5336 3671 5391 ibi
3712 5348 3842 5388 vero
3864 5331 3918 5388 in
3944 5346 4022 5386 re-

2455 5435 2957 5510 quie‘beatitudinis
2976 5430 3347 5503 gloriabuntur
3371 5437 3427 5483 et
3448 5423 3868 5483 consolabuntur
3891 5420 4022 5494 [om-

2456 5528 2576 5601 nes]
2630 5526 3060 5599 persecutionem
3105 5533 3207 5589 pro
3254 5517 3463 5589 Christi.
3505 5513 3722 5571 nomine
3740 5512 4023 5584 patientes.

2456 5623 2666 5679 dicente
2706 5619 2821 5689 ipsa
2845 5614 3130 5671 Veritate:
3169 5610 3320 5666 Beati
3357 5608 3447 5679 qui
3485 5606 3888 5678 persecutionem
3924 5616 4015 5671 pa-

2456 5716 2658 5768 tiuutur
2672 5717 2881 5781 propter
2887 5706 3172 5775 justitiam,
3187 5702 3434 5774 quoniam
3455 5701 3686 5772 ipsorum
3709 5702 3785 5750 est
3814 5706 4021 5763 regnum

2458 5803 2703 5859 tta-lorum
2724 5796 2939 5871 (Matth.
2968 5793 3156 5867 v.10),
3186 5794 3240 5850 in
3266 5791 3457 5850 StI‘Cltla
3479 5788 3815 5846 seculorum.
3838 5784 4021 5839 Amen.
