4428 6402
1750 617 2075 627 ——-..__..._,...

458 704 838 770 MAGISTRI
883 698 1144 762 ALBINI
1196 691 1476 756 FLACCI
1522 689 1836 751 ALCUINI
1877 693 2304 755 EXPOSITIO
2334 697 2423 773 IN
2465 699 2835 760 PSALMUM
2880 699 3155 763 CXVIII.

704 927 711 931 .
781 879 1166 940 PMFATIO.

272 1002 608 1063 Ccntesimus
644 997 883 1055 decimus
910 1003 1133 1049 octavus
1161 990 1399 1061 psalmus
1433 1005 1685 1059 magnum
1712 990 1761 1042 in

200 1113 266 1159 se
290 1094 604 1167 mysterium
631 1090 869 1145 continet
893 1104 906 1139 :
940 1085 1032 1140 sed
1061 1083 1313 1154 quoniam
1340 1082 1683 1137 continentur
1707 1080 1761 1132 in

205 1203 270 1245 eo
299 1188 406 1250 lex.
444 1182 714 1245 mandata,
740 1176 1166 1247 iustificationes,
1205 1172 1764 1240 teStitnonia,jtnlicia,

205 1295 310 1350 qua
341 1277 524 1346 utique
552 1275 692 1328 inter
725 1288 782 1326 se
815 1271 1032 1327 distent,
1061 1267 1365 1320 discernere
1416 1277 1632 1316 necesse
1661 1272 1762 1315 est.

205 1367 312 1424 Lex
338 1381 466 1433 ergo
493 1372 596 1422 est,
625 1358 743 1429 qurc
769 1372 863 1426 per
914 1356 1127 1425 Moysen
1160 1355 1281 1405 data
1331 1362 1432 1404 est.
1470 1351 1524 1403 In
1553 1351 1767 1403 Christo

203 1456 518 1527 spiritaliter
569 1452 726 1505 debet
755 1446 995 1515 intelligi,
1047 1444 1169 1513 quia
1201 1442 1507 1510 Apostolus,
1557 1456 1675 1493 cum
1707 1440 1767 1491 il—

204 1548 308 1602 lam
346 1553 584 1600 sanctam
620 1549 788 1599 vocet,
816 1538 1057 1592 umbram
1103 1544 1279 1588 tamen
1309 1549 1425 1585 eam
1465 1533 1765 1586 futurorum

202 1648 323 1689 csse
348 1631 622 1687 describit.
661 1626 913 1681 Mandata
949 1630 1098 1685 sunt,
1144 1620 1195 1673 in
1245 1620 1437 1688 quibus
1479 1628 1770 1686 praerepto-

203 1740 323 1778 rum
352 1721 748 1776 Doutinicorum
793 1712 1030 1768 custodia
1083 1711 1385 1776 deputatur,
1414 1709 1566 1775 juxta
1600 1708 1724 1760 illud
1754 1722 1768 1758 :

206 1811 328 1867 Non
361 1810 585 1872 occides,
636 1823 736 1859 non
770 1802 1122 1861 ntaechaberis,
1164 1806 1217 1851 ct
1245 1797 1465 1863 reliqua.
1503 1796 1771 1863 Justiﬁra-

144 1888 149 1893 ’
198 1901 365 1955 tiones
414 1905 555 1954 sunt.
596 1896 789 1963 quibus
822 1893 962 1945 Deus
1013 1904 1111 1957 per
1138 1902 1288 1941 suam
1344 1886 1681 1939 dilectionem
1718 1892 1770 1936 et

200 1988 452 2059 proximi.
484 1986 687 2039 zizania
715 1983 820 2035 odii
847 1982 912 2033 ab
941 1978 1212 2032 hominum
1235 1976 1395 2029 corde
1418 1972 1570 2039 jubet
1593 1972 1764 2024 evelli.

206 2075 520 2133 Testimonia
544 2080 686 2134 sunt,
724 2073 776 2124 in
807 2082 1031 2138 quorum
1069 2065 1352 2133 prmsrntia
1401 2064 1553 2115 nobis
1583 2063 1765 2113 obser-

199 2168 474 2221 Vationum
502 2172 811 2217 sanctarum
843 2157 974 2211 ordo
1014 2153 1366 2209 committitur
1397 2165 1410 2203 :
1459 2151 1596 2202 sicut
1626 2149 1769 2216 May-
1802 2194 1807 2221 ἦ

1803 2204 1843 2261 Β
1875 2222 2085 2279 fortiter
2130 2234 2183 2278 et
2226 2236 2428 2281 attente
2486 2244 2583 2282 nos
2607 2245 2700 2283 sua
2735 2232 2982 2284 mandata
3035 2233 3222 2286 edocet
3249 2246 3432 2289 custo-

200 2270 289 2310 ses
316 2253 511 2308 caelum
542 2261 595 2305 et
628 2260 823 2303 terram
888 2246 1101 2298 invocat
1149 2249 1331 2302 testes,
1366 2247 1418 2290 et
1472 2236 1667 2290 Paulus
1702 2236 1768 2289 ad

202 2344 418 2398 Titnoth
454 2358 569 2404 um,
617 2337 898 2393 Testifn-or
948 2335 1063 2396 tibi,
1124 2334 1317 2400 inquit,
1379 2330 1430 2383 in
1483 2337 1769 2395 conspectu

201 2432 296 2488 Dei
327 2430 556 2483 viventis
584 2436 638 2483 et
683 2426 736 2478 in
775 2430 1058 2490 conspectu
1110 2420 1402 2473 electorum
1461 2418 1769 2484 angelorum
1813 2460 1822 2470 .

199 2520 332 2589 eius,
364 2527 419 2574 et
446 2518 667 2585 reliqua.
701 2514 750 2584 (I
788 2513 917 2565 Tim.
955 2526 1003 2575 v,
1028 2511 1140 2577 21.)
1177 2508 1386 2561 Judicia
1414 2514 1590 2558 autem
1623 2513 1763 2567 sunt,

202 2627 325 2667 cum
347 2619 441 2664 aut
484 2606 662 2675 justus
710 2602 998 2673 splendidis
1040 2598 1391 2653 honurabitur
1422 2595 1646 2658 meritis,
1678 2603 1768 2646 aut

201 2698 422 2753 uernis
449 2695 840 2749 damnabuutur
864 2690 1017 2762 [.ιιε.,
1042 2688 1217 2756 justos
1248 2686 1597 2740 honorabit...
1624 2685 1770 2737 datu-

203 2786 378 2857 nabit]
417 2786 692 2855 suppliciis
748 2792 1187 2850 transgressores.
1243 2780 1353 2831 Viae
1411 2777 1597 2848 [enim]
1647 2787 1769 2830 sunt

204 2874 432 2947 προδιοιί
463 2888 527 2927 ac
552 2872 842 2942 prophetat,
873 2884 968 2938 per
989 2882 1123 2935 quos
1146 2868 1355 2919 venitur
1385 2867 1452 2919 ad
1481 2880 1660 2917 veram
1692 2866 1768 2917 vi-

206 2978 314 3023 tam
346 2963 497 3038 [Ms.,
531 2961 717 3033 viam],
750 2977 867 3029 qucc
913 2969 996 3014 est
1031 2957 1296 3013 Christus.
1330 2956 1496 3008 Totus
1522 2956 1606 3008 hic
1632 2954 1772 3022 psal-

208 3047 328 3115 mus
371 3066 453 3112 est
492 3056 725 3123 scriptus
774 3052 1064 3107 secundum
1137 3050 1379 3103 ordinem
1444 3047 1765 3112 litterarum,

209 3150 283 3204 ita
312 3157 370 3201 ut
394 3147 460 3200 ab
484 3160 586 3199 una
619 3146 793 3197 littera
825 3148 948 3195 octo
973 3153 1159 3193 versus
1180 3137 1455 3205 incipiant,
1484 3144 1537 3189 et
1560 3152 1768 3188 rursum

208 3254 239 3291 τι
268 3236 511 3306 sequenti
560 3240 683 3287 octo
709 3232 797 3285 alii
856 3230 1246 3297 compleantur,
1277 3236 1329 3279 ct
1377 3226 1480 3278 hoc
1524 3225 1771 3278 similiter

208 3326 276 3381 ad
304 3325 463 3379 linem
493 3336 661 3392 usque
691 3320 909 3374 texitur.

275 3415 359 3470 Ab
388 3412 608 3469 exordio
630 3426 727 3465 suo
760 3422 981 3476 magnus
1026 3404 1262 3476 psalmus
1294 3403 1413 3467 istc,
1446 3401 1768 3464 charissimi,

1061 491 1464 550 EXEGETICA.
1507 523 1572 532 —
1609 490 1965 545 EXPOSiTlO
2001 493 2064 545 IN
2105 493 2295 545 I’S.‘iL.
2335 492 2557 545 CXVIII.
3310 494 3409 547 εοςι

1785 886 1835 940 Α
1866 882 2080 936 veritas.
2125 881 2226 947 Qui
2260 882 2527 937 ambulant
2570 885 2624 937 in
2669 883 2777 954 lege
2830 887 3059 953 Domini,
3100 889 3201 943 hoc
3234 900 3332 955 est,
3369 891 3418 944 in

1863 973 2127 1028 mandatis
2148 974 2280 1041 ejus.

1936 1063 2092 1116 Vens.
2125 1064 2178 1117 2.
2219 1094 2288 1104 —
2322 1064 2472 1119 Beati
2508 1069 2597 1136 qui
2625 1079 2925 1124 scrutantur
2964 1072 3258 1127 testimonia
3283 1075 3417 1145 ejus.

1864 1156 1919 1208 in
1950 1165 2054 1206 toto
2084 1154 2237 1207 corde
2266 1157 2538 1224 exquirunt
2563 1175 2698 1212 eum.
2742 1160 2810 1214 Ut
2833 1162 3126 1233 intelligant
3156 1181 3275 1219 cum
3302 1181 3421 1235 pec-

1865 1244 2123 1306 caverint,
2154 1259 2209 1297 sc
2240 1260 2417 1298 coram
2458 1249 2683 1301 testibus
2734 1250 3019 1319 deliquisse
3050 1268 3062 1304 :
3099 1251 3195 1324 [ait
3224 1265 3421 1319 autem,

1866 1333 1979 1404 qui]
2021 1335 2069 1387 in
2128 1344 2236 1388 toto
2274 1336 2436 1391 corde
2484 1339 2769 1408 exquirunt
2804 1355 2946 1403 cum,
2983 1352 3037 1396 et
3072 1358 3174 1398 non
3213 1345 3420 1406 leviter.

1866 1441 2036 1493 neque
2065 1426 2316 1492 segniter.

1938 1514 2097 1565 \‘Lns.
2119 1515 2170 1565 5.
2208 1546 2275 1553 -
2303 1515 2422 1568 Non
2445 1518 2578 1568 enim
2601 1518 2688 1585 qui
2714 1531 2991 1586 operantur
3017 1521 3354 1590 iniquitatem,
3373 1525 3424 1577 in

1869 1602 1959 1654 riis
1991 1603 2101 1669 ejus
2154 1602 2560 1657 amlmlatwrunt.
2607 1607 2714 1659 Vim
2752 1609 2894 1661 etaim
2948 1611 3170 1677 apostoli
3224 1622 3343 1665 sunt
3375 1622 3427 1666 et

1869 1693 2157 1758 propheta',
2215 1707 2307 1759 per
2352 1708 2484 1760 quos
2539 1696 2747 1748 venitur
2775 1697 2838 1748 ad
2887 1696 3028 1749 illam
3062 1700 3221 1752 vitam
3275 1700 3425 1770 [Μι⁸

1869 1776 2058 1848 viam],
2098 1781 2187 1846 qui
2245 1781 2378 1833 dixit
2423 1780 2579 1849 :Ego
2636 1799 2748 1835 sum
2810 1786 2890 1838 via
2913 1794 2960 1837 ct
3027 1788 3211 1839 veritas
3239 1798 3284 1840 et
3328 1791 3427 1842 vita

1872 1868 2049 1934 (Joan.
2081 1884 2190 1930 xiv,
2225 1868 2301 1935 li),
2358 1869 2623 1937 sicutjarn
2658 1873 2905 1926 diximus.
2969 1874 3025 1927 In
3053 1875 3151 1929 hac
3179 1877 3319 1929 enim
3344 1880 3427 1929 via

1870 1971 1973 2007 non
2006 1956 2255 2010 incedunt
2292 1959 2461 2026 impii,
2491 1962 2614 2028 quia
2654 1960 2865 2016 Saluum
2900 1964 3039 2017 viam
3068 1975 3377 2033 sequuntur.

1943 2045 2102 2097 Vnus.
2139 2046 2188 2097 4.
2208 2077 2278 2085 ——
2300 2046 2375 2099 Tu
2403 2050 2664 2102 mandasti
2685 2051 2932 2104 mandata
2960 2063 3049 2105 tua
3074 2055 3324 2107 custodiri
3353 2057 3427 2107 ni-

1872 2136 1988 2185 mis.
2032 2136 2143 2187 Non
2178 2138 2353 2203 tepido
2391 2138 2569 2201 corde,
2599 2155 2769 2207 neque
2820 2143 3077 2197 dissolute
3113 2145 3308 2207 animo,
3338 2150 3428 2200 sed

1870 2316 2003 2370 dire.
2044 2316 2214 2369 Nimis
2244 2319 2420 2385 posuit
2455 2334 2552 2389 pro
2600 2320 2762 2373 valde.
2807 2320 2969 2374 Valde
3022 2322 3199 2389 itaque
3232 2336 3430 2389 prince-

1870 2407 1947 2472 pit
1967 2407 2065 2458 hoc
2086 2407 2241 2465 Deus;
2260 2415 2313 2459 et
2336 2407 2483 2461 valde
2508 2416 2716 2475 oportet
2742 2408 2833 2463 Dei
2862 2409 3128 2462 custodire
3158 2409 3427 2463 mandata.

1940 2496 2100 2550 Vens.
2136 2498 2186 2550 5.
2217 2528 2286 2537 ——-
2318 2497 2530 2551 Utinam
2557 2501 2853 2569 diriguntur
2879 2502 2972 2553 vite
2998 2518 3142 2565 metr,
3168 2501 3235 2554 ad
3265 2512 3430 2555 custo»

1869 2590 2083 2645 diendus
2128 2590 2530 2657 jttstiﬁcaliones
2584 2600 2719 2640 tuas.
2770 2590 2883 2642 t‘iisi
2915 2591 3056 2644 enim
3083 2591 3151 2645 ab
3179 2592 3292 2659 ipso
3328 2592 3424 2645 Do-

1870 2686 2015 2738 mino
2047 2683 2343 2750 dirigantur
2380 2680 2479 2733 vim
2529 2689 2744 2742 nostrte,
2794 2680 2860 2733 ad
2898 2679 3014 2747 ejus
3061 2680 3433 2735 custodiendas

1862 2774 2275 2842 justiticutiones
2326 2771 2521 2826 inﬁrmi
2557 2773 2778 2836 erimus,
2834 2781 3054 2841 prOpter
3091 2770 3435 2842 fragilitatem

1870 2863 2069 2917 carnis.
2111 2862 2330 2924 Dulisti,
2370 2862 2559 2929 inquit,
2597 2862 2906 2916 mandatum
2931 2846 2985 2917 ei
3011 2864 3279 2917 custodire
3306 2862 3434 2917 illud

1868 2951 2200 3021 praecepisti;
2233 2950 2324 3003 sed
2351 2951 2551 3003 utinam
2579 2951 2818 3019 praebeas
2853 2952 3128 3013 auxilium,
3159 2962 3211 3005 ut
3242 2954 3437 3020 possim

1871 3044 2070 3106 facere,
2100 3052 2149 3096 te
2170 3041 2412 3108 iubente,
2440 3042 2579 3109 quod
2606 3040 2903 3119 faciendum
2931 3042 3088 3096 didici
3119 3052 3169 3096 te
3192 3043 3435 3097 docente.

1943 3135 2104 3188 Vsus.
2137 3132 2189 3185 6.
2227 3163 2293 3171 —
2319 3132 2462 3186 Tunc
2485 3149 2585 3185 non
2606 3132 2898 3200 confundor
2916 3148 3033 3185 cum
3059 3148 3360 3201 perspexero
3387 3134 3439 3186 in

1874 3224 2110 3277 omnibus
2135 3224 2393 3277 mandatis
2429 3224 2552 3276 tuis.
2581 3222 2731 3284 Cum,
2777 3224 2968 3291 inquit,
2997 3223 3212 3277 directa:
3241 3222 3439 3276 fuerint

1872 3316 1974 3367 via:
2010 3329 2139 3367 meae
2165 3327 2259 3383 per
2289 3315 2518 3383 gratiam
2561 3321 2723 3373 tuam,
2757 3322 2886 3369 tunc
2930 3314 3256 3383 inspectione
3284 3327 3432 3367 man-

1873 3406 2120 3461 datorum
2174 3416 2385 3460 tuorum
2433 3420 2535 3459 non
2562 3404 2879 3471 confundor,
2949 3406 3073 3459 dum
3133 3404 3436 3473 respicioiu

208 3505 522 3561 exhortatur
551 3517 648 3556 nos
673 3501 739 3553 ad
764 3488 1169 3558 beatittidinem.
1209 3509 1367 3562 quam
1397 3508 1553 3547 nemo
1582 3492 1769 3562 estqui
1800 3527 1848 3586 α
1875 3498 2053 3552 omnia
2100 3499 2349 3551 mandata
2394 3503 2503 3549 tua.
2551 3495 2666 3551 Non
2712 3496 2853 3549 enim
2903 3494 3003 3548 alia
3032 3500 3441 3564 pnctcrmittere

207 3612 312 3652 non
336 3603 551 3664 expetat
579 3592 775 3663 [Edit.,
810 3586 1126 3658 ex~pectat].
1178 3584 1309 3653 Quis
1357 3585 1496 3637 cnim
1538 3597 1771 3652 unquam
1802 3570 1848 3587 "
1877 3597 1956 3641 ct.

1690 3597 1771 3635 am
1802 3570 1848 3587 ’⁸
1877 3597 1930 3641 et
1953 3588 2054 3639 alia
2077 3587 2381 3646 observare,
2398 3586 2489 3639 sed
2511 3585 2687 3637 omnia
2713 3585 2989 3652 aequaliter
3009 3584 3439 3655 eustodireopor-

206 3688 292 3743 vel
317 3694 513 3758 potest,
539 3683 622 3739 vel
658 3682 847 3753 potuit.
878 3679 958 3734 vel
985 3678 1182 3749 poterit
1222 3675 1470 3733 inveniri.
1519 3673 1611 3741 qui
1643 3672 1775 3725 nolit

205 3793 328 3835 esse
353 3775 590 3832 beatus?
626 3772 764 3840 Quid
815 3771 977 3842 igitur
1019 3767 1392 3822 exhortatione
1430 3778 1566 3831 opus
1594 3770 1675 3815 est
1708 3761 1773 3814 ad

205 3884 327 3924 eam
359 3882 493 3930 rem,
538 3879 698 3934 quam
738 3877 843 3915 sua
872 3867 1059 3929 sponte
1105 3855 1305 3926 appetit
1352 3855 1562 3918 animus
1589 3852 1775 3905 huma-

212 3959 357 4015 nus?
392 3956 524 4011 Nam
552 3952 789 4023 profecto
813 3950 903 4020 qui
934 3950 1271 4010 exhortatur,
1303 3945 1354 3998 id
1378 3946 1488 4014 agit
1526 3954 1585 3996 ut
1631 3942 1776 3996 exci-

213 4061 359 4108 tetur
379 4050 627 4103 voluntas
653 4046 769 4115 ejus
797 4058 917 4096 cum
947 4055 1053 4111 quo
1102 4038 1213 4108 agit
1254 4036 1343 4108 [ad
1372 4034 1521 4107 illud]
1561 4043 1777 4104 propter

213 4142 355 4213 (μιυά
407 4133 798 4195 exhortationis
840 4130 1121 4186 adhibetur
1168 4127 1478 4196 alloquium.
1543 4126 1609 4180 Ut
1651 4124 1777 4194 quid

210 4250 342 4305 ergo
378 4232 651 4287 nobiscum
715 4227 889 4299 agitur
918 4234 974 4279 ut
1019 4224 1240 4278 velimus
1293 4221 1433 4291 quo}
1481 4220 1620 4273 nolle
1673 4234 1776 4271 non

210 4338 516 4398 possumus,
556 4320 658 4375 nisi
705 4320 828 4390 quia
889 4331 1077 4371 omnes
1123 4314 1339 4384 quidem
1396 4312 1777 4367 l;eati.:dinem

211 4416 621 4485 concupiscunt,
652 4410 743 4466 sed
771 4423 1003 4480 quonam
1045 4408 1201 4461 modo
1228 4406 1292 4459 ad
1337 4418 1457 4457 eam
1498 4401 1781 4472 pervenia-

213 4516 304 4561 tur
332 4494 619 4559 nesciunt?
653 4500 881 4568 Ideoque
926 4499 1040 4552 hanc
1095 4496 1247 4567 [Ms.,
1279 4493 1402 4566 hoc]
1452 4492 1612 4546 docet
1659 4492 1779 4554 iste,

212 4594 308 4665 qui
335 4592 467 4648 dicit
497 4608 510 4643 :

631 4695 819 4744 Αιειιιι,
857 4694 911 4733 tu
939 4692 1035 4732 £51
1066 4690 1353 4731 nocrmxa.

287 4776 450 4830 Vnus.
489 4773 535 4828 ί.
573 4802 645 4815 -
679 4770 828 4825 Beati
862 4765 1183 4823 immaculati
1206 4766 1261 4819 in
1315 4766 1420 4828 via,
1464 4765 1552 4835 qui
1600 4764 1785 4817 ambu-

1879 3686 1975 3740 tet,
2015 3692 2081 3731 ne
2106 3678 2155 3729 in
2192 3675 2369 3729 futuro
2399 3673 2603 3740 judicio
2640 3674 3048 3727 confumimnur.

1948 3768 2108 3820 Vens.
2141 3767 2191 3818 7.
2222 3795 2291 3806 —-
2329 3762 2624 3830 Con/itebor
2651 3762 2763 3824 tibi,
2802 3760 3037 3821 Domine,
3083 3761 3134 3813 in
3162 3759 3441 3812 dirertioue

1879 3860 2069 3922 cordis,
2107 3859 2159 3909 in
2186 3873 2243 3909 co
2283 3855 2418 3924 quod
2450 3853 2839 3921 didit‘ijudicia
2882 3851 3105 3921 justitim
3131 3862 3253 3904 tua'.
3301 3850 3439 3905 Conv

1882 3949 2073 4002 fatebor
2110 3947 2151 4002 si
2185 3946 2446 3999 directum
2486 3942 2644 3996 fuerit
2701 3943 2802 3996 iter
2830 3956 3003 3995 meum
3035 3951 3087 3996 et
3110 3956 3436 3996 cormctnn:

1881 4048 1933 4091 tc
1983 4038 2303 4106 praedicabo,
2334 4035 2571 4097 Domine,
2597 4040 2649 4087 te
2675 4032 2922 4097 laudabo,
2945 4040 2999 4085 et
3028 4032 3101 4086 tui
3126 4047 3243 4087 esse
3269 4033 3446 4102 operis

1884 4130 1984 4182 hoc
2013 4127 2326 4181 cantitebor.

1952 4216 2111 4268 Vens.
2144 4216 2195 4269 8.
2230 4243 2301 4253 -—
2332 4212 2741 4281 Justiﬁcationes
2766 4222 2883 4267 tuas
2905 4214 3213 4278 custodiam,
3241 4231 3339 4268 non
3368 4231 3447 4269 me

1881 4305 2208 4374 derelinquas
2263 4320 2647 4373 usquequaque.
2683 4302 2795 4361 IIoc
2822 4312 2925 4367 est,
2959 4303 3148 4358 faciatn
3183 4306 3321 4373 quod
3356 4301 3441 4370 ju-

1882 4395 1998 4458 bcs,
2028 4394 2073 4448 si
2103 4408 2187 4446 mc
2215 4392 2484 4459 adjuvet-is
2530 4408 2932 4461 usquequaque.
2974 4392 3051 4469 {te
3074 4394 3119 4445 si
3157 4401 3334 4461 aperte
3366 4391 3442 4445 di-

1884 4494 2053 4549 ceret,
2078 4500 2108 4538 a
2135 4485 2276 4537 bono
2321 4495 2484 4550 opere
2530 4495 2714 4551 errare
2764 4496 2847 4533 me
2876 4494 2978 4533 non
3022 4481 3185 4544 sinas,
3213 4496 3280 4534 nc
3316 4482 3439 4535 dum

1884 4574 2076 4629 amitto
2096 4572 2337 4626 ordinem
2374 4572 2509 4623 bene
2541 4568 2769 4630 vivendi,
2825 4569 3190 4624 rectitudiuetr
3227 4571 3442 4640 perdam

1885 4660 2152 4730 loquendi.
2186 4658 2297 4713 lloc
2322 4660 2455 4728 petit
2478 4673 2546 4712 ne
2579 4657 2789 4728 penitus
2808 4658 3107 4723 deseratur,
3136 4660 3227 4714 sed
3252 4661 3321 4713 ita
3349 4676 3444 4729 po-

1888 4756 2014 4816 tius,
2044 4759 2103 4804 ut
2126 4751 2194 4804 ab
2218 4765 2285 4805 eo
2312 4765 2579 4821 nunquam
2606 4758 2659 4804 et
2682 4764 2943 4819 nusquam
2998 4751 3235 4805 divinum
3265 4753 3449 4807 absce-

215 4866 327 4920 lant
363 4866 419 4918 in
439 4862 550 4933 lege
580 4860 807 4915 Domini.
847 4857 998 4921 Beati
1026 4871 1143 4911 esse
1172 4870 1277 4909 non
1305 4863 1527 4925 possunt
1554 4853 1656 4907 nisi
1684 4853 1785 4906 im-
1820 4874 1866 4931 ο
1889 4845 1975 4898 dat
2008 4842 2287 4895 auxilium.

217 4954 501 5017 maculati;
536 4950 864 5006 immaculati
892 4947 1190 5015 autemnon
1214 4958 1358 5010 sunt,
1389 4946 1489 5000 nisi
1513 4945 1602 5015 qui
1630 4946 1683 4998 in
1706 4945 1789 4996 via

211 5044 494 5101 ambulant
518 5041 657 5112 avia
682 5055 810 5095 vero
840 5053 943 5094 non
970 5034 1092 5103 ‘cst,
1120 5038 1220 5091 nisi
1248 5037 1332 5090 lex
1363 5036 1595 5090 Domini.
1635 5033 1792 5100 Qum-

219 5151 345 5193 rens
365 5149 496 5204 ergo
542 5129 943 5191 beatitudinem,
984 5123 1359 5181 immaculatus
1396 5124 1450 5176 in
1503 5121 1587 5174 via
1619 5122 1706 5182 sit,
1738 5131 1791 5175 et

220 5227 276 5283 in
321 5225 438 5296 lege
487 5221 718 5285 Domini,
776 5233 894 5289 qua:
920 5217 1200 5271 beatorum
1255 5210 1339 5264 via
1362 5216 1462 5273 est,
1514 5208 1790 5262 ambulet:

132 5312 135 5315 Α
219 5331 325 5372 non
364 5314 435 5366 sit
471 5312 694 5371 otiosus,
728 5309 798 5365 sit
825 5308 941 5364 sine
976 5303 1205 5366 macula,
1232 5303 1335 5359 hoc
1375 5308 1475 5363 cst,
1506 5299 1620 5353 sine
1644 5314 1789 5352 mor-

219 5403 311 5460 tali
336 5401 583 5458 critziine.
629 5397 733 5453 Sed
763 5410 941 5453 tamen
963 5380 1339 5452 discretionem
1364 5391 1487 5446 facit
1513 5394 1654 5446 inter
1682 5404 1791 5443 ma-

217 5496 391 5554 culam
422 5502 479 5548 et
512 5489 795 5546 maculam.
836 5489 971 5555 Quia
1008 5487 1053 5543 si
1097 5487 1212 5559 sine
1267 5484 1489 5539 minutis
1537 5496 1656 5536 esse
1686 5496 1790 5534 non

214 5599 525 5659 pessumus,
551 5568 637 5636 vel
667 5581 718 5635 in
747 5578 947 5647 majora
978 5578 1212 5635 incidere
1233 5590 1338 5629 non
1362 5574 1616 5628 debemus
1639 5568 1790 5640 [Ms.,

217 5670 553 5744 debeamus].
591 5670 738 5725 Beati
774 5682 903 5738 ergo
951 5665 1275 5720 immaculati
1319 5664 1371 5717 in
1406 5662 1511 5725 via,
1553 5659 1642 5727 qui
1672 5673 1791 5712 am-

218 5767 404 5822 bulant
438 5759 602 5834 362
658 5750 711 5812 in
748 5755 865 5826 lege
903 5753 1113 5824 Domini
1158 5771 1170 5807 :
1215 5753 1267 5808 in
1324 5752 1409 5803 via
1449 5746 1524 5820 [in
1577 5745 1791 5801 Christo

220 5858 416 5919 (Edit..
470 5853 523 5907 in
547 5850 630 5901 via
657 5845 877 5915 Christi)
907 5842 927 5915 Ἰ
959 5854 1017 5899 ut
1043 5844 1153 5912 ipse
1186 5844 1256 5896 ait
1306 5856 1318 5892 :
1349 5840 1459 5908 Ego
1488 5854 1602 5891 sum
1627 5838 1706 5891 via
1738 5847 1789 5889 et

1960 4934 2121 4989 Vicus.
2153 4934 2205 4989 9.
2244 4962 2314 4975 -—
2349 4933 2414 4987 In
2441 4950 2540 5004 quo
2566 4932 2775 5002 corrigit
2799 4932 2987 5002 junior
3014 4934 3147 4986 viam
3176 4936 3364 4986 suam?
3398 4950 3450 4985 ιη

1887 5024 2221 5079 custodiendo
2252 5040 2511 5089 sermones
2563 5033 2698 5076 tuos.
2738 5022 3089 5093 Interrogatio
3130 5030 3232 5082 cst,
3262 5021 3312 5075 in
3345 5036 3449 5089 quo

1878 5115 2061 5185 junior
2111 5115 2251 5170 viam
2295 5130 2447 5170 suam
2495 5115 2767 5185 corrigat;
2809 5122 2862 5167 et
2890 5113 3262 5182 respondetur,
3305 5113 3445 5180 quod

1889 5209 2149 5263 correctio
2176 5209 2291 5263 lucc.
2311 5208 2404 5272 sit,
2428 5215 2486 5261 ut
2527 5208 2619 5261 Dei
2656 5206 2815 5260 verba
2861 5204 3143 5259 custodiat.
3193 5202 3445 5258 Juvcncm

1892 5299 2033 5353 enim
2057 5299 2189 5352 dixit
2210 5312 2420 5352 onmem
2445 5297 2710 5349 hominem
2753 5295 2864 5364 qui,
2899 5304 3109 5349 vetusto
3134 5294 3332 5365 peccati
3359 5295 3451 5348 bo-

1894 5389 2038 5442 mine
2059 5388 2316 5458 deposito,
2360 5385 2417 5438 tit
2441 5398 2609 5437 novus
2638 5381 2788 5455 [Ms.,
2817 5384 2907 5453 qui
2932 5385 2999 5441 de
3029 5385 3223 5440 veteris
3247 5385 3451 5454 peccati

1894 5479 2110 5534 homine
2136 5478 2228 5530 fiat
2250 5472 2440 5544 novus]
2469 5474 2521 5527 in
2547 5470 2780 5529 Christo.

1966 5570 2127 5623 Vnus.
2166 5567 2335 5619 tO.--
2373 5563 2436 5618 lu
2460 5573 2564 5618 toto
2594 5566 2748 5620 corde
2771 5582 2883 5619 meo
2909 5567 3158 5637 exquisivi
3191 5575 3262 5630 te,
3293 5581 3354 5619 ne
3377 5581 3454 5619 re-

1892 5656 2053 5729 pellas
2081 5671 2161 5707 me
2177 5671 2207 5706 α
2230 5652 2490 5707 mandatis
2512 5654 2635 5707 tuis.
2656 5652 2871 5719 Fecisti,
2889 5654 3079 5723 inquit,
3096 5654 3454 5709 uttotooorde

1894 5744 2358 5816 meoexquirerem
2383 5753 2467 5807 te;
2501 5743 2583 5800 fac
2603 5752 2662 5798 ut
2691 5745 2743 5798 in
2762 5745 3022 5799 mandatis
3049 5746 3156 5800 tuis
3175 5760 3415 5801 maneam
3438 5765 3447 5796 :

1839 5842 1844 5847 ’
1893 5853 2008 5906 qua"
2053 5844 2105 5887 ut
2137 5834 2264 5887 mihi
2314 5834 2585 5903 possibilia
2624 5834 2728 5887 sint
2756 5831 2941 5902 adjuva
2972 5851 3075 5892 me.
3120 5844 3171 5888 et
3209 5835 3327 5897 nuli
3367 5850 3451 5885 me
