4338 6418
735 478 838 551 ιω

1586 496 1642 548 n.
1689 495 1746 548 ι’.
1788 493 2011 549 suum
2050 495 2179 550 seu
2220 470 2497 551 secutae
2534 484 2816 544 oreuun
2855 481 3035 538 rans
3069 479 3130 534 ιι.

3869 476 3976 532 000

736 608 802 668 ab
828 614 907 667 eis
932 614 1208 682 repellere,
1248 612 1298 666 id
1322 622 1422 673 est,
1458 614 1562 664 noli
1588 610 1717 663 mihi
1732 608 1986 663 auxilium
2010 616 2158 661 tuum
2182 606 2309 661 sub-
2335 609 2381 665 Α
2432 670 2440 683 ⁸
2486 600 2645 654 Vens.
2679 598 2760 653 l9.
2786 627 2857 638 —
2876 593 3059 650 Incola
3083 580 3174 675 ego
3196 610 3307 648 sum
3333 593 3385 647 in
3421 602 3596 646 terra:
3626 608 3726 646 non
3754 590 3979 646 abscon-

737 705 971 759 trahere.

810 797 969 850 Vens.
998 795 1081 849 11.
1119 824 1192 834 —
1224 793 1289 847 In
1304 795 1458 847 corde
1483 810 1595 847 meo
1622 792 1870 845 abscondi
1891 791 2094 861 eloquia
2112 800 2222 852 tua,
2249 799 2304 842 ut

740 903 839 939 non
857 901 1059 955 peccem
1081 885 1192 937 tibi.
1221 884 1488 939 Continuo
1509 884 1746 938 divinum
1760 882 2004 951 quaesivit
2023 879 2301 944 auxilium,

738 990 803 1027 ne
830 975 883 1027 in
907 973 1069 1028 corde
1086 975 1208 1044 ejus
1239 974 1330 1027 Dei
1344 973 1551 1043 eloquia
1574 973 1689 1027 sine
1718 971 1892 1026 fructu
1910 969 2306 1024 absconderem

738 1062 845 1128 tur,
876 1064 977 1119 nisi
1013 1078 1176 1134 opera
1196 1064 1418 1131 justitiae
1453 1069 1824 1132 sequerentur.
1873 1061 2008 1116 Cum
2037 1062 2180 1115 enim
2203 1061 2305 1115 hoc

736 1154 980 1218 dixisset,
1006 1148 1279 1223 adiunxit:

813 1242 968 1296 Vens.
1002 1243 1089 1297 12.
1111 1273 1181 1283 -
1208 1242 1515 1297 Benedictus
1544 1258 1617 1304 es,
1648 1239 1890 1305 Domine,
1924 1238 2050 1293 doce
2091 1253 2171 1293 me
2204 1240 2303 1310 jn-

734 1332 1069 1398 s:iﬁcationcs
1105 1342 1242 1386 tuas.
1301 1331 1371 1388 Ut
1400 1332 1526 1401 quid
1553 1332 1696 1385 enim
1726 1328 1878 1394 dicit,
1927 1328 2060 1385 doce
2107 1345 2192 1384 me
2215 1330 2305 1399 ju-

734 1423 1083 1478 stiticationes
1112 1431 1252 1487 tuas,
1281 1422 1384 1477 nisi
1410 1423 1532 1491 quia
1563 1437 1654 1476 eas
1673 1421 1786 1475 vult
1811 1420 2055 1475 faciendo
2073 1420 2301 1483 discere,

735 1529 841 1566 non
865 1512 1149 1582 loquendo,
1181 1514 1265 1569 vel
1297 1513 1556 1569 memoria
1595 1513 1877 1567 retinendo
1901 1508 2305 1566 tantummodo?

812 1603 967 1660 Vens.
992 1605 1077 1660 l5.
1116 1635 1189 1645 —
1218 1604 1286 1658 In
1307 1602 1459 1659 labiis
1498 1605 1625 1658 meis
1653 1601 1982 1672 pronuntiavi
2017 1601 2190 1655 omnia
2210 1601 2306 1669 ju—

733 1695 872 1747 dicia
892 1696 999 1748 oris
1018 1692 1117 1750 tui.
1158 1687 1321 1759 Nihil,
1346 1694 1539 1765 inquit,
1555 1692 1878 1762 iudiciorum
1906 1704 2118 1747 tuorum
2142 1692 2301 1754 tacui,

732 1785 824 1838 sed
849 1785 1029 1839 omnia
1055 1790 1274 1853 prorSus
1299 1782 1353 1838 in
1381 1783 1537 1839 labiis
1554 1783 1701 1838 meis
1728 1782 2024 1844 enuntiavi,
2068 1784 2131 1835 ea
2160 1780 2304 1859 scili—

732 1884 836 1937 ret,
883 1889 1004 1943 quze
1034 1876 1164 1929 mihi
1187 1890 1279 1929 ore
1306 1883 1415 1937 tuo,
1478 1873 1531 1928 id
1560 1883 1668 1937 est,
1721 1869 2057 1942 elbquiorum
2090 1871 2302 1929 tuorum

731 1964 1105 2030 pnedicatione
1128 1966 1331 2019 dixisti.
1552 1961 1591 2036 ,ί

806 2053 960 2107 Vens.
992 2052 1072 2106 14.
1106 2085 1177 2095 -
1215 2053 1280 2108 In
1302 2057 1383 2109 via
1406 2056 1820 2109 testimoniorum
1845 2050 2056 2109 tuorum
2078 2053 2301 2109 delecta-

730 2146 811 2199 lns
840 2163 976 2209 sunt,
1004 2149 1136 2200 sicut
1152 2148 1205 2201 in
1221 2148 1458 2201 omnibus
1486 2148 1701 2202 divitiis.
1751 2149 1847 2203 Via
1874 2137 2300 2203 testimoniorum

722 2237 822 2291 Dei
843 2226 1088 2293 Christus
1111 2247 1214 2304 est,
1250 2240 1303 2294 in
1326 2255 1432 2308 quo
1460 2248 1585 2295 sunt
1612 2256 1799 2296 omnes
1830 2241 2070 2297 thesauri
2091 2241 2303 2309 sapien-

730 2330 815 2383 tia:
841 2338 895 2383 et
919 2331 1155 2385 scientia:
1184 2332 1504 2386 absconditi.
1566 2332 1622 2385 ln
1650 2332 1751 2387 hac
1774 2347 1903 2401 ergo
1935 2332 2020 2385 via
2041 2331 2193 2400 quasi
2246 2330 2301 2384 in

727 2420 979 2474 omnibus
1030 2421 1228 2474 divitiis
1279 2422 1593 2485 delectatur,
1642 2422 1733 2491 qui
1782 2422 1931 2475 vadit
1984 2436 2078 2490 per
2131 2420 2296 2493 illam.

733 2510 890 2566 Multa
913 2528 1037 2582 erga
1060 2529 1157 2569 nos
1183 2525 1309 2569 sunt
1332 2516 1636 2569 testimonia
1660 2516 1853 2570 divinae
1880 2515 2182 2570 dilectionis
2203 2516 2303 2569 im-

730 2598 893 2670 pleta,
922 2619 1027 2658 non
1053 2604 1270 2660 dubium
1292 2608 1420 2674 quin
1444 2616 1824 2678 exspectentur
1843 2607 2111 2676 implenda
2146 2605 2301 2677 [Ms.,

731 2710 837 2751 non
866 2696 1091 2761 dubitat,
1116 2678 1234 2767 qum
1261 2706 1653 2767 exspectantur,
1689 2697 2022 2771 implenda].

806 2788 964 2841 Vens.
994 2787 1074 2840 15.
1115 2819 1199 2865 -ι
1224 2788 1289 2842 In
1314 2790 1575 2844 mandatis
1601 2790 1704 2844 tuis
1726 2774 2016 2862 [Ms.,add.
2041 2789 2142 2861 me]
2166 2806 2305 2843 exer-

734 2880 903 2945 rebor,
944 2890 989 2933 et
1016 2880 1352 2935 considerabo
1378 2883 1482 2936 vias
1534 2892 1671 2936 tuas.
1715 2882 2046 2937 Exercitatio
2081 2882 2306 2936 assidui-

733 2961 818 3050 ξας
836 2974 1015 3039 operis
1042 2966 1126 3027 est
1159 2991 1172 3025 :
1202 2983 1253 3026 et
1281 2975 1381 3026 iste
1426 2975 1529 3028 nisi
1575 2975 1906 3029 exercitatus
1945 2973 1999 3028 in
2043 2956 2307 3050 mandatis

736 3044 829 3115 Dei
857 3060 1062 3123 luisset,
1092 3076 1197 3115 non
1220 3070 1427 3132 poterat
1456 3064 1796 3119 considerare
1819 3065 1936 3119 vias
1963 3062 2099 3131 ejus,
2132 3047 2188 3118 id
2219 3044 2310 3118 est

734 3151 1054 3221 apostolicus
1089 3154 1534 3223 propheticasque
1563 3156 1857 3209 doctrinas.

803 3239 962 3352 3‘63
1009 3239 1169 3295 Vens.
1328 3271 1398 3281 -—-
1434 3241 1499 3296 In
1536 3243 2001 3352 justiﬁcatiouib:s
2052 3233 2155 3340 tuis
2199 3259 2306 3298 πιε-
2332 3274 2375 3334 C
2410 3233 2638 3352 “2;:

736 3326 972 3384 ditabor:
1011 3347 1111 3385 non
1159 3330 1430 3387 oblit'tscar
1472 3352 1733 3391 sermones
1757 3344 1893 3390 tuos.
1926 3334 2003 3390 Ea
2044 3335 2304 3402 meditor,

738 3416 790 3471 iu
816 3418 900 3473 his
926 3433 1213 3487 exerceor,
1242 3431 1300 3475 ιιι
1325 3422 1412 3477 illa
1443 3423 1697 3478 oblivioni
1749 3439 1853 3478 non
1902 3424 2142 3491 tradens,
2185 3438 2309 3494 pos-

739 3511 838 3563 sim
860 3524 921 3564 ea
949 3510 1153 3580 integre
1181 3512 1519 3585 perfectoque
1541 3514 1830 3586 complere.

1372 3666 1529 3710 ειιιει
1551 3670 1675 3711 τοι.

812 3777 970 3839 Vens.
1003 3787 1083 3838 l7.
1106 3818 1172 3825 —
1199 3786 1438 3841 Retribue
1461 3803 1604 3841 servo
1625 3796 1735 3852 tuo,
1758 3786 1958 3855 vivi/ica
1980 3802 2093 3842 me:
2123 3784 2170 3841 et
2195 3804 2311 3841 cus-

738 3867 935 3930 todiam
960 3894 1216 3931 sermones
1238 3882 1374 3931 tuos.
1426 3879 1666 3945 Quatuor
1717 3878 1862 3932 enim
1910 3870 2313 3933 sunt.retribu-

742 3973 913 4026 tiones
938 3988 950 4022 :
983 3979 1075 4023 aut
1103 3971 1238 4022 mala
1267 3986 1365 4038 pro
1390 3970 1545 4024 malis
1589 3970 1985 4033 retribuuntur,
2012 3970 2152 4023 sicut
2174 3969 2315 4024 Deus

744 4064 919 4129 ignem
957 4070 1216 4115 teternum
1253 4060 1613 4115 retributurus
1657 4068 1742 4114 est
1790 4059 1982 4128 impiis.
2024 4057 2130 4113 Aut
2173 4060 2312 4115 bona

742 4167 838 4221 pro
865 4151 1053 4215 bonis,
1079 4152 1219 4206 sicut
1256 4166 1478 4219 regnum
1525 4159 1784 4206 :eternum
1823 4151 2185 4206 retributurus
2214 4159 2315 4205 est

734 4240 915 4307 justis.
941 4239 1045 4292 Aut
1065 4241 1200 4293 bona
1236 4255 1334 4308 pro
1376 4240 1551 4303 malis,
1586 4240 1725 4294 sicut
1762 4238 2010 4294 Christus
2052 4254 2147 4309 per
2194 4255 2315 4309 gra-

747 4331 873 4384 tiam
904 4326 1163 4399 justilicat
1215 4329 1458 4399 impium.
1486 4329 1594 4382 Ant
1629 4328 1767 4383 mala
1812 4342 1910 4397 pro
1954 4328 2132 4392 bonis,
2177 4330 2318 4384 sicut

742 4415 908 4473 Judaei
936 4433 1033 4489 per
1071 4416 1329 4475 malitiam
1381 4408 1646 4488 persecuti
1699 4430 1824 4474 sunt
1869 4417 2163 4476 Christum.
2213 4416 2317 4473 lla.

742 4525 862 4589 rum
893 4507 1119 4576 quatuor
1144 4508 1554 4563 retributionum
1586 4508 1701 4561 duae
1726 4509 1935 4577 priores
1960 4509 2231 4579 pertinent
2250 4508 2315 4562 ad

737 4597 1000 4667 justitiam
1020 4638 1034 4663 ,
1074 4607 1133 4651 ut
1160 4601 1525 4677 retribuantur
1551 4598 1689 4653 mala
1718 4613 1815 4668 pro
1843 4599 2017 4662 malis,
2041 4601 2180 4653 bona
2217 4615 2316 4669 pro
2338 4615 2392 4672 ί)
2418 4590 2521 4645 que

747 4689 915 4743 tumis.
959 4688 1138 4743 Tertia
1185 4688 1418 4759 pertinet
1461 4684 1528 4742 ad
1575 4689 2017 4753 misericordiam,
2049 4698 2109 4743 ιιι
2158 4689 2318 4742 retri-

748 4779 978 4831 huantur
1005 4778 1143 4831 bona
1171 4793 1268 4846 pro
1295 4774 1466 4831 malis.
1486 4776 1747 4842 Quartam
1784 4787 1961 4833 autem
1989 4778 2129 4834 Deus
2151 4777 2322 4833 nescit

749 4866 876 4938 ills.
895 4905 910 4929 ,
936 4863 1137 4933 Quarta
1168 4881 1295 4920 vero
1334 4882 1437 4921 non
1460 4867 1691 4935 pertinet
1731 4865 1797 4919 ad
1823 4864 2116 4939 Christum]
2135 4908 2150 4932 ,
2192 4862 2319 4922 nulli

747 4963 892 5017 enim
920 4959 1118 5016 malum
1156 4975 1254 5029 pro
1285 4959 1424 5013 bene
1454 4959 1722 5013 retribuit.
1755 4957 1879 5013 llatc
1916 4965 2124 5020 autem,
2157 4974 2319 5028 quam

753 5050 913 5105 tertio
935 5050 1051 5104 loco
1075 5048 1249 5118 posui,
1274 5042 1520 5118 primitus
1561 5047 1860 5103 necessaria
1891 5056 2001 5102 est:
2031 5046 2134 5101 nisi
2178 5037 2320 5101 enim

755 5136 896 5195 Deus
919 5140 1238 5197 retribueret
1264 5140 1401 5193 bona
1422 5153 1521 5209 pro
1557 5124 1732 5202 malis,
1759 5128 1905 5194 nullo
1934 5140 2092 5193 modo
2119 5135 2320 5202 essent,

750 5234 947 5303 quibus
969 5232 1291 5287 retribueret
1312 5232 1449 5285 bona
1473 5245 1571 5300 pro
1597 5228 1768 5283 bonis.
1798 5228 1986 5283 Sciens
2008 5245 2135 5300 ergo
2158 5229 2321 5284 verba

751 5327 845 5380 Dei
873 5339 977 5380 non
1018 5337 1176 5395 posse
1223 5321 1474 5377 custodiri
1512 5337 1608 5391 per
1652 5320 2036 5381 obedientiam.
2089 5321 2193 5376 nisi
2241 5321 2322 5376 vi-

754 5418 980 5471 deantur
1003 5430 1100 5486 per
1120 5406 1539 5483 intelligentiam,
1566 5412 1666 5466 hoc
1692 5424 1902 5480 quoque
1925 5406 2155 5464 orationi
2177 5409 2325 5465 addit

753 5518 809 5563 et
846 5507 1007 5561 dicit:

827 5589 986 5653 Vens.
1020 5594 1107 5650 18.
1128 5624 1198 5635 -
1220 5593 1404 5649 Revela
1430 5592 1606 5648 oculos
1634 5607 1770 5645 meos
1794 5600 1841 5643 et
1875 5588 2211 5645 considerabo
2234 5590 2326 5641 nti-

758 5688 943 5743 rabilia
970 5688 1034 5743 de
1063 5684 1172 5755 lege
1197 5695 1307 5739 tua.
1337 5686 1436 5749 Da,
1465 5684 1655 5755 inquit,
1682 5681 1811 5738 mihi
1844 5681 2195 5746 intellectum,
2217 5695 2324 5750 quo

759 5778 953 5849 possint
980 5777 1243 5833 mirabilia
1275 5785 1379 5830 tua:
1404 5776 1534 5845 legis
1558 5777 1836 5847 inspicere,
1855 5783 1907 5828 et
1924 5774 2169 5851 virtutem
2186 5787 2322 5842 pra:-

756 5874 1030 5941 ‘crptorunt
1059 5879 1269 5926 tuorum
1310 5866 1509 5921 videre.

2407 685 2503 746 an
2531 708 2564 744 a
2591 682 2672 744 me
2698 685 2948 742 mandata
2977 694 3087 739 tua;
3127 682 3204 738 lhi
3259 683 3487 752 qdlsqbe
3509 692 3593 737 est
3630 685 3974 754 peregrinus,

2406 779 2498 833 ubi
2526 778 2721 833 absens
2746 791 2777 829 a
2802 774 2976 845 patria
3010 787 3125 829 sua.
3154 772 3260 827 lste
3295 786 3448 842 ergo,
3477 771 3568 841 qui
3590 786 3834 842 superna:
3854 770 3984 825 Bie-

2405 868 2638 925 rnsalem
2669 866 2803 921 civis
2838 862 3104 933 ascriptus
3131 872 3235 926 est,
3260 858 3598 933 peregrinum
3644 873 3704 916 se
3754 860 3983 917 conﬁte-

2405 967 2495 1015 tur
2524 955 2679 1029 μη,
2703 951 3007 1027 proﬁtetur]
3031 952 3083 1007 in
3106 960 3247 1007 terra
3266 951 3433 1021 ,_quia
3460 959 3641 1006 certus
3671 958 3753 1005 est
3775 949 3841 1003 de
3865 950 4014 1005 hat.‘

2404 1048 2631 1103 reditate
2667 1045 2949 1117 promissa.
2974 1042 3081 1098 Sed
3103 1042 3228 1111 quia
3252 1040 3475 1096 tentatio
3507 1040 3718 1095 estvita
3741 1037 3980 1094 humana

2406 1153 2567 1209 super
2592 1136 2812 1199 terram,
2865 1134 2997 1204 petit
3023 1148 3091 1188 ne
3134 1133 3188 1186 in
3224 1141 3465 1202 tempore
3520 1127 3878 1184 tribulationis
3920 1136 3982 1183 et

2405 1224 2673 1283 incolat'us
2696 1225 2777 1280 sui
2800 1222 3198 1280 abscondantur
3210 1220 3289 1276 ab
3316 1234 3382 1275 eo
3409 1219 3655 1274 mandata
3683 1216 3798 1272 Dei.

2479 1319 2637 1373 Veiis.
2663 1314 2753 1371 20.
2775 1344 2843 1356 —-—
2868 1311 3168 1384 Conqupivit
3194 1312 3372 1367 anima
3397 1325 3512 1364 mea
3532 1304 3827 1363 desiderare
3847 1306 3978 1376 jus.

2404 1407 2713 1477 ti/icationes
2740 1415 2857 1459 tuas
2882 1403 2937 1458 in
2967 1374 3107 1457 omni
3129 1413 3373 1472 tempore.
3398 1398 3470 1457 Ut
3497 1400 3610 1456 sive
3635 1374 3978 1463 manducent,

2403 1499 2516 1553 sive.
2542 1497 2742 1560 bibam,
2773 1495 2886 1549 sive
2907 1492 3049 1546 aliud
3070 1491 3197 1560 quid
3228 1488 3439 1553 faciam,
3486 1504 3548 1543 ea
3574 1502 3799 1562 semper
3835 1486 3982 1543 desi-

2404 1588 2607 1651 derem,
2634 1585 2893 1647 mediter,
2914 1581 3327 1652 apprehendam.
3359 1578 3436 1632 'l‘u
3457 1577 3601 1632 enim
3649 1591 3735 1631 nte
3780 1576 3983 1647 justiti-

2404 1693 2517 1742 cas,
2548 1688 2638 1731 tua
2662 1690 2745 1749 me
2775 1673 2903 1749 facit
2932 1671 3102 1743 gratia
3124 1672 3348 1742 justum,
3386 1676 3441 1723 et
3462 1668 3659 1723 bonum
3708 1667 3835 1723 mihi
3889 1677 3980 1723 est

2403 1783 2615 1837 semper
2651 1768 2752 1822 hoc
2789 1764 3092 1821 desiderare
3111 1802 3125 1827 ,
3155 1769 3210 1816 et
3252 1760 3309 1815 in
3332 1761 3438 1815 hoc
3466 1768 3556 1815 tuo
3584 1758 3834 1828 praesidio
3885 1757 3983 1815 de-

2405 1856 2609 1912 lectari.
2639 1855 2891 1923 Alioquin
2910 1852 3087 1921 justus
3109 1865 3215 1905 non
3234 1864 3353 1915 ero,
3375 1849 3423 1905 si
3446 1848 3677 1904 defuerit
3699 1848 3829 1903 mihi
3852 1862 3980 1919 gra-

2330 1942 2383 2001 B
2405 1948 2477 2002 tia
2504 1956 2616 2011 tua,
2634 1953 2728 2000 aut
2746 1942 3009 2000 iullaverit
3032 1956 3119 1997 me
3146 1940 3415 2011 superbia.

2472 2037 2635 2093 Vens.
2662 2035 2750 2099 2i.
2773 2064 2841 2076 —
2865 2032 3154 2104 Increpasti
3174 2030 3446 2103 superbos,
3487 2028 3748 2084 maledicti
3774 2029 3863 2098 qui
3888 2028 3983 2083 de—

2403 2127 2595 2181 clinant
2640 2142 2677 2179 a
2711 2123 2975 2179 mandatis
3004 2124 3127 2177 tuis.
3166 2120 3464 2191 lncrepatio
3497 2120 3613 2176 btet:
3639 2117 3983 2188 intelligenda

2402 2222 2686 2284 est,quam
2715 2212 2873 2283 primi
2906 2210 3183 2265 hominum
3228 2210 3500 2280 genitores
3532 2222 3627 2262 sua
3676 2214 3983 2277 transgres.

2402 2309 2553 2363 sione
2578 2310 2911 2366 meruerunt;
2952 2301 3281 2357 declinantes
3308 2315 3340 2354 a
3365 2298 3620 2354 mandato
3643 2295 3739 2352 Dei
3762 2311 3862 2368 per
3888 2303 3982 2351 stt-

2401 2398 2664 2469 perbiam,
2690 2411 2795 2465 qua
2821 2392 3229 2463 concupierunt,
3255 2406 3362 2446 non
3390 2389 3533 2461 quod
3550 2388 3715 2469 ‘Deus
3756 2386 3984 2459 diligen-

2402 2462 2527 2542 dum
2555 2462 2826 2556 praecepit,
2858 2481 2955 2538 sed
2981 2462 3125 2551 quod
3159 2479 3401 2535 diabolus
3445 2462 3729 2533 invidendo
3755 2490 3981 2545 persua-

2403 2578 2493 2632 sit.
2517 2576 2703 2632 Omnis
2729 2575 2910 2642 itaque
2937 2571 3202 2641 superbus
3237 2569 3365 2623 huic
3388 2565 3739 2635 increpationi
3767 2562 3981 2632 subjec-

2406 2676 2492 2720 tus
2513 2672 2617 2729 est,
2648 2663 2763 2719 sive
2782 2660 3122 2717 hereditario
3145 2658 3369 2722 merito,
3401 2656 3515 2711 sive
3558 2654 3848 2710 voluntatis
3884 2668 3977 2708 ar-

2402 2743 2584 2815 bitrio.
2613 2754 2839 2825 Superbi
2869 2752 3010 2808 enim
3038 2750 3306 2807 declinant
3326 2764 3359 2803 a
3388 2745 3656 2802 mandatis
3680 2744 3796 2799 Dei.
3819 2742 3979 2798 Aliud

2404 2856 2487 2903 est
2501 2846 2696 2917 quippe
2735 2843 2984 2899 mandata
3017 2841 3133 2911 ejus
3156 2854 3254 2908 per
3290 2835 3657 2891 inﬁrmitatem
3699 2832 3782 2889 vel
3831 2833 3981 2903 igno-

2385 2935 2634 2991 rantiam
2674 2930 3071 3001 non‘implere,
3116 2928 3259 2983 aliud
3308 2927 3377 2982 ab
3413 2925 3492 2981 eis
3529 2938 3627 2994 per
3673 2922 3979 2992 superbiam

2407 3024 2695 3080 declinare.
2723 3021 2873 3076 Tunc
2908 3034 3097 3074 omnes
3126 3018 3274 3088 impii
3296 3015 3508 3086 plenam
3554 3014 3819 3083 accipient
3863 3028 3981 3068 ma-

2408 3112 2767 3176 ledictionem,
2797 3123 2919 3167 cum
2936 3108 3245 3164 audierint:
3276 3105 3370 3171 lte,
3402 3102 3696 3168 maledicti,
3729 3101 3783 3157 in
3805 3100 3983 3171 ignem

2410 3209 2692 3259 :eternum.

2682 3293 2772 3348 22.
2797 3322 2870 3334 —--
2892 3290 3057 3361 Aufer
3103 3308 3134 3344 α
3166 3305 3249 3343 me
3293 3286 3621 3359 opprobrium
3663 3292 3713 3337 et
3761 3290 3987 3343 contem-

2405 3398 2573 3458 ptum,
2620 3384 2745 3456 quia
2772 3378 3065 3436 testimonia
3084 3388 3177 3431 tua
3223 3376 3492 3448 exquisivi.
3537 3375 3652 3430 Non
3678 3373 3848 3429 otiose
3885 3384 3988 3424 nec

2407 3476 2797 3537 somnolenter,
2825 3471 2921 3527 sed
2946 3477 3163 3525 strenue
3190 3466 3578 3539 vigilanterque
3619 3461 3790 3519 sancti
3834 3460 3987 3516 testi-

2408 3569 2589 3624 monia
2637 3566 2816 3620 divina
2848 3560 3242 3632 exquisierunt,
3271 3566 3333 3614 ut
3382 3554 3506 3613 talia
3544 3562 3896 3629 paterentur;
3923 3561 3984 3605 ut

2410 3670 2494 3716 est
2515 3664 2838 3730 prteceptum
2866 3653 3117 3729 Domini:
3154 3651 3304 3707 Beati
3328 3651 3417 3722 qui
3454 3636 3855 3719 persecutionem
3890 3660 3984 3713 pa-

2407 3749 2611 3805 tiuntur
2658 3755 2865 3819 propter
2894 3743 3189 3816 justitiam,
3228 3748 3333 3794 etc.
3382 3736 3597 3807 (Manli.
3631 3751 3688 3799 ν,
3730 3732 3840 3798 10).
3872 3730 3980 3785 Sed

2412 3841 2527 3896 haec
2554 3838 2729 3894 oratio
2769 3849 2870 3906 pro
2926 3829 3363 3902 persecutoribus
3411 3825 3650 3881 funditur
3690 3836 3795 3877 non
3843 3820 3983 3875 irro-

2411 3928 2586 3999 gando
2617 3926 2878 3980 ultionem
2904 3936 3097 3992 preme,
3129 3920 3223 3975 sed
3250 3927 3329 3984 ut,
3359 3916 3485 3972 dum
3510 3912 3757 3971 conversi
3784 3909 3982 3966 iuerint

2413 4018 2482 4074 ad
2497 4017 2803 4081 Dominum,
2819 4014 3145 4084 martyribus
3160 4010 3379 4066 tollatur
3389 4004 3757 4078 opprobrium,
3775 4000 3985 4071 quando

2412 4116 2468 4161 ct
2494 4106 2570 4161 illi
2595 4106 2765 4176 ipsam
2796 4101 3108 4170 religionem
3137 4096 3421 4154 coluerint.
3508 4123 3512 4128 -

2485 4214 2761 4270 Vens.25.
2787 4243 2859 4254 —
2891 4211 3100 4267 Etenim
3138 4209 3379 4265 sederunt
3429 4205 3686 4278 principes
3730 4212 3779 4258 et
3816 4200 3992 4256 adrer-

2414 4323 2530 4362 sum
2557 4323 2639 4360 me
2671 4304 3033 4375 laquebantur,
3080 4317 3257 4356 servus
3286 4309 3458 4353 autem
3494 4307 3614 4350 tuus
3658 4291 3991 4349 exercebatur

2414 4397 2470 4450 in
2488 4391 2960 4465 jnstiﬁcatio‘nibus
2989 4379 3113 4443 tuis.
3166 4386 3319 4454 Quod
3349 4386 3403 4440 in
3436 4384 3540 4440 hoc
3571 4380 3837 4438 versiculo
3859 4378 3989 4433 Pro-

2416 4487 2575 4555 pheta
2597 4482 3011 4551 inseloquitur,
3061 4478 3302 4533 futurum
3330 4476 3385 4531 in
3440 4472 3697 4546 apostolis
3742 4469 3987 4540 reliquis-

2547 4572 2874 4643 martyrihus
2917 4571 3076 4632 videt,
3127 4567 3218 4639 qui
3263 4566 3427 4621 multa
3475 4578 3657 4621 coram
3701 4560 3915 4631 regibus
3936 4567 3991 4613 et

2418 4665 2765 4738 prmsidibus,
2811 4661 3036 4718 Domino
3089 4661 3191 4715 hoc
3240 4658 3402 4713 etiam
3436 4653 3829 4726 pronuntiante,
3872 4664 3989 4721 per-

2419 4755 2559 4824 pessi
2591 4762 2733 4817 sunt,
2762 4752 2854 4823 qui
2890 4751 3015 4806 licet
3038 4750 3147 4805 sint
3189 4746 3418 4801 diversis
3457 4741 3630 4814 pmnis
3681 4740 3857 4797 aﬂecti
3901 4753 3990 4793 us-

2419 4858 2524 4913 que
2548 4842 2615 4896 ad
2649 4842 2941 4896 sectionem
2964 4839 3232 4894 cervicum
3252 4877 3266 4900 ,
3297 4844 3476 4891 tamen
3500 4841 3712 4903 semper
3735 4846 3794 4888 se
3819 4831 3872 4885 in
3895 4827 3987 4884 Dei

2420 4940 2775 4989 exercuerunt
2804 4928 3299 5001 justiiicationibus.

2491 5043 2653 5099 Vens.
2679 5040 2769 5096 2-1.
2799 5070 2869 5083 --
2892 5039 3034 5095 Nam
3059 5049 3108 5094 et
3134 5038 3428 5094 testimonia
3463 5048 3555 5091 tua
3579 5031 3844 5089 meditatio
3877 5043 3989 5085 mea

2421 5139 2515 5198 est,
2546 5135 2594 5189 et
2617 5132 2889 5188 consilium
2924 5145 3096 5185 meum
3131 5128 3536 5200 justiﬁcationes
3561 5132 3664 5177 tuo:
3714 5128 3853 5175 sunt.
3899 5118 3991 5174 Sic

2422 5240 2549 5297 ergo
2573 5226 2925 5283 exercebatur
2975 5236 3162 5278 servus
3197 5217 3421 5283 Christi,
3468 5225 3528 5271 ut
3572 5222 3760 5271 contra
3810 5217 3989 5283 persc-

2423 5325 2649 5388 quentes
2684 5308 2989 5388 [delectatio
3015 5305 3468 5381 testimoniorum]
3497 5307 3816 5363 decertaret.
3851 5299 3989 5355 Con-

2423 5408 2601 5464 silium
2647 5404 3081 5477 persequentium
3115 5401 3415 5473 principum
3443 5397 3543 5454 l‘uit
3570 5397 3815 5452 inventos
3853 5407 3991 5477 mar-

2424 5508 2570 5570 tyres
2588 5476 2853 5568 perdere;
2882 5489 3168 5550 consilium
3195 5489 3511 5560 patientium
3547 5489 3842 5570 martyrum
3868 5476 3986 5540 fuit,
4018 5554 4025 5560 θ

2425 5564 2669 5643 inimicos
2690 5584 2929 5655 perditos
2950 5581 3207 5636 invenire.
3250 5575 3562 5634 Reddebant
3586 5564 3664 5629 illi
3714 5569 3853 5627 mala
3892 5581 3987 5636 pro

2424 5675 2600 5739 bonis,
2626 5654 2716 5730 isti
2736 5674 2875 5728 bona
2903 5678 3002 5740 pro
3028 5667 3201 5724 malis.
3234 5666 3372 5734 Quid
3397 5666 3526 5733 ergo
3566 5662 3785 5723 mirum,
3832 5656 3877 5710 si
3903 5654 3986 5708 isti

2424 5756 2714 5817 occidendo
2726 5756 3061 5833 deiecerunt,
3087 5755 3158 5809 illi
3186 5751 3463 5810 nibriendo
3495 5750 3759 5822 [vicerunt
3790 5740 3952 5814 (ﬁdit.
3972 5780 3989 5807 ,

2425 5850 2843 5921 \‘i\‘ilie:t\'crt'tttt)
