4338 6398
200 471 299 552 um

865 595 1088 643 DALETH.

266 659 430 748 Μ
454 677 612 731 Vsus.
641 677 728 731 25.
753 709 823 719 -—
847 680 1077 734 Λευειηῆ
1098 682 1389 749 pavimento
1414 683 1588 733 anima
1629 691 1765 746 mea,

197 763 398 831 tiri/ica
436 781 521 818 me
563 766 842 819 secundum
890 768 1094 820 uerbum
1133 778 1301 821 tuum.
1342 769 1564 838 Corpori
1621 785 1764 825 mor-

197 848 288 902 tali
311 851 546 906 animam
566 853 905 922 conjunctam
931 854 1204 924 intelligo;
1238 856 1355 910 ideo
1403 871 1470 910 ne
1513 858 1763 911 delictum

194 939 511 1002 invalescat.
550 957 581 996 a
609 952 662 996 te
689 951 812 1013 peto
839 943 1120 1006 viviilcari,
1149 945 1326 998 sciens
1362 946 1613 1013 quoniam
1637 961 1764 1001 con-

191 1032 522 1102 cupiscentia
549 1036 727 1086 carnis
755 1043 983 1086 mortem
1004 1043 1274 1104 cperatur.

260 1120 424 1176 Vsus.
447 1120 536 1174 26.
568 1151 639 1161 —
669 1119 790 1175 Vias
830 1139 971 1176 meas
996 1122 1258 1175 enuntiari
1290 1131 1338 1176 at
1373 1122 1632 1176 exaudiui
1658 1140 1759 1189 me,

188 1211 312 1264 doce
331 1225 416 1262 me
431 1209 835 1278 justi/icationes
871 1223 1008 1266 tuas.
1041 1214 1168 1268 Vias
1197 1227 1351 1271 vocat
1376 1225 1528 1272 actus
1573 1219 1760 1272 huma-

187 1313 312 1354 nos:
340 1297 472 1354 Sine
508 1301 670 1354 dubio
691 1301 830 1354 actui
864 1303 976 1371 ipso
1015 1304 1112 1357 via:
1132 1320 1322 1359 nomen
1347 1308 1588 1374 imponit.
1636 1307 1760 1362 Vias

182 1390 390 1460 peccati
423 1391 526 1445 mei
547 1390 830 1446 confessus
867 1407 987 1461 sum
1007 1403 1064 1447 et
1106 1395 1400 1458 remisisti;
1447 1411 1587 1448 nunc
1635 1396 1759 1449 doe-

184 1480 381 1534 trinam
411 1479 647 1550 indulge,
688 1497 792 1550 qua
823 1498 908 1537 me
929 1483 1345 1551 justillcationes
1375 1494 1494 1539 tuas
1531 1485 1757 1539 edoceas

181 1567 339 1639 [Hs.,
378 1584 486 1639 qua
515 1569 566 1623 in
590 1567 1062 1636 justilleationibus
1080 1571 1354 1643 edocear].

247 1659 408 1715 Vsus.
434 1659 524 1714 27.
552 1691 623 1701 —
651 1659 799 1714 Viam
825 1663 1266 1731 justiﬁcatiouum
1301 1676 1510 1718 tuarum
1558 1666 1756 1718 instrue

159 1762 275 1810 me,
300 1757 349 1800 et
366 1750 644 1802 exercebar
683 1750 738 1803 in
784 1751 1107 1804 mirabilibus
1159 1755 1282 1806 tuis.
1331 1753 1519 1808 Merito
1561 1755 1756 1810 cohors

172 1845 358 1890 sancta
401 1835 848 1905 justilica'tiouum
907 1840 1046 1893 viam
1101 1839 1227 1894 intel
1251 1842 1398 1910 igere
1449 1843 1749 1909 quaerebat,

1085 477 1489 533 EXEGETICA.
1511 508 1579 517 -—
1619 479 1978 537 i-JXPOSITIO
2009 483 2074 536 1N
2107 482 2296 537 PSAL.
2338 484 2558 541 CXVIII.

3230 547 3246 560 κ
3327 497 3434 550 συὶ

1797 600 1843 652 Α
1871 594 2121 648 constitui
2149 596 2460 664 acquisitam
2483 609 2530 648 ι.
2574 598 2729 651 Prius
2763 597 2874 666 jam
2926 601 3093 654 dixit:
3127 603 3189 654 lit
3217 603 3270 656 in
3323 603 3437 676 lege

1871 692 1959 737 tua
2001 686 2254 739 miserere
2281 687 2404 750 mei,
2437 686 2537 741 hoc
2575 696 2674 746 est.
2732 689 2784 742 in
2837 690 3012 744 Veteri
3067 691 3432 749 Testamento.

1870 773 2018 828 Nun'e
2045 785 2224 828 autem
2251 787 2440 830 novam
2474 778 2641 847 legem
2670 777 2858 852 [cupit]
2887 781 2986 836 sibi
3009 784 3162 850 poni,
3189 785 3435 842 veniente

1865 859 2068 915 scilicet
2109 861 2331 916 Domino
2361 863 2574 918 Christo
2601 865 2651 918 in
2675 872 2859 930 carne,
2908 877 2965 922 ut
3009 868 3433 929 Christianorum

1864 948 1995 1002 fides
2019 949 2341 1005 firmaretur.
2372 952 2575 1022 .Iugiter
2616 970 2673 1008 se
2723 954 2886 1026 [eam]
2930 959 3066 1012 dixit
3108 962 3430 1030 exquirere;

1815 1046 1820 1052 '
1865 1037 1989 1092 illud
2014 1039 2154 1092 enim
2181 1041 2504 1108 exquiritur,
2537 1043 2676 1110 quod
2700 1045 2905 1112 magnis
2956 1047 3204 1114 precibus
3250 1058 3431 1118 postu-

1862 1131 2003 1186 latur
2031 1133 2411 1193 indesinenter.

1930 1223 2090 1278 Vitas.
2122 1224 2208 1278 Μ.
2229 1239 2298 1264 -‘—
2330 1224 2409 1278 Da
2447 1226 2573 1278 mihi
2610 1227 2922 1282 intellectum
2954 1239 3002 1284 et
3039 1231 3312 1285 scrutabor
3352 1232 3427 1286 l‘e-

1858 1332 1968 1384 gcm
1996 1326 2140 1368 tuam
2181 1326 2229 1370 et
2255 1311 2540 1370 custodiam
2577 1316 2721 1370 illam
2752 1320 2804 1372 in
2833 1324 2937 1373 toto
2969 1320 3122 1374 corde
3160 1337 3293 1375 meo.
3325 1322 3426 1378 Ec-

1859 1406 2016 1459 clesia
2049 1409 2200 1476 rogat
2228 1415 2287 1459 ut
2331 1405 2591 1477 intelligat
2619 1408 2995 1464 discretionem
3043 1408 3181 1465 inter
3225 1412 3425 1466 bunum

1857 1506 1910 1551 ct
1932 1497 2150 1558 malum,
2183 1499 2322 1551 inter
2340 1499 2505 1552 vitam
2543 1507 2597 1550 et
2639 1503 2889 1563 mortem,
2923 1500 3063 1554 inter
3098 1499 3332 1556 litteram
3371 1510 3429 1555 et

1857 1603 2090 1641 sensum.
2121 1585 2192 1641 Ut
2219 1587 2528 1657 intelligam,
2575 1596 2629 1641 et
2665 1589 2974 1655 praedicem,
3019 1599 3073 1644 et
3109 1605 3271 1659 Opere
3323 1590 3426 1644 im-

1854 1675 2048 1745 pleam,
2072 1685 2128 1730 et
2159 1676 2453 1730 custodiam
2475 1676 2618 1730 illam
2642 1677 2694 1730 in
2727 1684 2839 1729 toto
2858 1677 3020 1731 corde
3051 1693 3188 1733 meo.
3217 1678 3267 1731 id
3317 1688 3423 1739 est,

1853 1782 1918 1821 ex
1940 1776 2049 1820 tota
2070 1766 2373 1820 dilectione.
2399 1765 2568 1831 Quam
2591 1767 2813 1835 pulchro
2859 1767 3048 1821 ordine
3074 1768 3249 1821 dixit?
3269 1767 3425 1821 Prius

1855 1858 2005 1925 petit,
2031 1865 2087 1909 ut
2111 1856 2194 1910 lex
2224 1856 2271 1909 ei
2297 1864 2608 1925 poneretur,
2629 1856 2732 1910 hoc
2751 1865 2856 1917 est,
2883 1855 3084 1909 Novum
3110 1856 3425 1910 Testamen-

170 1939 290 1994 qua:
307 1925 426 1980 vias
443 1940 590 1989 suas,
619 1927 671 1980 id
698 1935 783 1980 est
817 1937 1059 1996 peccata,
1087 1929 1396 1998 prodiderat
1419 1947 1430 1980 :
1474 1929 1600 1996 quia
1649 1929 1747 1982 nisi

1797 1922 1824 1976 Β
1854 1955 1997 2007 tum;
2037 1945 2254 2008 deinde,
2281 1954 2340 1998 ut
2365 1945 2498 2014 legis
2528 1945 2692 2013 ipsius
2723 1945 3067 1998 intentionem
3097 1948 3423 2014 cognoscere.

170 2012 292 2068 illas
319 2015 666 2077 damnemus,
697 2017 763 2068 ad
785 2015 942 2069 istam
972 2018 1255 2084 pervenire
1302 2032 1407 2070 non
1443 2031 1745 2085 possumus.

165 2102 377 2157 lnstrue
402 2117 490 2157 me
519 2101 584 2156 ad
614 2101 961 2166 intellectum,
987 2103 1037 2156 id
1059 2112 1140 2156 est
1168 2105 1521 2172 pertinentem
1545 2105 1607 2156 al
1633 2104 1751 2157 bea-

167 2199 279 2244 tam
315 2191 516 2245 vitam:
544 2199 600 2245 et
623 2190 915 2246 exercebor
937 2193 988 2245 in
1021 2191 1358 2246 mirabilibus
1390 2194 1494 2246 tuis
1521 2209 1534 2256 ;
1566 2193 1749 2262 utique

165 2296 328 2336 sensu
363 2289 418 2336 et
442 2282 750 2352 prudentia,
798 2291 855 2335 ut
891 2284 1056 2337 Vetus
1084 2283 1486 2338 Testamentum
1536 2284 1602 2337 ad
1642 2284 1748 2351 spi-

163 2369 378 2425 ritalem
427 2372 609 2425 trahat
661 2371 1013 2426 intellectum.
1069 2373 1329 2426 Mirabilia
1373 2384 1529 2428 vocat
1579 2375 1744 2442 ipsas,

162 2473 303 2528 quin
332 2460 581 2529 superius
607 2469 794 2523 vocat,
816 2460 1247 2530 justiﬁeationes.

235 2549 397 2605 Vsus.
431 2550 522 2606 28.
564 2581 635 2590 —
663 2544 988 2605 'Dormitavit
1039 2554 1218 2606 anima
1267 2569 1380 2606 mea
1412 2569 1520 2622 pra:
1553 2554 1742 2606 twdio:

160 2639 420 2708 conﬁrma
447 2657 529 2694 me
558 2641 612 2694 in
638 2641 802 2694 verbis
831 2643 955 2694 tuis.
983 2641 1041 2696 in
1064 2641 1221 2708 hujus
1265 2642 1556 2697 habitaculi
1603 2658 1744 2697 mor-

103 2784 110 2791 ,
162 2727 286 2782 talis
305 2730 540 2785 statione
560 2744 671 2798 pra:
694 2728 849 2782 taadio
887 2729 1270 2784 imbecillitatis
1307 2744 1578 2799 corporeae
1617 2746 1744 2785 con-

161 2815 315 2873 ﬁrma
336 2831 424 2872 me
449 2817 502 2871 in
529 2817 709 2872 verbis
736 2817 839 2870 tuis
856 2858 869 2882 ,
895 2827 954 2871 ut
981 2818 1160 2873 ablato
1188 2820 1392 2888 peccati
1431 2834 1618 2873 somno
1664 2821 1744 2872 in-

157 2917 368 2964 Stanter
399 2911 451 2964 iu
491 2909 576 2965 his
601 2908 837 2980 vigilem.

233 2999 398 3055 Vens.
429 3001 520 3056 29.
545 3032 617 3042 -—
646 2999 795 3055 Viam
818 3003 1107 3072 iniquitatis
1127 3018 1304 3056 amove
1330 3019 1362 3055 a
1385 3017 1464 3055 me
1486 3010 1532 3055 ct
1554 3002 1607 3056 in
1634 3001 1742 3071 lege

157 3100 252 3144 tua
279 3094 526 3146 miserere
562 3095 682 3150 mei.
713 3094 792 3147 Ad
824 3094 970 3147 illam
1005 3093 1512 3163 contemplationem
1544 3095 1742 3148 verita-

159 3181 229 3234 tis
261 3190 482 3235 evectus
516 3183 670 3250 petit,
705 3183 848 3250 quod
890 3183 941 3236 in
989 3184 1094 3237 isto
1132 3183 1327 3236 smeulo
1378 3185 1737 3237 necessarium

158 3270 279 3335 fuit,
310 3280 371 3325 ut
397 3272 484 3326 via
504 3273 824 3343 iniquitatis,
848 3275 949 3329 hoc
995 3283 1076 3328 est
1112 3273 1308 3328 diaboli
1345 3272 1471 3344 [Μδ.
1495 3315 1508 3337 ,
1555 3276 1738 3329 diabo-
1765 3257 1808 3316 (ἶ

156 3358 261 3433 lus]
290 3359 360 3415 ab
396 3362 514 3432 ejus
537 3361 966 3419 infestationibus
1010 3364 1308 3419 tolleretur.
1340 3365 1403 3418 Et
1429 3366 1480 3418 in
1515 3365 1629 3433 lege
1653 3376 1740 3419 tua

156 3451 418 3506 miserere
454 3452 596 3516 mei;
636 3453 776 3522 apud
817 3461 866 3506 te
897 3454 1042 3507 enim
1089 3452 1174 3507 lex
1199 3454 1310 3508 haec
1342 3455 1583 3507 instituta
1637 3465 1740 3516 est,

155 3550 212 3593 ut
251 3555 472 3611 semper
527 3542 856 3597 miserearis.

224 3630 392 3685 Vsus.
420 3630 508 3704 ὄρ.
535 3657 609 3673 --
641 3629 787 3686 Viam
815 3635 1043 3687 veritatis
1067 3633 1220 3704 elegi,
1253 3634 1461 3704 judicia
1507 3643 1597 3686 tua
1637 3638 1739 3686 non

153 3728 271 3776 sum
295 3721 508 3776 oblitus.
536 3723 690 3779 Viam
713 3725 956 3778 veritatis
997 3723 1154 3793 elegi,
1183 3725 1272 3778 ubi
1310 3737 1582 3800 currerem
1608 3739 1622 3784 ;
1652 3723 1739 3790 ju-

155 3814 296 3869 dicia
327 3823 419 3866 tua
442 3829 548 3868 non
573 3827 690 3867 sum
715 3815 931 3875 oblitus,
965 3822 1023 3866 ut
1055 3827 1348 3867 currerem.
1399 3811 1550 3864 Viam
1593 3812 1736 3864 veri-

155 3904 283 3956 tatis
309 3901 445 3973 elegi
474 3901 747 3956 Christum
769 3902 958 3957 Filium
981 3903 1094 3966 Dei,
1118 3917 1275 3971 quem
1298 3902 1594 3971 praavidens
1613 3916 1739 3954 ven-

156 4002 338 4045 turum
368 3991 422 4045 in
449 3991 706 4045 mundum
734 3992 1175 4046 audiodieentem
1200 4009 1212 4042 :
1250 3989 1359 4060 Ego
1381 4007 1495 4044 sum
1523 3992 1627 4054 ria,
1660 4007 1739 4044 re-

154 4086 284 4136 ritas
313 4093 363 4136 et
394 4085 517 4137 vita.
542 4081 750 4140 Iudicia
782 4094 872 4138 tua
895 4099 998 4139 non
1029 4098 1148 4137 sum
1173 4082 1410 4145 oblitus;
1468 4082 1555 4136 illa
1591 4083 1733 4152 judi-

151 4178 238 4230 cia
269 4190 390 4244 niue
416 4175 468 4230 in
495 4175 802 4246 Evangeliis
843 4173 1124 4245 proferens
1170 4174 1280 4227 ait:
1324 4172 1434 4226 Hoc
1476 4183 1558 4227 est
1597 4172 1736 4240 judi-

151 4267 320 4329 cium,
352 4275 408 4318 ut
447 4266 614 4320 omnis
653 4267 740 4336 qui
771 4266 931 4319 Credit
959 4267 1014 4318 in
1045 4263 1242 4318 Filium
1283 4265 1530 4327 hominis,
1552 4263 1735 4315 habent

153 4357 312 4408 vitam
338 4365 607 4416 cateruam.

221 4445 389 4499 Vens.
412 4445 501 4499 51.
525 4476 596 4485 -
617 4446 826 4500 .idlttrsi
851 4447 1154 4500 testimoniis
1178 4445 1280 4497 tuis
1299 4485 1311 4505 ,
1341 4443 1578 4504 Domine,
1629 4440 1735 4493 noli

153 4552 234 4588 me
285 4530 622 4604 confundere.
678 4535 744 4589 Et
780 4535 907 4604 quia
956 4535 1041 4589 his
1078 4534 1358 4588 adhaerens
1405 4531 1730 4585 anteriorum

1849 2036 2161 2100 meruisset,
2244 2040 2506 2104 quatenus
2561 2049 2680 2088 eam
2729 2042 2842 2090 tota
2892 2035 3193 2104 integritate
3247 2038 3426 2092 cordis

1849 2107 2107 2177 servaret.
3307 2175 3312 2178 .

1918 2213 2077 2267 Vsus.
2103 2211 2190 2267 55.
2213 2227 2284 2252 ‘—-
2314 2209 2494 2265 Deduc'
2519 2225 2598 2266 me
2620 2213 2673 2263 in
2700 2215 2882 2266 semita
2913 2207 3279 2266 mandatorum
3307 2219 3424 2268 tuo-

1848 2319 1983 2366 rum,
2009 2303 2131 2373 quia
2161 2304 2324 2372 ipsum
2353 2302 2506 2356 volui.
2538 2301 2737 2355 Semita
2775 2301 2949 2354 minor
2969 2309 3051 2354 est
3100 2316 3260 2370 quam
3308 2302 3415 2364 via,

1845 2396 1946 2447 hoe
1969 2402 2050 2448 est
2080 2402 2229 2448 arcta
2255 2401 2308 2447 et
2344 2400 2564 2462 angusta
2592 2393 2694 2453 via,
2747 2391 2850 2445 hoc
2900 2399 2981 2445 est
3036 2390 3223 2444 altiora
3265 2406 3418 2444 man-

1843 2484 1984 2544 data,
2016 2498 2132 2551 qu:e
2154 2484 2351 2536 ducunt
2380 2483 2444 2536 ad
2470 2483 2651 2534 vitam.
2687 2480 2933 2534 Mandata
2973 2479 3072 2533 ista
3116 2478 3245 2532 Novi
3285 2478 3415 2533 Tes-

1843 2574 2062 2626 tamenti
2098 2571 2353 2626 debemus
2399 2571 2661 2639 accipere,
2690 2569 2778 2622 ubi
2828 2584 2886 2622 se
2929 2568 3146 2638 perduci
3193 2572 3413 2638 magno-

1840 2681 1969 2736 pere
1997 2664 2332 2734 precabatur.
2381 2661 2555 2730 ipsam
2604 2659 2764 2721 volui;
2802 2659 2902 2713 hoc
2948 2666 3029 2712 est
3054 2658 3185 2712 Novi
3235 2658 3420 2714 Testa-

1843 2756 2006 2808 menti
2049 2755 2275 2824 gratiam
2305 2752 2561 2814 divinam,
2593 2766 2689 2819 per
2731 2764 2896 2819 quam
2944 2762 3001 2803 se
3048 2747 3113 2802 ad
3160 2747 3416 2804 cdélorutn

1843 2858 2004 2916 regna
2029 2847 2254 2899 hoverat
2302 2844 2602 2913 pervenire.

1909 2957 2067 3030 365
2084 2947 2242 3011 Vsus.
2259 2951 2626 3032 36.-—Inclina
2644 2967 2733 3003 cor
2749 2965 2918 3002 meum
2930 2949 2983 3001 in
2999 2947 3290 3000 testimonia
3303 2955 3414 3010 tua,

1841 3061 1888 3105 et
1911 3067 2013 3104 non
2036 3051 2091 3102 in
2114 3042 2552 3107 araruiam,dicit
2570 3039 2830 3100 Ecclesia,
2848 3037 2899 3090 id
2921 3036 3068 3090 estin
3090 3032 3414 3098 humilitate,

1841 3152 1896 3196 ut
1924 3138 2048 3194 illud
2070 3155 2086 3167 ν
2120 3137 2313 3190 Discite
2338 3151 2368 3186 a
2404 3149 2483 3186 me
2505 3131 2626 3199 quia
2649 3129 2786 3182 mitis
2807 3143 2921 3180 sum
2948 3134 2994 3178 et
3023 3124 3235 3177 humilis
3257 3122 3412 3176 corde

1841 3218 2055 3299 (Matth.
2080 3245 2152 3289 xi,
2179 3226 2290 3294 ‘29).
2334 3209 2678 3277 ’l‘estinloniis
2720 3218 2914 3287 quippe
2952 3215 3064 3270 suis
3097 3214 3206 3282 agit
3233 3211 3416 3266 nobis--

1846 3335 1966 3374 eum
2016 3319 2173 3378 Deus,
2224 3323 2281 3368 ut
2322 3329 2444 3366 eum
2479 3311 2648 3382 gratis
2688 3309 2946 3366 colamus.
3005 3304 3145 3374 quod
3195 3300 3417 3371 impedit

1846 3408 2092 3470 avaritia,
2140 3405 2291 3460 radix
2329 3401 2566 3455 omnium
2600 3398 2885 3452 malorum.
2916 3396 3055 3465 Ergo
3081 3404 3186 3448 non
3211 3390 3410 3446 habea-

1845 3505 1964 3554 mus
2008 3490 2318 3552 inclinatum
2358 3505 2451 3546 cor
2471 3491 2524 3544 in
2553 3487 2835 3542 avaritiam
2866 3502 2878 3537 :
2907 3497 3012 3538 non
3042 3482 3283 3537 colamus
3308 3478 3413 3535 Do-

1843 3590 2069 3650 minum,
2113 3584 2216 3639 nisi
2263 3591 2482 3653 propter
2531 3568 2836 3640 Dominum,
2872 3575 2933 3629 ut
2975 3572 3058 3628 sui
3093 3570 3268 3626 Cultus
3300 3570 3414 3639 ipse

1841 3673 1914 3730 sit
1942 3689 2168 3728 merces.
2372 3688 2424 3710 δ
2637 3668 2652 3688 ³

1910 3766 2070 3820 Vsus.
2100 3761 2187 3817 57.
2214 3791 2282 3799 ——
2309 3761 2488 3814 .‘iverte
2518 3757 2692 3810 oculos
2743 3758 2902 3818 meos,
2941 3770 3004 3807 ne
3028 3739 3232 3806 videant
3262 3751 3408 3804 vani-

1840 3867 2019 3919 talem,
2047 3856 2100 3906 in
2129 3853 2210 3906 via
2238 3861 2327 3904 tua
2360 3846 2559 3916 riviﬁca
2591 3863 2688 3900 me.
2719 3845 2914 3898 Averte
2941 3840 3124 3896 oculos
3158 3853 3327 3900 meos,
3359 3838 3410 3891 id

1839 3958 1921 4004 est
1965 3962 2154 4002 sensus
2196 3959 2365 4007 meos,
2419 3957 2485 3996 ne
2533 3941 2748 3994 videant
2791 3937 3102 3995 vanitatem,
3133 3930 3186 3984 id
3214 3937 3298 3984 est
3318 3929 3411 3982 de-

1840 4042 2144 4097 lectionem.
2181 4037 2258 4093 Ac
2294 4033 2338 4091 si
2374 4036 2536 4090 dicat.
2586 4033 2638 4086 in
2683 4031 2787 4084 ista
2834 4026 3086 4085 vanitate,
3140 4021 3281 4091 Quod
3325 4028 3411 4073 est

1839 4129 2085 4192 defectio,
2122 4145 2229 4184 non
2270 4125 2496 4181 habeam
2543 4121 2726 4177 oculos
2775 4133 2943 4180 meos,
2996 4111 3047 4194 id
3093 4121 3175 4168 cst
3219 4123 3410 4164 sensus
3451 4159 3457 4163 _

1840 4236 2007 4283 meos,
2029 4211 2252 4280 deﬁxos,
2275 4215 2386 4276 sed,
2419 4212 2609 4282 inquit,
2636 4211 2688 4263 in
2715 4210 2798 4261 via
2822 4215 2914 4260 tua
2939 4201 3149 4264 viviiica
3177 4212 3282 4262 me,
3306 4199 3410 4252 hoc

1837 4306 1919 4366 est
1948 4313 1999 4365 in
2031 4309 2314 4376 temetipso
2335 4300 2504 4375 [Edit.
2539 4294 2904 4367 temetipsum]
2931 4290 3015 4348 vel
3049 4293 3100 4346 in
3133 4292 3237 4344 tuis
3259 4291 3408 4342 mar.-

1837 4403 1975 4458 datis
2003 4398 2212 4453 viviiica
2236 4409 2320 4449 me
2351 4395 2404 4446 iu
2431 4391 2633 4445 anima.
2729 4412 2736 4420 τ

1907 4513 2068 4567 Vsus.
2084 4505 2432 4565 δερ-δίαινε
2451 4517 2593 4556 servo
2613 4509 2702 4573 tuo
2723 4481 2982 4566 eloquium
2996 4503 3141 4546 tuum
3155 4478 3208 4545 in
3221 4493 3406 4544 timore

154 4583 226 4588 η--
678 4583 744 4589 -,
784 4583 907 4604 1___
958 4583 1038 4589 _--_
1442 4583 1467 4584 η
1510 4583 1519 4584 η
1588 4583 1594 4585 ,

153 4625 456 4681 facinorum
485 4623 866 4694 indulgentiam
891 4623 1096 4686 merui,
1127 4637 1308 4692 quaeso
1335 4636 1401 4674 nc
1441 4634 1524 4674 me
1561 4619 1733 4690 patia-
1761 4609 1776 4668 Ι

1797 4616 1808 4662 l
1835 4614 1944 4658 tuo.
1967 4598 2168 4654 Stabile
2193 4596 2254 4651 fit
2275 4594 2544 4664 eloquium
2565 4587 2776 4645 Domini
2797 4587 2849 4641 in
2875 4583 3034 4639 corde
3055 4589 3260 4646 nostro,
3282 4596 3405 4635 cum

2039 4691 2050 4694 λ
2155 4689 2167 4694 -
2280 4687 2292 4694 ·
2337 4685 2350 4694 -
2410 4692 2417 4694 -
2549 4682 2559 4694 -
2675 4680 2686 4691 ο
2783 4685 2823 4694 -Α
2851 4672 3091 4694 --η-ηιμ..
3137 4685 3253 4694 λη...
3280 4683 3374 4694 ,μη

154 4717 231 4770 ris
255 4715 322 4770 de
345 4722 399 4770 te
429 4716 635 4771 ratione
656 4714 858 4785 peccati
897 4712 1168 4767 confundi.

226 4807 390 4861 Vsus.
429 4806 517 4861 32.
549 4836 618 4845 —
657 4804 807 4858 Viam
857 4803 1222 4870 mandatorum
1253 4811 1461 4854 tuor-um
1499 4801 1728 4864 cucurri,

152 4914 272 4951 cunt
293 4897 530 4950 dilatasti
553 4913 642 4950 cor
675 4913 866 4950 meum.
895 4893 1085 4951 Gordis
1112 4895 1349 4950 dilatatio
1387 4893 1630 4948 veritatis
1651 4900 1733 4946 est

152 4988 392 5052 dilectio,
415 4986 558 5058 quod
584 4986 676 5040 Dei
705 4985 937 5040 munere
953 4985 1030 5048 iit,
1050 4995 1107 5038 ut
1129 4985 1176 5040 ei
1203 5000 1306 5039 non
1329 4986 1518 5037 timore
1538 4996 1728 5051 paen-.e,

149 5081 248 5136 ‘sed
265 5093 451 5136 amore
466 5077 687 5147 justitim
728 5077 1012 5138 serviatur,
1035 5089 1155 5128 cum
1171 5074 1407 5128 charitas
1433 5072 1524 5125 Dei
1543 5071 1734 5125 dill'un-

154 5171 374 5227 dituriu
398 5171 648 5226 cordibus
670 5168 868 5223 nostris
893 5181 988 5238 per
1028 5164 1286 5235 Spiritum
1323 5171 1596 5223 sanetum,
1639 5162 1728 5230 qui

151 5268 316 5320 'datus
341 5273 429 5318 est
454 5262 628 5318 nobis.
653 5262 776 5317 Ideo
797 5277 925 5332 ergo
957 5258 1081 5332 [iste
1117 5257 1311 5327 (Edit.,
1352 5253 1564 5325 istam)]
1591 5256 1728 5307 viam

150 5335 534 5412 illaudaton
575 5352 669 5406 Dei
715 5352 974 5416 cucurrit,
1017 5350 1280 5420 quia‘cor
1319 5346 1436 5416 ejus
1479 5344 1730 5398 Dominus

153 5434 420 5504 dilatavit.

221 5545 390 5600 Vsus.
416 5541 509 5598 35.
532 5569 606 5580 —
628 5537 810 5608 Legem
836 5556 966 5610 pone
993 5537 1138 5608 mihi,
1165 5533 1406 5594 Domine,
1446 5530 1581 5582 riam
1612 5527 1730 5594 jus-

153 5612 499 5709 liﬁcationum
524 5642 756 5694 tuarum,
781 5632 1106 5701 cterquiram
1129 5643 1243 5680 eam
1269 5637 1482 5691 semper.
1515 5619 1610 5672 Hic
1636 5619 1732 5672 ite-

156 5729 270 5789 tum
295 5731 450 5804 plebs
489 5721 729 5797 procedit
772 5721 946 5783 beata,
980 5723 1033 5775 in
1082 5733 1186 5790 qua
1222 5715 1320 5772 sibi
1373 5713 1543 5781 legem
1599 5710 1732 5780 petit

1837 4695 1895 4748 ﬁt
1915 4691 2056 4764 quod
2072 4689 2258 4745 eodem
2273 4685 2492 4756 iubetur
2514 4680 2753 4750 eloquio;
2774 4685 2829 4730 et
2847 4672 3110 4764 avellitur,
3134 4683 3406 4764 cum-con-

1836 4761 2061 4842 trarium
2088 4795 2222 4850 opus
2253 4779 2446 4846 agitur.
2474 4774 2618 4828 Petit
2645 4783 2773 4839 ergo
2806 4780 2994 4822 servus
3025 4763 3138 4825 Dei,
3175 4770 3234 4816 ut
3258 4761 3311 4816 in
3340 4777 3405 4850 eo

1833 4848 2182 4932 conﬁrmetur
2221 4865 2522 4939 obedientia
2551 4873 2922 4933 perseverans,
2948 4871 3055 4927 qua
3085 4852 3235 4927 [Msa
3259 4848 3400 4939 qum]

1828 4965 1893 5019 de
1941 4969 2085 5016 statu
2131 4973 2229 5014 suo
2283 4955 2426 5010 nullo
2473 4951 2625 5008 malae
2682 4946 2908 5003 actionis
2968 4948 3247 4999 moveatur
3303 4938 3404 4992 im-

1831 5053 1982 5123 pulsu
2011 5070 2023 5104 :
2048 5050 2199 5118 Quod
2220 5061 2317 5118 per
2340 5045 2588 5115 spiritum
2611 5050 2666 5096 et
2689 5040 2939 5094 timorem
2960 5033 3017 5087 ﬁt
3039 5038 3266 5090 castum,
3291 5041 3399 5128 quo

1831 5153 2052 5202 cavetur
2091 5157 2156 5198 ne
2200 5138 2502 5196 oii'endatur
2545 5132 2812 5194 charitas,
2856 5141 2958 5181 non
2992 5136 3100 5192 quo
3144 5125 3402 5173 metuitur

1834 5234 1984 5307 [.ils.,
2012 5230 2301 5304 metuatur]
2326 5244 2393 5284 ne
2417 5228 2700 5281 damnetur
2727 5219 2992 5289 impietas.

1903 5346 2062 5400 Vsus.
2087 5343 2175 5399 39.
2198 5368 2264 5381 —-—
2285 5338 2507 5406 Amputa
2527 5329 2858 5402 opprobrium
2877 5340 3046 5379 meum
3065 5318 3204 5393 quod
3225 5317 3398 5386 suspi-

1833 5447 1979 5490 catus
2009 5450 2145 5496 sum,
2171 5431 2294 5501 quia
2303 5425 2510 5498 judicia
2531 5433 2620 5476 tua
2641 5417 2900 5493 jucunda.
2923 5416 2980 5471 in
3008 5407 3275 5501 sententia
3294 5406 3400 5478 ista

1833 5527 2123 5582 maximum
2147 5498 2355 5592 [vitium
2371 5514 2560 5587 (Edit.,
2579 5505 2926 5580 esemplum)]
2941 5498 3292 5592 humanitatis
3305 5511 3400 5552 es-

1834 5617 2063 5688 ponitur.
2081 5591 2226 5665 nam
2240 5607 2383 5662 enim
2404 5607 2456 5661 in
2470 5602 2809 5674 opprobrium
2833 5594 3027 5688 cadunt
3055 5591 3214 5646 aliter
3237 5599 3400 5688 quam

1836 5682 2031 5762 habeat
2065 5699 2266 5754 veritas
2299 5692 2621 5766 suspicando
2646 5707 2658 5741 :
2686 5701 2847 5757 quam
2879 5682 3091 5750 culpam
3116 5686 3316 5749 rogata
3342 5688 3403 5744 se

225 5886 246 5912 α
275 5867 448 5926 tiodd.
495 5876 661 5918 mss.:
699 5876 714 5906 ι
751 5856 828 5910 Ad
877 5854 1116 5924 quintam
1157 5851 1386 5906 litteram
1427 5843 1570 5914 plebs
1602 5841 1836 5921 .protulit
1867 5839 2039 5898 beata,
2073 5832 2123 5887 in
2157 5848 2261 5902 qua
2294 5826 2392 5882 sibi
2421 5825 2590 5892 legem
2631 5818 2761 5888 petit
2788 5813 3059 5872 constitui;
3095 5833 3112 5865 ι
