4338 6418
774 503 874 557 0ῢῦ
907 537 927 554 ο

773 614 1060 683 amputari.
1088 611 1331 681 Suspicio
1354 610 1493 665 enim
1519 610 1818 679 smpissime
1840 609 2096 676 probatur
2118 593 2342 666 incerta,
2374 619 2415 670 Α

775 719 893 773 qua}
919 706 1035 757 viro
1055 717 1161 756 non
1189 700 1438 755 convenit
1456 699 1782 754 Christiano.
1811 697 1937 752 llaec
1955 712 2084 767 ergo
2109 696 2341 766 suspicio

773 796 917 848 ducit
945 794 1008 846 ad
1032 791 1398 862 opprobrium,
1428 789 1570 858 quod
1597 803 1664 842 es
1697 797 1919 858 peccato
1947 789 2204 843 nascitur.
2238 785 2346 840 Me-

777 890 878 941 rito
924 885 1022 938 sibi
1062 882 1354 952 jucundum
1402 879 1609 934 Domini
1641 863 1848 934 dicebat
1885 893 2005 934 esse
2047 878 2341 939 decretum,

773 992 868 1047 per
893 976 1034 1044 quml
1071 992 1128 1028 se
1174 982 1228 1027 et
1267 971 1503 1042 requiem
1534 970 1800 1039 reperisse
1839 977 2084 1033 noverat,
2113 977 2167 1022 ct
2193 982 2350 1045 coro:

776 1085 899 1122 nam
926 1075 1257 1136 perpetuam.

850 1159 1005 1209 Vttns.
1040 1156 1126 1208 ιιι).
1158 1184 1224 1194 -ο-
1251 1153 1384 1206 Ecce
1405 1151 1671 1219 conrupiri
1701 1149 1948 1202 mandata
1971 1159 2082 1210 tua,
2109 1150 2162 1200 in
2188 1149 2347 1216 atqui-

775 1257 877 1297 tate
926 1257 1014 1296 tua
1062 1244 1258 1308 viri/ica
1305 1258 1402 1293 mc.
1448 1240 1640 1293 Fecisti
1687 1254 1792 1297 tne,
1840 1239 2040 1306 inquit,
2097 1240 2344 1304 cupidum

776 1351 897 1389 man
924 1337 1149 1387 latorum
1198 1342 1438 1390 tuorum,
1489 1329 1573 1384 fac
1619 1339 1674 1382 et
1719 1328 2009 1383 efﬁcacem.
2050 1327 2256 1396 At'jllYa
2291 1339 2350 1380 ut

776 1423 968 1477 faciam
998 1424 1136 1492 qqu
1168 1421 1532 1482 commendas,
1571 1421 1710 1473 dona
1759 1420 1868 1486 ipse
1914 1418 2055 1487 quod
2103 1420 2343 1471 mandas.

733 1516 951 1569 -ὶζιιιιιιι
1004 1524 1106 1573 est,
1153 1513 1394 1571 Domine,
1444 1521 1546 1564 tum
1595 1510 1956 1564 miserationis
2002 1511 2232 1571 donum,
2291 1517 2348 1560 nt

775 1605 983 1670 eloquia
1014 1613 1196 1656 sancta
1231 1601 1594 1656 custodientes
1629 1600 1679 1652 in
1712 1609 1798 1652 tua
1827 1601 2077 1668 aequitate
2108 1599 2344 1652 viviﬁce~

776 1712 916 1754 mur,
952 1698 1049 1749 hoc
1072 1703 1176 1754 est,
1203 1701 1260 1745 ut
1285 1700 1542 1760 :rquateu.
1579 1701 1630 1743 ‘e
1656 1691 1801 1744 Patri
1833 1699 1882 1744 et
1911 1689 2129 1759 Spiritui
2161 1699 2346 1746 saneto

777 1787 1040 1839 fateantur
1077 1785 1228 1856 [.lls.,
1260 1801 1379 1838 cum
1410 1785 1686 1852 :cqualem.
1713 1825 1726 1838 .
1748 1824 1763 1838 .
1791 1823 1804 1838 .
1827 1823 1840 1836 .
1859 1783 2091 1838 fatemur
2116 1783 2135 1847 i

851 1877 1011 1928 Vnus.
1047 1875 1134 1928 Η.
1165 1905 1234 1914 --
1261 1875 1322 1927 Et
1358 1876 1521 1927 veniat
1564 1892 1716 1942 super
1741 1891 1821 1927 me
1847 1875 2202 1926 misericordia
2231 1883 2344 1934 tua,

1616 501 1674 553 Β.
1718 498 1777 553 F.
1823 498 2043 552 ALBINI
2085 496 2211 550 Siti)
2257 492 2528 548 ALCUL“!
2567 491 2851 546 ορειιυιι
2889 490 3067 544 PARS
3089 488 3165 546 Ἠ.

3917 483 4026 540 608

2520 603 2680 657 Vsus.
2711 601 2799 656 ιο.
2824 631 2890 644 -
2913 601 2979 655 Et
3007 600 3254 671 loquebar
3280 601 3342 654 de
3368 597 3672 680 testimoniis
3693 596 3796 650 tuis
3819 597 3872 648 in
3898 610 4030 648 con-

2445 706 2618 763 spectu
2647 711 2841 764 regum,
2869 704 2917 748 et
2941 710 3043 747 non
3063 691 3437 760 confundebar.
3460 687 3805 758 chucbatur
3819 685 4026 764 [Edit.,

2445 763 2723 857 loquebar]
2747 786 2810 840 de
2835 785 3156 840 testimoniis
3181 783 3411 847 Domini,
3434 780 3687 851 quoniam
3711 777 3863 851 [Ms.,
3884 763 4032 848 quo-

2443 877 2623 948 modo]
2653 878 2915 945 petiverat
2939 884 2994 930 et
3020 882 3326 944 acceperat,
3365 882 3426 927 ut
3449 870 3796 940 responderet
3823 883 4030 939 expro-

2445 966 2723 1020 brantibus
2752 965 2852 1020 sibi
2882 967 3134 1027 verbum;
3167 977 3272 1032 qua
3305 961 3560 1016 firmitate
3585 958 3864 1014 roboratus
3892 964 4030 1012 ante

2446 1071 2598 1126 reges
2628 1057 2804 1109 szcculi
2835 1056 2964 1109 dicit
2995 1071 3052 1109 se
3094 1070 3197 1108 non
3227 1067 3346 1108 esse
3373 1049 3676 1114 confusum,
3700 1049 3794 1104 sed
3817 1048 4033 1102 verita-

2446 1156 2550 1200 tem
2583 1148 2860 1215 intrepidis
2890 1145 3224 1200 sermonibus
3254 1143 3557 1198 exercebat.

2519 1236 2676 1288 V'ttns.
2715 1234 2982 1290 bii—Et
3020 1235 3305 1287 meditabor
3342 1234 3396 1286 in
3433 1230 3696 1284 mandatis
3736 1230 3863 1292 luis,
3903 1243 4030 1299 qua

2445 1326 2626 1379 dilexi.
2659 1326 2755 1379 llic
2793 1326 3026 1379 estet-(iit
3066 1323 3416 1392 frequentatae
3459 1320 3819 1376 meditationis
3862 1321 4033 1374 ardo-

2449 1432 2582 1470 rem.
2635 1417 2874 1472 Meditari
2917 1419 3060 1472 enim
3110 1418 3364 1472 mandata
3412 1431 3519 1470 non
3549 1414 3766 1484 poterit,
3795 1413 3898 1468 nisi
3930 1414 4026 1483 qui

2446 1522 2508 1561 ea
2537 1509 2748 1562 assidua
2768 1503 3004 1562 lectione
3041 1507 3386 1576 percurrerit.
3429 1505 3559 1572 Qua:
3597 1504 3774 1564 dilexi,
3807 1504 4024 1571 inquit;

2446 1598 2717 1666 negligere
2757 1599 2899 1651 enim
2947 1612 3216 1666 nunquam
3263 1605 3440 1667 potest
3483 1597 3642 1650 homo
3674 1609 3792 1664 qua:
3827 1594 4025 1664 diligit.

2448 1687 2627 1750 Addit,
2644 1689 2814 1748 nimis,
2831 1703 2991 1756 supra
3011 1702 3173 1755 quam
3190 1685 3329 1739 nulla
3344 1693 3522 1756 potest
3538 1683 3749 1738 dilectio
3771 1682 4026 1751 reperiri.

2525 1779 2681 1831 Vsus.
2713 1777 2802 1832 48.
2829 1776 2988 1830 —Et
3025 1777 3199 1830 levabo
3246 1774 3390 1848 [Ms.,
3434 1771 3618 1844 levari]
3659 1789 3843 1826 manus
3879 1787 4028 1825 mea;

2447 1868 2516 1921 ad
2543 1870 2789 1920 mandata
2836 1878 2947 1927 tua,
2973 1882 3088 1936 quia
3122 1866 3300 1923 dilexi.
3343 1874 3389 1918 et
3427 1862 3699 1917 exercebar
3738 1859 4028 1930 injustiﬁ-

779 1965 1018 2029 Domum,
1051 1964 1280 2018 salutare
1310 1976 1453 2016 tuum
1483 1965 1762 2016 secundum
1791 1964 2047 2032 e'oquium
2072 1975 2237 2015 tuum.
2265 1964 2345 2016 Ad
2381 1956 2420 2014 Β
2452 1960 2739 2012 cutianibus
2770 1959 2894 2011 tuis.
2927 1953 3204 2026 Superiori
3253 1970 3414 2010 versu
3459 1954 3612 2013 dixit,
3655 1950 3950 2005 meditabor
3971 1950 4028 2004 in

779 2063 982 2107 sextam
1021 2054 1251 2107 litteram
1296 2055 1630 2106 conversatio
1659 2062 1841 2107 sazzcta
1869 2054 2132 2122 pervenit,
2167 2054 2217 2104 in
2244 2068 2348 2119 qua

779 2147 876 2197 sibi
931 2144 1158 2213 postulat
1214 2144 1502 2196 salutarem
1552 2142 1833 2194 Dominum
1876 2140 2070 2194 debere
2109 2155 2271 2193 conce
2312 2141 2348 2203 i,

734 2294 746 2302 _
779 2238 867 2304 qui
900 2246 982 2288 est
1012 2236 1373 2288 misericor.'ia
1423 2242 1782 2301 peccatorum,
1832 2239 1888 2286 et
1928 2231 2037 2284 vita
2086 2231 2347 2290 ﬁdelium,

780 2340 875 2392 per
914 2341 1070 2392 quem
1101 2324 1244 2378 salus
1274 2325 1518 2393 gentibus
1547 2324 1709 2376 venit.
1743 2321 2048 2376 Secundum
2080 2322 2352 2388 eloquium

778 2428 948 2481 tuum,
982 2418 1136 2478 (fixit,
1174 2417 1222 2468 id
1251 2426 1332 2471 est
1362 2414 1700 2486 [secundum]
1732 2414 2141 2482 promissionem
2171 2421 2315 2465 tuam
2335 2452 2349 2475 ,

783 2524 940 2577 quam
966 2523 1060 2577 per
1087 2508 1378 2576 prophetas
1407 2506 1721 2574 promisisti.

854 2599 1028 2652 Vnus.
1056 2597 1142 2650 Η..
1180 2627 1249 2636 -
1279 2597 1342 2649 Et
1385 2596 1697 2666 respondebo
1746 2595 2173 2656 rwrobrantibus
2227 2595 2353 2647 milli
2392 2632 2394 2635 -

781 2691 1005 2752 verbum,
1052 2690 1172 2757 quia
1223 2690 1419 2757 sperari
1451 2690 1501 2740 iu
1539 2688 1859 2740 sermonibus
1894 2687 2017 2738 tuis.
2052 2687 2175 2739 lltrc
2203 2685 2354 2738 nobis

782 2779 832 2831 in
859 2780 981 2832 iicat
1009 2778 1248 2831 absolute
1278 2778 1564 2836 sententia,
1616 2776 2041 2844 respondendum
2075 2789 2191 2828 esse
2231 2774 2357 2828 viri-

779 2867 902 2921 liter
955 2867 1391 2927 adversantibus,
1443 2881 1509 2920 ne
1563 2864 1707 2936 [sibi]
1760 2865 2165 2936 malignatztiutn
2215 2879 2354 2934 pra:-

783 2959 1014 3026 szunptio
1059 2958 1300 3025 superior
1349 2971 1470 3008 esse.
1511 2956 1775 3008 videatur.
1828 2955 2167 3022 Exprnhrant
2212 2952 2360 3006 enim

782 3053 1002 3103 verbum
1033 3048 1179 3120 [Μδη
1207 3049 1314 3101 ver‘
1339 3048 1394 3119 ο]
1425 3049 1510 3116 qui
1537 3048 1725 3102 Filium
1755 3048 1936 3100 dicunt
1960 3063 2076 3100 esse
2098 3048 2358 3100 minorem

782 3141 960 3196 Patre.
1006 3141 1138 3206 Quia
1169 3141 1398 3209 speravi,
1432 3148 1741 3194 constanter
1770 3140 1853 3193 bis
1887 3139 2238 3209 respondebo,
2268 3138 2356 3206 qui

781 3245 984 3284 vanam
1017 3231 1199 3283 dicunt
1235 3245 1383 3299 spem
1415 3245 1591 3283 meam
1623 3244 1785 3298 quam
1826 3228 1878 3282 in
1921 3235 1973 3281 te
2003 3227 2196 3289 habeo,
2233 3225 2360 3295 quia

783 3322 994 3376 illorum
1021 3335 1142 3390 spes
1173 3320 1348 3373 inanis
1375 3330 1475 3372 est.

856 3413 1017 3466 Vens.
1063 3410 1153 3463 45.
1179 3439 1248 3450 -—
1281 3408 1344 3461 lit
1386 3425 1448 3461 ne
1498 3408 1706 3478 auferas
1753 3407 1818 3461 de
1865 3424 1953 3462 ore
1993 3423 2106 3461 meo
2150 3405 2358 3460 uerbum

783 3502 1012 3556 raritatis
1049 3516 1430 3570 usquequaque,
1465 3515 1586 3569 qum
1629 3500 1680 3552 in
1707 3497 1929 3568 judieiis
1957 3498 2060 3571 tuis
2089 3511 2358 3565 superspe-

789 3596 918 3649 rari.
951 3593 1124 3663 Rogat
1165 3601 1224 3645 ιιι
1271 3591 1659 3646 confessionem
1711 3591 1954 3645 veritatis
1999 3591 2063 3643 (3e
2105 3589 2220 3660 ejus
2264 3603 2360 3642 ore

786 3687 944 3740 nulla:
973 3699 1161 3754 pii-nte,
1203 3683 1379 3736 tnzllas
1405 3691 1601 3744 terror,
1629 3679 2002 3750 extorqueant.
2033 3679 2164 3734 Cum
2201 3679 2356 3741 dicit,

788 3789 1166 3844 usquequaque,
1223 3773 1487 3842 signiticat
1536 3771 1757 3824 verbum
1784 3773 2028 3825 veritatis
2057 3770 2121 3821 ad
2151 3779 2360 3837 tempus

789 3866 1056 3934 aliquibus
1082 3862 1244 3916 fuisse
1271 3863 1571 3916 sublatum:
1598 3862 1665 3914 ιι
1687 3860 1845 3913 Petro
1866 3860 2106 3928 contigit,
2131 3859 2362 3928 quiante

787 3957 909 4027 galli
939 3966 1156 4009 cantum
1185 3964 1266 4009 ter
1316 3954 1592 4008 Dominum
1641 3955 1888 4024 negavit:
1916 3954 1980 4006 Et
2024 3953 2136 4023 ipse
2184 3963 2360 4006 tamen

788 4047 841 4102 ill
865 4049 913 4102 td
937 4055 1214 4115 peccatum
1246 4044 1458 4098 ﬂetibus
1486 4045 1695 4100 ut’.iC\il.
1727 4054 1782 4096 et
1805 4043 2079 4111 Sﬂtig"iitia
2107 4043 2364 4094 effusione

791 4154 916 4193 mun
942 4137 1086 4189 ’avit.
1122 4136 1257 4200 Quia
1283 4137 1335 4188 in
1359 4135 1574 4202 jwliciis
1610 4134 1710 4186 tuis
1747 4134 2120 4202 supcrspcrari.
2157 4131 2363 4186 iudicia

788 4227 930 4281 enim
959 4225 1166 4279 Domini
1201 4233 1379 4286 erant,
1408 4224 1546 4292 quoi
1591 4222 1758 4276 turba:
1798 4233 2094 4292 martyrum
2141 4223 2366 4276 diversis

789 4319 1118 4371 cruciatibus
1147 4317 1442 4386 agebant-tr
1465 4313 1616 4384 [Μδη
1641 4313 2062 4367 cruciationibus
2092 4314 2366 4382 augeban-

798 4407 908 4478 tur]
939 4409 1004 4460 ad
1035 4422 1197 4476 regna
1228 4406 1509 4460 cmlortmt.

863 4499 1024 4552 Vitas.
1053 4497 1141 4550 44.
1164 4527 1233 4537 —-
1265 4497 1328 4549 Et
1367 4495 1655 4549 custodiam
1700 4494 1862 4564 legem
1899 4503 2043 4548 tuam
2077 4510 2278 4564 semper
2306 4494 2358 4547 in

793 4589 1042 4643 sa'rulum
1078 4598 1124 4642 et
1164 4588 1217 4640 in
1256 4585 1503 4639 sa'culum
1548 4584 1748 4638 srrculi.
1798 4584 1901 4640 Iste
1943 4592 1998 4640 et
2043 4585 2130 4638 alii
2175 4599 2366 4638 versus

2449 2053 2710 2106 mandatis
2728 2053 2852 2114 tuis,
2877 2052 3016 2120 quod
3044 2051 3109 2104 ari
3132 2051 3382 2102 virtutem
3408 2047 3623 2118 respicit
3640 2044 4025 2114 inspectivam;

2449 2143 2605 2196 modo
2636 2152 2812 2195 autem
2843 2141 2997 2203 dixit,
3025 2139 3200 2194 levabo
3230 2155 3413 2191 mauu:
3440 2153 3602 2198 nicas,
3633 2135 3774 2203 quod
3805 2136 3871 2187 ad
3899 2148 4029 2203 par-

2450 2241 2558 2286 tem
2608 2232 2838 2301 pertitzct
2878 2228 3160 2284 actualem.
3192 2227 3396 2282 Levare
3431 2225 3575 2280 enim
3617 2237 3810 2278 manus
3839 2219 3889 2278 1·
3918 2235 4025 2275 non

2451 2321 2604 2388 quasi
2631 2335 2660 2371 a
2694 2319 3064 2372 recordatione
3089 2315 3368 2377 exciderit,
3395 2315 3647 2369 admonet
3675 2330 3688 2366 :
3716 2309 3792 2384 e']
3823 2309 4030 2382 signiti-

2453 2417 2542 2462 cat
2573 2407 2729 2462 bonis
2755 2406 3007 2476 operibus
3031 2405 3304 2474 occupari.
3331 2403 3435 2470 Qui
3462 2403 3514 2456 in
3543 2403 3699 2456 malis
3725 2399 4029 2455 actionibus

2452 2497 2741 2559 detinetur,
2784 2511 2890 2550 non
2932 2485 3076 2552 levat
3120 2509 3311 2548 manus
3349 2507 3496 2546 snas.
3540 2491 3608 2546 Et
3651 2489 3925 2546 exercebar
3973 2489 4028 2542 in

2441 2589 2912 2658 vjustiﬁcationibus
2963 2588 3087 2640 tuis.
3139 2586 3212 2640 lbi
3262 2603 3292 2638 ιι
3315 2583 3638 2644 editabatur,
3689 2582 3782 2639 ubi
3827 2580 4028 2635 mentis

2455 2676 2555 2730 fuit
2576 2677 2798 2731 intentio
2829 2674 3021 2748 [Edita
3065 2674 3162 2730 Ubi
3191 2673 3508 2736 meditabar,
3537 2671 3626 2726 ubi
3652 2670 3792 2724 enin
3828 2669 4030 2724 mentis

2455 2779 2538 2825 est
2564 2768 2841 2839 intentio];
2885 2768 2974 2823 bic
3015 2767 3388 2831 exercebatur,
3423 2764 3512 2820 ubi
3538 2761 3812 2834 qumrebat
3847 2759 4027 2830 aperis

2458 2858 2887 2929 frequentatione
2915 2858 3196 2928 prolicere.
3887 2879 3910 2892 ο

2529 2950 2691 3003 Vens.
2707 2949 2794 3002 49.
2813 2977 2880 2987 —-
2897 2946 3156 3000 Memento
3170 2951 3305 2999 verb.
3326 2943 3402 2996 .‘ui
3423 2958 3567 2997 serra
3587 2951 3695 3002 tuo,
3712 2939 3767 2994 in
3785 2955 3887 3007 quo
3902 2936 4027 2990 milii

2458 3056 2597 3110 spem
2623 3038 2831 3092 dedisti.
2864 3035 3144 3090 Memento.
3173 3034 3325 3101 Quod
3356 3032 3506 3106 [bls.,
3531 3029 3676 3102 cum]
3703 3029 3896 3084 dicitur
3919 3026 4029 3080 Deo

2461 3137 2734 3188 memento,
2773 3126 2980 3182 orantis
3005 3125 3349 3189 desiderium,
3377 3138 3484 3193 quo
3517 3121 3839 3194 promissum
3874 3131 4027 3172 acce-

2463 3219 2623 3273 lerari
2651 3219 2842 3290 poscit.
2873 3211 3202 3290 ostendittﬁ;
3243 3214 3371 3288 [non
3408 3215 3570 3276 Deus,
3611 3211 3765 3282 quasi
3795 3225 3825 3264 a
3849 3223 4029 3264 recor-

2384 3301 2429 3362 C
2461 3313 2495 3368 d
2533 3313 2674 3366 tione
2695 3309 2972 3370 exciderit,
2997 3299 3361 3376 adniouetur.]
3383 3303 3640 3358 Memento
3659 3315 3804 3370 ergo,
3831 3299 4023 3368 inquit,

2459 3400 2594 3454 verbi
2625 3399 2701 3450 tui
2727 3413 2873 3451 serto
2907 3407 3032 3450 tuo:
3057 3395 3171 3449 Hoc
3193 3401 3295 3456 est,
3320 3391 3482 3461 imple
3505 3389 3827 3461 promissum
3857 3396 4027 3446 tuum.

2458 3490 2512 3542 in
2545 3503 2647 3558 quo
2685 3487 2811 3540 mihi
2840 3500 2981 3556 spem
3019 3483 3231 3549 dedisti,
3262 3482 3364 3538 hac
3384 3489 3487 3545 est,
3515 3480 3568 3535 in
3595 3492 3703 3548 quo
3724 3475 3887 3532 verbo
3911 3488 4031 3545 spe-

2461 3597 2583 3636 rare
2610 3595 2694 3634 me
2724 3577 2923 3634 fecisti.

2531 3660 2691 3725 Vens.
2720 3669 2810 3723 50.
2838 3697 2904 3709 -—
2932 3666 3063 3721 Ha'c
3100 3682 3182 3719 me
3224 3662 3490 3718 consolata
3522 3670 3596 3715 est
3640 3659 3706 3713 in
3743 3653 4033 3710 humilitate

2461 3777 2598 3823 mea,
2626 3759 2747 3830 quia
2774 3757 3032 3827 eloquium
3057 3763 3203 3809 tuum
3245 3749 3514 3820 uiviﬁcarit
3553 3764 3652 3802 me.
3697 3742 4028 3802 Consolato-

2461 3869 2581 3908 nem
2613 3853 2748 3906 inter
2775 3860 3044 3904 :crumnas
3074 3843 3253 3900 saeculi
3291 3841 3438 3897 dedit
3462 3853 3587 3909 spes
3616 3835 3742 3908 [Με.
3775 3831 4029 3890 Consola-

2463 3952 2573 3995 tum
2603 3942 2743 3994 inter
2768 3951 3036 3992 azrumnas
3077 3932 3256 3988 steculi
3307 3946 3366 3986 se
3413 3929 3538 3986 dicit
3583 3923 3790 3997 spe...]
3841 3921 4031 3976 futura:

2461 4037 2603 4089 vita).
2633 4030 2697 4084 In
2723 4028 3036 4087 humilitate,
3073 4025 3199 4093 quia
3239 4031 3426 4075 sancta
3457 4019 3710 4090 probatur
3737 4013 4028 4069 humilitas,

2462 4124 2642 4180 omnia
2667 4121 2929 4175 sustinere
2951 4117 3236 4187 patienter.
3267 4110 3404 4177 Quia
3425 4108 3684 4177 eloquium
3704 4114 3850 4158 tuum
3872 4100 4032 4170 ririﬁ-

2464 4216 2594 4268 carit
2622 4228 2724 4265 mc.
2759 4209 2989 4264 Causam
3020 4205 3193 4260 reJdit
3215 4215 3384 4272 quare
3421 4197 3698 4255 humilitas
3724 4191 3840 4262 ejus
3877 4189 4033 4247 fuerit

2465 4301 2758 4362 consolata,
2792 4299 2916 4368 quia
2955 4311 3092 4368 spes
3125 4288 3510 4350 consolationis
3537 4282 3772 4341 viviﬁcat
3797 4296 3920 4337 eum
3945 4277 4026 4333 af-

2467 4391 2691 4445 flictum.

2538 4481 2699 4535 Vens.
2722 4477 2810 4532 5!.
2832 4505 2907 4518 -—-
2931 4473 3152 4544 Superbi
3188 4471 3363 4540 inique
3397 4466 3616 4538 agebant
3653 4475 4027 4533 usquequaque,

2468 4588 2501 4624 a
2535 4570 2643 4641 lege
2688 4578 2860 4621 aettem
2905 4575 2999 4620 tua
3023 4580 3124 4618 non
3146 4559 3420 4616 declinavi.
3457 4553 3678 4626 Superbi
3715 4553 3904 4623 inique.
3935 4548 4031 4604 Su-

794 4693 963 4748 usqne
989 4679 1054 4731 ad
1097 4678 1256 4730 linem
1297 4675 1490 4728 littera:
1529 4689 1632 4727 non
1674 4674 1872 4726 habent
1917 4673 2364 4741 deprecationem,
2401 4646 2415 4703 1

2401 4646 2446 4703 D
2470 4661 2662 4730 perbos
2688 4655 2908 4725 ἱιιιι·ξιῐκί
2939 4653 3046 4708 vult
3078 4659 3451 4722 persecutores
3479 4644 3780 4743 humilium,
3806 4641 3906 4748 ιιοῖ
3930 4642 4030 4748 est;

795 4783 822 4823 s
857 4770 888 4824 d
919 4766 1301 4822 narrationem.
1334 4763 1591 4833 Superius
1618 4763 1752 4832 petit
1775 4769 1835 4816 ut
1862 4762 2150 4832 acciperet,
2193 4761 2279 4816 hic
2306 4762 2371 4814 de

793 4858 1062 4929 perceptis
1106 4859 1308 4925 gratias
1356 4856 1485 4926 agit.
1533 4855 1748 4924 Semper
1793 4869 1953 4908 omne
1992 4863 2201 4924 tempus
2249 4853 2372 4907 vita:

796 4948 1078 5019 prmscntis
1105 4946 1341 5000 ostendit
1364 4964 1375 4998 :
1401 4946 1455 4998 in
1480 4947 1672 5000 siccqu
1696 4961 1824 5000 vero
1849 4943 2088 4999 futurum
2118 4945 2368 4998 Stccnlum

797 5046 1083 5097 monstrat.
1113 5036 1244 5111 [Lex
1277 5037 1469 5107 (Edit.,
1498 5037 1664 5108 limen
1691 5045 1886 5097 autem,
1922 5052 2083 5107 quam
2113 5045 2371 5106 perpetuo

798 5130 1068 5186 custodire
1102 5128 1391 5190 desiderat,
1444 5127 1680 5181 charitas
1730 5127 2036 5196 accipienda
2090 5136 2192 5190 est,
2245 5129 2370 5198 quia

801 5221 914 5289 ipsa
949 5229 1032 5274 est
1055 5220 1326 5289 plenitudo
1355 5219 1485 5288 legis
1511 5236 1522 5270 :
1547 5227 1600 5272 et
1626 5217 1962 5271 cessantibus
1989 5219 2200 5273 czcteris
2222 5233 2372 5272 man-

803 5309 945 5364 datis
972 5308 1080 5362 sola
1105 5317 1385 5377 permanet
1420 5309 1471 5364 in
1496 5315 1775 5363 aeternum.

872 5401 1034 5472 366
1056 5400 1214 5455 Vens.
1239 5398 1406 5454 45.-
1421 5399 1484 5452 Et
1507 5398 1836 5452 ambulabant
1857 5397 1911 5452 in
1933 5395 2225 5458 latitudine,
2251 5397 2373 5463 quia

809 5493 1058 5545 ntandata
1081 5499 1172 5546 tua
1200 5490 1470 5561 exquisivi.
1511 5488 1772 5544 Dilatatus
1803 5490 1944 5544 enim
1975 5502 2091 5542 sum
2118 5486 2170 5541 in
2198 5498 2374 5540 custo-

807 5581 891 5637 dia
917 5582 1048 5654 legis
1074 5593 1200 5645 tute,
1221 5582 1345 5652 quia
1376 5581 1628 5636 mandata
1659 5586 1746 5632 tua
1776 5577 2057 5648 exquisivi.
2089 5575 2378 5647 Diligenter

807 5686 868 5725 ea
899 5681 1246 5742 perscrutans
1275 5671 1341 5725 ad
1371 5671 1474 5725 hoc
1500 5668 1786 5740 exquisivi,
1813 5676 1873 5721 ut
1906 5667 2181 5722 crederem
2210 5673 2264 5722 ct
2300 5665 2378 5720 in—

811 5760 1120 5830 t-~lligerem.

2471 4727 2664 4820 impios
2685 4755 3060 4818 persecutores
3083 4744 3319 4814 piorum,
3341 4749 3396 4796 et
3424 4737 3544 4793 ideo
3569 4731 3797 4804 subjecit
3819 4748 3834 4783 :
3859 4729 3901 4784 Α
3926 4727 4029 4798 lege

2471 4847 2644 4890 autem
2669 4845 2761 4889 tua
2789 4850 2892 4887 non
2920 4831 3197 4908 declinavi,
3215 4829 3344 4900 quia
3364 4828 3468 4882 hoc
3491 4837 3616 4878 cum
3652 4820 3828 4876 facere
3850 4831 4027 4874 eorum

2469 4926 2774 4997 persecutio
2799 4923 3171 4994 compellebat.

2543 5015 2706 5069 Vens.
2735 5013 2822 5068 52.
2854 4991 3150 5066 —'Mcmor
3181 5009 3260 5081 fui
3293 4991 3618 5080 judicioruni
3651 5011 3856 5055 tuorum
3883 5012 3916 5050 a
3937 5011 4028 5050 τινα

2471 5106 2610 5172 culo,
2640 5106 2876 5169 Domine,
2915 5114 2964 5160 ct
3000 5103 3296 5160 consolatus
3323 5115 3459 5156 sunt.
3487 5096 3685 5151 Memor
3713 5089 3811 5153 fni,
3835 5103 3898 5144 ex
3927 5103 4027 5156 quo

2473 5213 2641 5268 genus
2667 5197 2958 5252 humanum
2985 5195 3211 5264 sumpsit
3240 5191 3540 5249 exordium.
3570 5185 3770 5240 Memor
3795 5179 3869 5236 fui
3891 5179 4029 5249 judio

2471 5289 2676 5342 ciorum
2703 5295 2915 5340 tuorum
2939 5302 2953 5338 :
2981 5284 3048 5338 Et.
3063 5284 3186 5353 quia
3209 5279 3428 5353 probavi
3448 5275 3590 5348 quod
3609 5287 3795 5331 omnes
3815 5272 3909 5326 vite
3931 5282 4027 5324 tua:

2474 5377 2845 5434 misericordia
2875 5384 2930 5431 et
2958 5375 3172 5436 veritas,
3203 5369 3620 5428 consolationem
3645 5364 3857 5436 accepi;
3883 5360 4026 5415 auxi-

2474 5468 2548 5522 lio
2586 5466 2774 5536 gratia:
2825 5473 2928 5520 tua:
2971 5465 3278 5521 consolatus
3324 5476 3463 5516 sum.
3511 5455 3748 5514 intellexi
3790 5466 3903 5524 per
3923 5451 4023 5522 spi-

2477 5558 2638 5612 ritum
2664 5564 2906 5610 sanetum
2929 5555 3069 5624 quod
3097 5562 3152 5609 ιιι
3183 5559 3441 5606 venturus
3471 5563 3590 5604 cras
3617 5546 3670 5599 in
3696 5555 3872 5597 carne.

2553 5648 2714 5702 Vsus.
2751 5647 2838 5702 55.
2865 5676 2935 5688 —-
2975 5643 3203 5714 Deiectio
3251 5643 3442 5696 auium
3484 5637 3634 5714 [δίδη
3667 5631 3850 5705 animi]
3877 5628 4021 5685 tenuit

2483 5753 2560 5790 me
2602 5754 2693 5806 pro
2745 5734 3096 5808 peccatoribus
3148 5730 3620 5803 derclinquentibus
3661 5724 3818 5794 legam
3874 5733 4016 5773 luant.

883 5889 902 5910 η
955 5876 1072 5938 \k.,
1117 5876 1540 5945 Sallshurgcnsis
1585 5875 1783 5928 omittit
1832 5862 1992 5926 verba
2041 5873 2194 5925 uncis
2231 5869 2503 5925 conclusa.
