4338 6418
819 479 922 533 607

1660 478 1718 531 Β,
1761 477 1821 531 1³.
1865 475 2085 530 Αωιλι
2124 476 2256 530 Slill
2298 471 2566 530 ALCL’LVI
2607 471 2885 532 OPERUM
2928 477 3104 530 PARS
3143 471 3201 530 li.

3954 449 4053 541 ea

819 603 944 644 cere
973 585 1165 659 [Edim
1213 586 1514 658 reducere],
1561 595 1768 640 tantum
1812 587 1911 639 istc
1939 586 2212 639 videretur
2241 593 2390 639 man-
2422 592 2464 644 Α
2495 601 2612 640 mur
2656 588 2820 640 vitam
2861 590 3151 652 aeternam;
3201 580 3287 643 illa
3333 591 3510 645 autem
3562 585 3834 651 titeditatio
3876 590 4058 654 beatus

820 679 961 732 dalis
989 678 1280 732 Dominicis
1306 677 1603 731 adhaerere.

892 769 1051 826 Vens.
1085 767 1175 826 70.
1195 798 1268 811 —
1290 766 1638 838 Coagulatum
1674 777 1750 822 est
1795 764 1930 820 sicut
1966 765 2048 820 lac
2079 771 2169 818 ‘cor
2191 781 2394 824 eorum,

819 871 912 926 ego
940 875 1057 912 vero
1084 857 1244 927 legem
1285 867 1430 910 tuam
1473 856 1754 910 meditatus
1793 871 1930 908 sum.
1962 853 2313 923 Coagulatum
2342 853 2394 905 in

820 953 961 1003 b'ono
985 949 1112 1002 etin
1141 947 1281 1002 maio
1303 948 1560 1016 ponitur;
1591 946 1681 999 hic
1708 951 1888 998 autem
1918 944 1971 998 in
1995 943 2134 996 mal’o
2159 943 2393 1012 ponitur,

820 1037 923 1092 b'oc
960 1044 1047 1090 est
1091 1031 1339 1104 superbia
1371 1033 1634 1088 malorum
1662 1051 1674 1085 :
1701 1033 1766 1087 de
1807 1044 1912 1100 qua
1960 1032 2209 1100 superius
2236 1030 2392 1095 dixit,

816 1132 938 1194 qua:
965 1133 1116 1179 more
1138 1124 1290 1178 lactis
1311 1123 1364 1177 in
1386 1123 1706 1178 crassiorem
1730 1120 2083 1176 substantiam
2105 1123 2396 1175 constricta

818 1222 941 1278 est;
979 1214 1072 1269 sed
1101 1214 1258 1268 istum
1289 1229 1394 1271 non
1435 1220 1724 1283 potuerunt
1747 1228 1776 1265 a
1801 1211 1935 1285 iege.
1957 1210 2166 1265 Domini
2212 1224 2396 1278 segre—

818 1318 966 1374 gare,
996 1304 1121 1374 quia
1143 1305 1257 1375 ipse
1272 1305 1356 1375 pia
1375 1305 1637 1374 sapientia
1659 1302 1812 1375 [Hs.,
1828 1300 2108 1372 patientia]
2126 1301 2400 1371 superavit

819 1407 935 1449 οοδ.
1793 1416 1796 1417 ⁷

893 1484 1054 1538 Vens.
1083 1479 1172 1537 7i.
1195 1510 1268 1521 —
1293 1482 1500 1538 Bonum
1535 1483 1663 1537 mihi
1698 1481 1839 1553 quod
1867 1472 2156 1535 hismiliasti
2198 1497 2300 1546 me,
2341 1481 2398 1534 ut

815 1573 1019 1627 discam
1053 1571 1459 1642 iustificationes
1485 1586 1625 1627 tuas.
1669 1572 1874 1626 Bonum
1920 1572 2072 1633 mihi,
2106 1571 2250 1640 quod
2278 1585 2398 1639 pm-

822 1679 950 1718 nam
986 1661 1297 1717 convertisti
1329 1661 1460 1716 mihi
1487 1662 1555 1716 ad
1584 1661 1939 1731 disciplinam,
1979 1668 2035 1714 et
2070 1659 2399 1715 humiliatio-

819 1767 948 1808 nem
999 1750 1065 1805 ad
1113 1751 1508 1806 eruditionem:
1540 1751 1664 1820 quia
1704 1749 2117 1820 iustiﬁcationes
2164 1758 2286 1803 tuas
2323 1749 2398 1804 ita

818 1841 975 1910 cupi:
1005 1848 1228 1895 noscere
1257 1836 1409 1911 [Ms.,
1442 1837 1646 1907 nosse],
1675 1849 1734 1892 ut
1759 1837 1976 1892 faciam.
2002 1837 2117 1893 Non
2147 1839 2290 1892 enim
2313 1846 2400 1893 est

820 1909 944 1982 vera
992 1927 1216 1982 scientia
1259 1909 1314 1980 in
1365 1927 1563 1982 bonum
1609 1927 1760 2000 [Μεη
1808 1925 1975 1999 boni],
2037 1927 2142 1982 nisi
2181 1928 2249 1982 ad
2292 1929 2395 1983 hoc
2425 1909 2469 1967 Β

819 2027 1177 2090 cognoscatur
1202 2015 1285 2089 [ut
1311 2015 1546 2089 agatur].

894 2112 1057 2166 Vens.
1095 2111 1182 2164 72.
1205 2140 1276 2150 —-
1305 2109 1508 2163 Bonum
1544 2109 1671 2162 mihi
1701 2108 1784 2162 (ea:
1815 2110 1921 2162 oris
1949 2109 2027 2162 tui
2050 2121 2207 2178 super
2232 2107 2399 2162 millia

820 2201 940 2254 auri
963 2210 1011 2254 et
1036 2200 1256 2270 argenti.
1299 2198 1407 2253 Lex
1443 2200 1554 2254 oris
1602 2200 1694 2254 Dei
1740 2198 1988 2254 Christus
2019 2208 2122 2263 est,
2155 2199 2246 2268 qui
2293 2211 2400 2255 non

819 2290 966 2344 venit
1004 2288 1176 2360 legem
1221 2287 1453 2354 solvere,
1486 2289 1589 2344 sed
1624 2288 1955 2358 adimplere;
2005 2303 2166 2357 quem
2210 2290 2402 2358 praevi-

819 2380 952 2435 dens
996 2381 1261 2450 propheta
1299 2394 1462 2450 super
1497 2394 1686 2435 omnes
1726 2379 2009 2432 thesauros
2047 2378 2397 2448 concupiscit,

817 2471 910 2538 qui
938 2468 1090 2541 [ls.,
1118 2468 1268 2540 quia]
1297 2484 1402 2523 non
1437 2469 1613 2524 solum
1645 2469 1852 2523 amicos
1892 2467 2061 2539 diligi,
2111 2469 2205 2524 sed
2235 2468 2400 2523 etiam

821 2561 1056 2616 inimicis
1090 2561 1345 2630 prteccpit
1373 2560 1597 2632 ignosci.

1253 2662 1367 2714 30D,
1408 2664 1462 2703 ID
1495 2663 1592 2703 εετ
1635 2662 1961 2702 Ριιικειριυι.

893 2745 1053 2798 Vens.
1078 2742 1164 2796 ηδ.
1194 2769 1265 2782 —
1286 2739 1480 2793 Ianus
1505 2747 1612 2793 tute
1640 2739 1874 2808 fecerunt
1905 2754 1985 2792 me
2025 2749 2071 2791 et
2107 2736 2403 2807 plasmaveé

823 2844 944 2888 runt
967 2849 1068 2894 me,
1095 2832 1165 2886 da
1187 2831 1312 2885 mihi
1341 2828 1674 2891 intellectum,
1709 2839 1764 2882 ut
1785 2829 1985 2883 discam
2008 2827 2257 2881 mandata
2286 2839 2400 2882 tua.

826 2929 1072 2999 Magnum
1102 2933 1185 2980 est
1225 2923 1391 2988 enim,
1434 2930 1495 2978 ut
1519 2937 1579 2978 se
1607 2922 1766 2976 homo
1804 2921 2069 2990 intelligat
2105 2934 2265 2973 manu
2305 2919 2400 2974 Dei

825 3018 1024 3072 factum
1073 3016 1516 3086 plasmatumque,
1566 3021 1621 3068 ct
1667 3013 1732 3067 ad
1783 3010 1901 3080 ejus
1947 3011 2234 3080 imaginem
2283 3020 2402 3065 esse

827 3105 1213 3176 compositum;
1252 3104 1394 3174 quod
1417 3103 1463 3157 si
1511 3103 1812 3172 agnoverit,
1855 3101 2132 3154 scientiam
2181 3108 2403 3168 poscere

824 3199 999 3260 debet,
1029 3205 1088 3251 ut
1115 3194 1362 3250 mandata
1390 3192 1506 3262 ejus
1534 3192 1793 3262 intelligat
1813 3199 1867 3246 et
1889 3190 2179 3246 custodiat.
2214 3189 2402 3250 Manus

829 3288 1037 3344 Domini
1062 3288 1236 3342 virtus
1260 3294 1316 3340 et
1349 3285 1613 3355 sapientia
1660 3282 2015 3354 intelligendas
2054 3290 2196 3337 sunt.
2243 3280 2401 3335 Fece-

827 3391 947 3433 runt
995 3381 1062 3432 ad
1102 3378 1358 3438 animam,
1397 3375 1780 3444 plasmaverunt
1813 3374 1880 3428 ad
1913 3388 2108 3442 corpus
2145 3371 2396 3442 pertinet.

828 3472 895 3527 iit
923 3469 1049 3541 quia
1076 3468 1253 3523 anima
1277 3466 1566 3537 pretiosior
1593 3475 1675 3520 est
1701 3479 1949 3535 corpore,
1984 3464 2100 3521 ideo
2131 3464 2284 3534 prius
2307 3478 2403 3534 p0-'

827 3563 935 3616 suit
960 3562 1215 3630 fecerunt.

903 3653 1061 3705 Vens.
1089 3649 1175 3702 Ἠ.
1199 3679 1270 3688 -
1295 3646 1398 3714 Qui
1441 3648 1619 3700 timent
1657 3657 1728 3713 te,
1767 3647 2026 3720 videbunt
2055 3663 2134 3699 me
2171 3655 2218 3699 et
2255 3645 2403 3698 lana-'-

829 3746 1040 3807 bnntur,
1071 3741 1194 3812 quia
1223 3741 1277 3795 in
1299 3740 1452 3794 verba
1481 3750 1572 3794 tua
1598 3740 1976 3810 supersperaoi.
2007 3739 2120 3794 Vox
2150 3736 2402 3792 Ecclesia:

829 3835 945 3887 btec
972 3830 1124 3904 μη,
1173 3827 1298 3902 hoc]
1343 3837 1446 3893 est,
1493 3839 1552 3882 ut
1597 3829 1672 3883 illi
1721 3829 1812 3898 qui
1862 3827 2147 3882 Dominum
2189 3828 2399 3891 timent,

828 3925 1045 3979 videant
1068 3937 1222 3978 suum
1251 3920 1582 3976 intellectum
1621 3928 1677 3973 et
1707 3918 1943 3973 laetitiam
1982 3907 2243 3981 habeant;
2275 3917 2402 3986 quia

830 4013 1090 4078 Ecclesia,
1116 4011 1333 4080 quando
1357 4010 1500 4064 videt
1523 4008 1655 4062 alios
1685 4009 1934 4061 mandata
1964 4006 2059 4060 Dei
2091 4007 2398 4067 observare,

830 4117 1078 4174 magnam
1106 4100 1344 4174 laetitiam
1380 4099 1578 4155 habet:
1607 4107 1791 4166 postea
1831 4097 1884 4150 in
1934 4096 2161 4150 invicem
2199 4096 2275 4149 sic
2309 4093 2401 4148 lar

831 4173 1108 4256 tabantur,
1151 4199 1206 4246 et
1240 4173 1329 4245 hic
1355 4198 1410 4244 et
1439 4190 1490 4243 in
1533 4187 1792 4242 futurum.
1826 4186 1962 4252 Quia
1997 4188 2051 4239 in
2083 4187 2231 4240 verbo
2265 4184 2400 4257 [tuo]

829 4298 1006 4352 spero,
1033 4283 1084 4337 id
1110 4290 1213 4346 est,
1245 4281 1297 4335 in
1327 4280 1745 4357 Christo‘habeo
1772 4293 1941 4348 spem.

902 4372 1062 4427 Vens.
1085 4371 1174 4426 75.
1195 4401 1265 4410 —
1286 4368 1534 4440 Cognovi,
1557 4369 1794 4431 Domine,
1817 4368 1940 4438 quia
1961 4369 2176 4438 a'quitas
2193 4367 2403 4436 judicia

829 4472 944 4527 tua,
973 4470 1021 4516 et
1064 4461 1118 4516 in
1170 4461 1384 4514 veritate
1422 4469 1515 4513 tua
1557 4459 1846 4512 humiliasti
1898 4474 1995 4511 me.
2049 4458 2199 4524 Quod
2253 4459 2400 4521 dicit,

830 4552 1143 4622 cognovisse
1185 4565 1242 4605 se
1283 4550 1486 4620 judicia
1537 4549 1768 4611 Domini,
1814 4548 1942 4602 illud
1975 4548 2265 4617 significat,
2298 4547 2400 4620 [ut]
2434 4566 2482 4624 ο
2506 4550 2611 4598 tur.

833 4643 1104 4698 hominem
1131 4641 1293 4694 animi
1345 4648 1552 4693 tumore
1580 4646 1890 4708 peccantem
1919 4638 2258 4693 bumilialum
2285 4653 2407 4693 cor-

835 4733 995 4801 rigat,
1030 4738 1085 4784 et
1107 4728 1495 4799 supplicantem
1531 4727 1635 4781 sibi
1660 4726 1836 4779 divina
1869 4728 2237 4782 misericordia
2265 4728 2405 4780 reci-

832 4822 962 4888 piat.
995 4818 1124 4885 Quis
1149 4819 1291 4872 enim
1325 4818 1534 4872 dubitet
1561 4831 1783 4872 summa:
1814 4817 2083 4885 :equitatis
2113 4830 2232 4870 esse
2265 4815 2408 4882 judi-

832 4911 996 4974 cium,
1022 4917 1081 4962 ut
1111 4908 1204 4977 qui
1229 4921 1324 4977 per
1347 4908 1656 4982 superbiam
1686 4906 1932 4975 deliquit,
1962 4908 2152 4962 devota
2191 4899 2408 4961 humili-

833 5011 941 5058 tate
971 5008 1246 5072 purgetur.

910 5094 1070 5147 Vens.
1103 5091 1190 5146 76.
1224 5119 1285 5132 —-
1311 5087 1436 5144 Fiat
1478 5105 1614 5142 nunc
1661 5089 2018 5143 misericordia
2058 5100 2168 5153 tua,
2198 5091 2252 5142 ut
2277 5103 2405 5144 con-

834 5181 1034 5236 soletur
1066 5197 1169 5245 me,
1204 5180 1491 5235 secundum
1525 5178 1784 5249 eloquium
1813 5187 1959 5232 tuum
1983 5195 2128 5233 servo
2149 5188 2259 5233 tuo.
2290 5179 2408 5234 Fiat

833 5286 965 5344 ergo
987 5269 1355 5326 misericordia
1377 5278 1465 5324 tua
1488 5270 1777 5325 secundum
1801 5269 2210 5340 promissionem
2235 5279 2404 5332 tuam,

839 5369 898 5414 ut
923 5359 1278 5430 praesentibus
1300 5359 1612 5413 muneribus
1652 5360 1882 5428 accipiat
1917 5358 2161 5413 mortalis
2184 5359 2292 5412 vita
2322 5375 2407 5412 so-

837 5446 1062 5511 latium,
1109 5459 1164 5503 et
1210 5445 1385 5502 futura
1429 5447 1933 5515 :eternitatis.bona
1987 5448 2260 5517 patienter
2307 5462 2405 5500 ex;-

843 5545 1069 5607 spectet.

912 5628 1069 5682 Vens.
1103 5627 1192 5680 77.
1219 5653 1288 5665 -——-
1320 5625 1535 5679 Veniant
1583 5626 1708 5679 mihi
1764 5625 2118 5681 miserationes
2166 5638 2299 5690 lita‘,
2361 5639 2406 5680 et

841 5719 1026 5780 ricam,
1052 5721 1175 5787 quia
1213 5719 1296 5771 lar
1331 5727 1421 5770 tua
1460 5717 1725 5770 meditatio
1763 5734 1878 5772 mea
1926 5729 2019 5770 est.
2070 5720 2407 5774 Suﬂieicutcr

838 5822 1152 5874 expressum
1193 5816 1292 5871 cst,
1337 5808 1475 5877 quod
1519 5812 1616 5875 per
1660 5807 2081 5861 miscricordiam
2115 5823 2409 5876 consequa-

2497 668 2648 741 l'acit,
2689 678 2779 746 qui
2811 673 3062 746 cperibus
3110 682 3309 734 sanctis
3345 682 3602 737 caelorum
3641 693 3798 755 regna
3837 693 4058 760 conqui-

2498 773 2641 818 runt.

2565 856 2727 910 Vens.
2782 857 2867 911 78.
2894 889 2962 897 —
2989 855 3393 928 Confundantur
3439 856 3650 933 superbi
3695 868 3818 934 quia
3866 867 4061 936 injuste

2493 941 2820 1015 iniquitatem
2869 947 3100 1014 fecerunt
3140 950 3195 1003 in
3226 966 3326 1014 me,
3347 966 3441 1020 ego
3488 960 3660 1007 autem
3702 955 3976 1010 exercebar
4005 957 4062 1009 in

2493 1032 2757 1086 mandatis
2793 1034 2916 1090 tuis.
2947 1033 3375 1094 Confundantur.
3417 1039 3673 1106 Quamvis
3717 1044 3938 1098 saeviant
3966 1059 4060 1100 αι-

2493 1121 2667 1189 perbi,
2692 1131 2748 1175 et
2777 1123 3112 1192 iniquitatem
3151 1136 3446 1196 operantur
3476 1129 3528 1184 in
3555 1140 3789 1194 sanctos,
3818 1134 4061 1190 charitas

2495 1220 2676 1265 tamen
2717 1211 2929 1280 piorum
2972 1229 3078 1269 non
3122 1213 3439 1286 refrigescit,
3470 1225 3525 1272 et
3549 1219 3922 1276 mandatorum
3969 1222 4061 1276 Dei

2495 1300 2818 1355 exercitatio
2842 1301 2948 1356 nan
2977 1296 3189 1362 desinit.

2566 1388 2727 1443 Vens.
2760 1385 2848 1446 79.
2879 1421 2950 1431 —
2969 1390 3347 1449 Convertuntur
3367 1393 3496 1448 milii
3523 1390 3760 1452 timentes
3783 1402 3854 1464 te,
3887 1409 3938 1454 et
3965 1416 4059 1470 qui

2497 1488 2746 1532 noverunt
2788 1480 3082 1536 iestinwni'a
3120 1492 3232 1536 tua.
3272 1481 3385 1538 Hoc
3425 1493 3509 1540 est
3534 1525 3549 1550 ,
3594 1485 3654 1542 ut
3705 1503 3791 1542 me
3842 1489 4064 1544 docente

2496 1575 2885 1637 cognoscentes
2908 1581 2974 1625 ea
3000 1571 3067 1625 ad
3092 1577 3146 1626 te
3164 1573 3408 1628 conversi
3429 1575 3579 1628 ﬁant.
3603 1575 3671 1630 Et
3697 1577 3787 1647 qui
3809 1589 4062 1633 nouerunt

2495 1660 2788 1714 testimonia
2815 1669 2928 1724 tua,
2958 1674 3092 1728 quos
3115 1655 3270 1716 lectio
3292 1662 3508 1730 quidem
3531 1663 3708 1719 divina
3738 1665 3944 1730 habuit,
3968 1667 4065 1722 sed

2497 1747 2727 1803 necdum
2753 1755 2887 1818 opus
2912 1748 3102 1803 salutis
3122 1745 3396 1804 instruxit.

2570 1835 2732 1891 Vens.
2759 1835 2848 1890 80.
2873 1867 2944 1876 —
2969 1833 3093 1890 Fiat
3142 1853 3230 1891 cor
3281 1830 3449 1892 meum
3495 1840 3906 1897 immaculatum.
3965 1838 4066 1898 Hic

2499 1943 2605 1982 cor-
2617 1941 2715 1996 pro
2747 1928 2926 1982 anim’a
2956 1929 3192 1998 ponitur,
3237 1943 3302 1982 ac
3327 1929 3373 1983 si
3401 1929 3564 1994 dicat,
3606 1928 3700 1984 ﬁat
3733 1923 3912 1988 anima
3940 1947 4059 1993 mea

2501 2020 2618 2074 sine
2642 2028 2860 2090 peceato
2895 2020 3125 2075 mortali.
3151 2019 3216 2074 In
3236 2023 3338 2076 tuis
3353 2014 3842 2090 justiticatiOnilms,
3881 2033 3938 2078 ut
3964 2041 4069 2082 non

2500 2108 2812 2178 confundar.
2865 2108 2978 2163 Hoc
3031 2118 3114 2163 est
3157 2117 3216 2163 ut
3269 2125 3376 2166 non
3421 2111 3647 2168 habeam
3696 2109 4063 2168 confusionem

2500 2199 2778 2253 interitum.

2571 2289 2735 2343 Vens.
2763 2289 2852 2342 8i.
2881 2320 2949 2330 —-
2975 2289 3173 2360 Defecit
3199 2291 3253 2344 in
3283 2286 3514 2346 salutare
3543 2284 3688 2365 [Ms.,
3713 2293 3937 2348 salutari
3955 2293 4070 2364 tuo]

2499 2391 2646 2434 tuum
2699 2375 2876 2435 anima
2914 2392 3049 2444 mea,
3080 2392 3128 2435 et
3163 2381 3217 2435 in
3256 2383 3467 2436 uerbum
3508 2393 3654 2437 tuum
3691 2385 4064 2454 supersperaui.

2499 2471 2603 2528 iste
2651 2465 2912 2536 defectus,
2961 2488 3067 2528 non
3115 2473 3218 2528 ﬁde
3245 2489 3302 2528 se
3327 2471 3605 2538 defecisse,
3649 2473 3936 2545 signiﬁcat,
3975 2475 4067 2529 sed

2499 2566 2554 2620 in
2602 2556 2748 2619 tanta
2796 2565 3047 2624 desiderii
3097 2565 3462 2635 magnitudine
3504 2581 3564 2620 se
3607 2564 3882 2636 fatigatum
3921 2582 4071 2620 tuom

2501 2661 2656 2716 strat,
2683 2661 2743 2707 ut
2769 2652 2836 2707 ad
2861 2651 3126 2708 defectum
3152 2653 3518 2709 felicissimum
3535 2654 3861 2724 perveniret.
3894 2652 3962 2708 In
3989 2671 4071 2708 sa-

2501 2743 2671 2797 lutare
2695 2785 2709 2806 ,
2764 2743 2906 2814 quod
2954 2741 3216 2798 Hebraice
3260 2743 3458 2799 dicitur
3499 2740 3655 2800 Iesus
3692 2761 3706 2796 :
3750 2751 3796 2799 et
3841 2743 3898 2797 in
3948 2739 4072 2796 Veis

2502 2833 2623 2888 bum
2658 2845 2840 2900 tuum,
2880 2831 2937 2890 id
2973 2842 3086 2900 est,
3127 2835 3181 2889 in
3206 2825 3596 2904 .Unigenitum,
3645 2835 3738 2907 qui
3778 2842 3862 2890 est
3899 2835 4070 2890 virtus

2502 2924 2618 2978 Dei.

2571 3011 2735 3081 369
2753 3011 2914 3066 Vens.
2934 3010 3023 3066 82.
3047 3041 3116 3051 —
3137 3005 3444 3081 Defecerunt
3463 3005 3599 3066 oculi
3619 3012 3718 3066 mei
3731 3012 3784 3066 in
3807 3006 4064 3082 eloquium

2503 3110 2670 3166 tuum,
2697 3099 2943 3163 dicentes,
2968 3093 3177 3170 quando
3209 3101 3556 3155 consolaberis
3583 3117 3683 3155 me.
3718 3099 3856 3156 Ecce
3885 3116 4071 3154 rursus

2452 3235 2469 3256 ,
2506 3181 2559 3244 in
2583 3189 2772 3255 oculis,
2815 3190 2908 3246 sed
2933 3190 3119 3260 utique
3151 3190 3527 3256 interioribus,
3557 3179 3837 3264 laudabilis
3867 3197 3924 3245 et
3949 3189 4066 3245 felix

2503 3280 2590 3335 ille
2617 3278 2877 3343 defectus,
2924 3295 3031 3335 non
3059 3280 3278 3334 veniens
3304 3294 3369 3333 ex
3400 3273 3712 3333 inﬁrmitate
3739 3279 3934 3343 animi,
3977 3279 4071 3334 sed

2499 3385 2566 3424 ex
2596 3369 2906 3424 fortitudine
2934 3361 3183 3424 desiderii
3205 3368 3258 3422 in
3281 3367 3600 3438 promissum
3623 3359 3715 3423 Dei
3737 3367 3886 3429 ;.boc
3928 3367 4072 3422 enim

2501 3460 2577 3514 ait
2606 3460 2660 3514 in
2682 3459 2942 3529 eloquium
2975 3469 3120 3513 tuum
3145 3474 3163 3512 :
3196 3457 3377 3512 tandiu
3403 3457 3546 3525 enim
3571 3456 3698 3511 dicit
3721 3470 3779 3511 se
3807 3453 4072 3512 defectum

2499 3538 2806 3618 pertulisse,
2851 3547 3020 3602 donec
3043 3553 3349 3617 ex5pectata
3383 3546 3678 3600 incarnatio
3717 3542 3926 3599 Domini
3955 3557 4074 3598 cor-

2502 3629 2586 3692 dis
2610 3637 2913 3708 aspectibus
2940 3645 3243 3706 appareret.
3274 3629 3497 3700 Quando
3521 3633 3867 3688 consolaberis
3891 3649 3989 3697 me,
4020 3624 4072 3686 id

2501 3737 2606 3796 est,
2652 3729 2864 3800 quando
2902 3729 3102 3793 veniet,
3131 3725 3272 3797 quod
3293 3725 3632 3796 promisisti?

2572 3823 2736 3877 Vens.
2764 3815 2852 3877 83.
2882 3851 2953 3861 —
2983 3819 3121 3885 Quia
3138 3819 3317 3897 [actus
3347 3835 3461 3873 sum
3487 3819 3622 3872 sicut
3648 3826 3762 3872 uter
3778 3817 3834 3871 in
3859 3817 4069 3888 pruina,

2493 3912 2902 3983 justi/icationes
2938 3919 3055 3962 tuas
3085 3925 3188 3962 non
3223 3924 3337 3961 sum
3359 3907 3565 3961 oblitus.
3597 3905 3851 3976 Superius
3873 3906 4073 3975 petive-

2505 4008 2588 4054 rat
2615 3989 2901 4062 consolari,
2937 4012 3080 4052 nunc
3107 4011 3322 4052 causam
3347 3995 3521 4050 reddit
3544 3995 3908 4049 subveniendi.
3949 3992 4073 4049 Uter

2503 4095 2647 4150 enim
2675 4108 2870 4162 corpus
2908 4090 3133 4146 mortale
3178 4088 3475 4164 signiﬁcat,
3519 4087 3710 4158 pruina
3753 4085 4068 4140 beneﬁcium

2503 4182 2869 4240 conversionis
2905 4179 3100 4252 [Edit.,
3144 4174 3587 4248 conversationis]
3625 4173 3877 4231 ostendit.
3925 4172 4073 4228 Sicut

2503 4282 2684 4328 autem
2727 4282 2848 4326 uter
2880 4269 3077 4340 frigore
3119 4267 3327 4338 glaciali
3369 4265 3704 4322 contrahitur
3728 4303 3744 4328 ,
3777 4263 3856 4319 sic
3899 4261 4072 4317 carnis

2503 4374 2701 4421 nostra:
2731 4363 2997 4419 incentiva
3024 4360 3274 4414 vitiorum
3309 4352 3600 4412 al'ﬁictione
3644 4352 3968 4426 penitentite
3997 4360 4070 4406 ωδ

2506 4465 2756 4520 nuantur,
2807 4462 2866 4509 ut
2903 4447 3345 4523 justiﬁeationum
3374 4443 3584 4504 Domini
3619 4460 3728 4502 non
3759 4441 4073 4501 obliviscan-

2581 4635 2739 4690 Vizns.
2770 4633 2857 4689 84.
2889 4611 3126 4697 —Quot
3161 4637 3282 4684 sunt
3308 4625 3418 4682 dies
3450 4627 3582 4681 serui
3614 4625 3712 4687 tui,
3737 4619 3944 4694 quando
3985 4614 4072 4691 {a-

2510 4727 2610 4778 cies
2651 4726 2714 4778 de
2737 4723 3153 4794 persequentibus
3193 4736 3272 4774 me
3298 4715 3607 4789 judicium?
3651 4711 3838 4769 Sciens
3862 4716 4073 4768 sancto-

2510 4829 2626 4866 rum
2657 4822 2830 4868 ctetus
2858 4825 3026 4879 usque
3052 4811 3103 4863 in
3145 4809 3304 4862 ﬁnem
3333 4805 3512 4861 saeculi
3551 4805 3929 4860 tentatiOnibus
3962 4804 4074 4858 dia-

2507 4901 2692 4956 boiicis
2719 4901 2955 4954 membra
2975 4897 3182 4952 Domini
3206 4896 3505 4967 subiacere,
3526 4893 3840 4964 interrogat,
3863 4892 4072 4959 quando

2509 4990 2738 5046 mundus
2781 4989 2881 5044 iste
2919 4990 3179 5053 ﬁniretur,
3219 4995 3279 5042 ut
3311 4987 3376 5042 de
3421 4981 3870 5055 persecutoribus,
3918 4981 3968 5036 id
3993 4988 4073 5036 est

2507 5081 2738 5147 diabolo,
2769 5095 2891 5136 cum
2921 5081 3183 5134 ministris
3207 5085 3503 5148 praeparata
3529 5075 3659 5132 uitio
3705 5072 4066 5143 compleatur:

2506 5180 2561 5225 et
2585 5171 2916 5227 celeritatem
2948 5168 3113 5222 futuri
3134 5166 3318 5236 iudicii
3336 5166 3576 5236 optabat,
3611 5163 3665 5218 in
3693 5170 3798 5232 duo
3815 5153 3930 5230 iam
3956 5163 4053 5218 bea

2509 5268 2577 5331 iis
2603 5266 2706 5320 erit
2732 5263 2967 5331 requies,
2996 5268 3050 5315 et
3076 5261 3326 5331 gaudium
3358 5259 3472 5313 sine
3497 5252 3600 5310 ﬁne
3625 5269 3952 5310 mansurum.

2581 5353 2740 5406 Vens.
2771 5350 2859 5405 85.
2890 5379 2959 5388 -
2991 5347 3351 5402 Narraverunt
3373 5345 3497 5399 mihi
3522 5344 3684 5415 iniqui
3712 5340 4070 5413 fabulatiOnes,

2507 5445 2597 5498 sed
2628 5459 2729 5496 non
2752 5449 2808 5494 ut
2850 5439 2933 5494 lex
2969 5448 3097 5505 tua,
3145 5438 3384 5492 Domine.
3432 5434 3808 5490 Narraueruut.
3849 5423 4073 5488 Fabulas

2462 5567 2465 5572 ν
2510 5547 2769 5587 venarum
2796 5531 3126 5601 opinionum,
3152 5526 3479 5583 delectabilis
3501 5523 3697 5594 eloquii
3721 5528 3836 5576 arte
3862 5534 4068 5590 compo-

2510 5628 2640 5680 sitas
2663 5626 2730 5679 ab
2753 5625 2968 5693 iniquis,
2996 5621 3125 5677 dicit
3156 5632 3275 5675 esse
3314 5624 3596 5680 narratas;
3635 5612 3730 5669 sed
3752 5609 3882 5666 nihil
3916 5625 3971 5665 se
4017 5609 4066 5662 in

2510 5721 2588 5772 eis
2618 5718 2745 5772 utile
2774 5716 3054 5786 reperisse,
3088 5712 3226 5767 sicut
3251 5711 3304 5766 in
3331 5712 3446 5781 lego
3475 5705 3704 5771 Domini,
3735 5705 3784 5758 in
3825 5719 3925 5772 qua
3952 5704 4064 5753 cum

2514 5808 2727 5869 von-itas,
2769 5820 2872 5858 non
2905 5802 3064 5858 verba
3090 5799 3376 5856 delectant.
