4338 6480
55 553 148 613 609

917 546 1322 629 EXEGQHCA.
1365 574 1430 582 —-
1469 537 1827 596 EXPOSITIO
1865 539 1929 592 LV
1971 540 2164 603 PSAL.
2205 538 2426 601 CXVIII.

3208 533 3312 587 610

121 669 273 720 Vens.
307 664 391 719 86.
426 693 474 704 -ο
520 662 706 717 Onmia
770 663 1014 715 "mndata
1077 670 1166 711 tua
1223 659 1409 710 veritas
1435 698 1447 717 ,
1521 654 1622 705 ini-
1653 659 1697 712 Α
1729 661 1781 703 ut
1811 652 2080 719 perderent
2122 669 2220 712 mc,
2254 651 2546 704 testimonia
2585 661 2672 701 tua
2716 648 2962 704 intellexi.
3006 646 3188 718 Longo
3230 664 3313 700 tne

54 757 135 824 qui
179 754 439 824 persecuti
475 764 595 805 sunt
641 768 760 813 me,
811 751 1001 820 adjura
1052 767 1148 801 me.
1216 747 1412 802 Contra
1464 745 1629 806 linire-

57 847 276 900 ﬁcorum
326 841 682 901 fabulationes
722 841 846 896 dicit
899 840 1076 900 omnia
1119 837 1368 897 mandata
1422 834 1630 895 Domini

55 947 168 994 esse
198 932 499 992 veritatem,
541 929 718 1006 Iniqui
747 931 998 1000 persecuti
1026 939 1144 986 sunt
1176 945 1273 989 me,
1312 925 1515 979 Scilicet
1543 924 1633 977 do—

55 1023 220 1078 cendo
262 1035 536 1094 perversa,
585 1020 858 1084 suadendo
905 1019 1076 1084 falsa;
1129 1034 1258 1086 ergo
1289 1015 1479 1082 adjnva
1527 1029 1627 1072 mc,

56 1125 110 1168 ut
139 1123 341 1172 certem
374 1129 474 1186 pro
505 1112 730 1167 veritate
759 1119 845 1166 tua
879 1125 1045 1178 usque
1071 1110 1139 1163 ad
1169 1119 1418 1161 mortem.

124 1207 289 1264 Vens.
322 1205 410 1261 87.
441 1234 510 1253 —
542 1203 713 1258 Paulo
737 1203 906 1256 minus
934 1205 1419 1254 consummaverunt
1469 1211 1550 1246 me
1579 1194 1631 1245 in

56 1307 229 1360 terra,
273 1311 364 1365 ego
405 1303 580 1348 autem
620 1311 721 1347 non
749 1292 998 1362 dereliqui
1034 1291 1283 1343 mandata
1316 1299 1425 1340 tua.
1472 1285 1636 1337 Valde

57 1403 140 1447 me
170 1386 471 1456 corporalia
502 1386 630 1440 vitia
667 1385 720 1439 in
751 1393 950 1438 terram
986 1381 1375 1443 huntiliasscnt,
1410 1378 1510 1441 nisi
1545 1392 1636 1430 cu-

57 1478 338 1532 stodissem
379 1476 629 1532 mandata
662 1475 859 1530 divina.

130 1560 294 1620 Vens.
321 1564 410 1620 88.
441 1595 511 1605 —
536 1563 833 1620 Secundum
860 1561 1271 1637 misericordiam
1313 1569 1480 1618 tuam,
1532 1555 1637 1608 Do—

61 1656 214 1716 mine,
240 1654 441 1730 viriﬁca
464 1671 578 1709 me:
623 1655 678 1709 in
711 1662 966 1709 aeternam
1002 1654 1188 1715 vitam,
1240 1651 1364 1723 quia
1390 1649 1504 1718 jam
1531 1664 1636 1700 non

61 1747 191 1807 mihi
216 1747 358 1812 vivo,
400 1747 532 1801 vivit
570 1761 698 1801 vero
725 1748 776 1800 in
805 1761 889 1808 me
919 1744 1182 1804 Christus.
1237 1740 1304 1795 Ut
1347 1740 1636 1801 custodiam

60 1838 350 1893 testimonia
379 1838 484 1892 oris
509 1839 606 1892 tui.
656 1837 750 1898 Vel
770 1852 835 1897 ea
860 1853 979 1910 qua:
1009 1836 1061 1898 in
1087 1835 1202 1905 lege
1240 1832 1528 1892 mandasti.
1555 1831 1636 1884 vel

62 1924 148 1982 illa
188 1939 311 1994 quae
333 1925 386 1979 in
412 1923 715 1995 Evangeliis
745 1923 1032 1994 protulisti,

128 2016 296 2071 Vens.
328 2014 418 2070 89.
448 2045 521 2054 —
557 2013 623 2068 In
650 2023 917 2077 a'ternum,
963 2012 1206 2077 Domine,
1256 2011 1463 2064 verbum
1491 2021 1639 2067 tuum

61 2114 326 2174 permanet
367 2105 424 2159 in
467 2103 612 2166 coelo.
662 2104 800 2160 Dicit
831 2104 1055 2158 verbum
1085 2103 1295 2158 Domini
1322 2115 1641 2181 permanere

61 2199 114 2255 in
146 2196 310 2258 caelo,
345 2195 400 2251 id
440 2203 526 2250 est
570 2195 624 2259 in
655 2195 873 2262 sanctis,
916 2209 1050 2264 quos
1083 2195 1148 2248 de
1177 2201 1358 2247 morte
1405 2190 1534 2254 facit
1565 2189 1642 2243 vi-

65 2295 216 2355 vere,
249 2299 306 2345 et
342 2289 408 2344 de
436 2288 778 2343 tribulatione
801 2272 1070 2359 gaudere;
1111 2287 1223 2350 sive
1253 2286 1308 2344 in
1334 2283 1644 2339 cmlestibus

65 2381 372 2441 virtutibus,
409 2393 531 2448 quae
565 2377 680 2446 ejus
710 2392 921 2448 semper
948 2377 1202 2433 insistunt
1230 2373 1549 2437 ministerio.

131 2471 298 2526 Vens.
330 2469 419 2524 90.
443 2499 516 2510 —
541 2468 607 2523 In
643 2467 890 2523 sicculum
916 2466 1093 2521 swculi
1113 2467 1322 2522 .veritas
1364 2475 1479 2528 tua,
1523 2463 1640 2532 [una

58 2564 202 2617 dasti
225 2572 419 2616 terram
444 2570 491 2614 et
518 2567 803 2630 permanet.
847 2556 1110 2613 chulum
1138 2556 1312 2625 legem
1335 2562 1390 2608 et
1414 2552 1647 2623 prophe-

65 2663 180 2718 tas;
210 2649 394 2706 δαναιιὶ
419 2649 686 2720 signiﬁcat
712 2647 998 2720 Evangelia
1033 2655 1088 2701 et
1115 2645 1406 2716 apostolos,
1450 2645 1502 2698 in
1530 2644 1648 2712 qui-

64 2743 165 2803 bus
183 2748 276 2798 ‘est
298 2741 518 2804 veritas,
561 2754 680 2809 qua:
713 2746 795 2793 est
819 2738 1066 2793 Christus
1100 2738 1395 2792 Dominus:
1445 2743 1647 2788 terram

65 2843 268 2898 autem,
308 2833 413 2888 hoc
440 2837 524 2886 est
547 2830 834 2894 humanam
869 2839 1134 2892 naturam,
1166 2843 1233 2883 ex
1284 2835 1436 2897 parte
1479 2834 1647 2880 totum

63 2923 394 2994 signiﬁcans,
425 2923 480 2977 in
509 2921 708 2976 sanctis
735 2918 995 2983 fundavit,
1040 2927 1098 2972 ut
1124 2919 1178 2972 in
1205 2932 1300 2972 sua
1330 2915 1649 2971 credulitate

61 3021 458 3088 permaneant:
505 3011 630 3081 quia
677 3010 781 3069 nisi
830 3011 944 3081 ipse
985 3009 1282 3072 fundasset,
1330 3024 1436 3088 non
1465 3007 1650 3063 crede-

66 3112 207 3166 rent,
249 3118 348 3159 nec
394 3107 822 3180 permanerent:
861 3097 1103 3173 fundasti
1129 3108 1322 3162 terram
1357 3107 1407 3150 et
1443 3112 1650 3168 perma-

67 3203 151 3245 net
159 3232 175 3245 .

138 3282 304 3337 Vens.
333 3281 424 3336 9|.
460 3309 532 3320 -—
558 3278 900 3336 Ordinatione
920 3287 1010 3331 tua
1046 3287 1333 3347 perseverat
1364 3277 1493 3345 dies,
1525 3294 1652 3348 quo-

66 3375 216 3428 niam
253 3371 432 3425 omnia
459 3371 685 3424 servium
714 3369 826 3433 tibi,
872 3367 1092 3434 Quoties
1136 3368 1393 3437 singulari
1426 3367 1683 3432 nurnero‘

66 3463 184 3517 dies
211 3463 454 3532 ponitur,
478 3467 737 3517 venturus
765 3457 853 3512 ille
888 3458 1263 3529 sempiternus,
1294 3457 1386 3526 qui
1417 3457 1531 3511 sine
1558 3472 1654 3512 no-

60 3559 152 3604 cte
180 3557 290 3612 est,
338 3545 712 3616 signiﬁcatur;
758 3555 885 3601 tunc
927 3545 1002 3606 illi
1047 3546 1226 3610 omnia
1273 3545 1510 3614 sutjecta
1541 3562 1657 3602 ser-

69 3639 260 3694 viunt:
294 3638 537 3693 serviunt
561 3644 614 3692 et
653 3635 966 3702 adversarii,
1003 3636 1128 3692 licet
1159 3653 1263 3692 non
1297 3647 1505 3714 sponte,
1532 3639 1655 3692 dum

63 3730 314 3790 damnati
357 3744 547 3799 pmnas
589 3742 853 3798 perennes
888 3742 987 3782 suo
1018 3727 1173 3798 jussu
1203 3729 1398 3783 merito
1429 3728 1660 3793 sustine-

67 3820 226 3875 bunt.
847 3827 849 3829 ’

135 3911 310 3965 Vnus.
341 3907 432 3964 92.
461 3939 533 3950 --
564 3909 684 3964 Nisi
701 3912 840 3980 quod
866 3911 950 3965 lea:
983 3923 1075 3966 tua
1110 3912 1378 3967 meditatio
1413 3930 1526 3966 mea
1564 3923 1657 3975 est,

66 4016 193 4058 tunc
224 4003 367 4074 [arte
406 4003 671 4072 periissem
698 4005 754 4057 in
786 4003 1080 4059 humilitate
1121 4020 1256 4057 mea.
1309 4003 1470 4060 Beata
1513 4003 1664 4071 plebs

67 4106 379 4168 martyrum
407 4094 462 4150 in
483 4104 632 4150 tanta
655 4105 1045 4152 tormentorum
1067 4096 1438 4156 humiliatione
1465 4095 1661 4151 afﬂicta

58 4185 292 4248 asserit,
334 4197 571 4260 seposse
594 4184 792 4258 perire,
820 4185 924 4239 nisi
952 4184 1083 4255 legis
1108 4185 1386 4240 meditatio
1414 4186 1664 4248 subveni-

65 4283 150 4329 ret
184 4273 545 4338 consolando,
595 4288 716 4351 quae
739 4274 912 4334 dixit:
959 4273 1108 4328 Beati
1129 4275 1219 4341 qui
1257 4275 1664 4345 persecutionem

63 4370 375 4439 patiuntur.
424 4365 535 4422 Lex
565 4365 665 4420 ista
701 4364 832 4428 ﬁdes
871 4373 972 4430 est,
1022 4380 1142 4439 qum
1179 4379 1283 4438 per
1324 4365 1664 4427 dilectionem

65 4469 374 4533 operatur:
401 4457 456 4512 iu
471 4457 624 4528 cujus
648 4455 993 4512 meditatione
1018 4467 1360 4525 permanens,
1386 4470 1489 4535 per
1510 4455 1665 4518 auxi-

68 4551 200 4613 lium
229 4547 432 4621 gratia:
460 4543 565 4602 tua:
587 4554 943 4618 promeretur,
977 4553 1036 4600 ut
1067 4545 1122 4600 in
1149 4545 1551 4610 tribulationum
1573 4545 1668 4600 hu-

67 4639 311 4694 militate
342 4652 450 4692 non
471 4645 656 4708 pereat
681 4637 735 4691 in
764 4645 1044 4700 sternunt,

137 4731 317 4791 Vens.
344 4727 435 4784 95.
457 4757 530 4768 —
554 4726 620 4780 In
645 4735 895 4792 internum
919 4744 1024 4782 non
1045 4727 1318 4788 obliviscar
1331 4724 1668 4799 justiﬁcatioo

67 4839 156 4877 nes
183 4831 343 4884 tuas,
383 4819 508 4894 quia
549 4818 606 4872 in
639 4817 763 4888 ipsis
793 4816 1061 4885 vivi/icasti
1107 4833 1206 4878 me.
1251 4814 1670 4878 iustiﬁcationes

66 4915 202 4971 dicit
227 4911 443 4984 legales
468 4911 870 4970 observationes
892 4910 992 4965 sub
1014 4911 1224 4974 umbra,
1271 4924 1392 4978 qua:
1425 4909 1671 4964 veritatis

68 5007 280 5073 indicio
336 5001 502 5076 μη,
541 5002 760 5076 indicia]
785 4991 1044 5066 ventura:
1079 5000 1425 5072 perfectionis
1469 4998 1674 5054 beneﬁ-

67 5101 218 5154 cium
239 5092 606 5169 prmstabant.
647 5092 757 5156 llas
779 5109 910 5164 ergo
927 5092 1344 5161 justiﬁcationes
1369 5105 1474 5147 non
1505 5089 1671 5144 debe-

69 5205 194 5251 mus
240 5184 540 5248 oblivisci,
590 5199 708 5254 qua:
757 5184 912 5239 nobis
956 5182 1076 5240 ﬁdei
1115 5192 1170 5238 et
1211 5184 1335 5237 vita:
1380 5180 1674 5252 primordia

71 5279 483 5351 pra-stitcrunt.

143 5370 325 5429 Vnus.
360 5362 454 5429 94.
481 5393 551 5406 -—
578 5363 718 5429 Tuus
759 5380 874 5419 sum
899 5380 1010 5435 ego,
1058 5363 1258 5418 salvum
1292 5379 1373 5417 me
1408 5362 1517 5432 fac,
1545 5379 1676 5433 quo-

73 5461 218 5512 niam
247 5453 672 5528 justiﬁcationes
694 5465 812 5510 tuas
835 5454 1104 5525 exquisivi.
1136 5454 1247 5522 Ego
1273 5461 1397 5508 tuus
1423 5451 1673 5516 famulus,

74 5559 126 5603 ct
160 5557 221 5603 tu
263 5546 422 5601 Deus
447 5543 630 5606 meus,
676 5560 707 5599 a
743 5557 794 5600 te
832 5561 994 5615 posco
1025 5545 1219 5599 salvari
1250 5562 1262 5598 :
1303 5545 1426 5613 quia
1469 5544 1678 5598 vanitas

75 5653 180 5690 non
209 5647 300 5691 est
340 5633 482 5688 mihi
520 5623 680 5698 [Ms.,
707 5636 832 5702 quia
870 5646 1057 5690 venter
1093 5651 1196 5690 non
1225 5644 1306 5690 est
1336 5635 1464 5688 mihi
1492 5633 1675 5706 Deus],

78 5743 176 5783 nec
207 5740 340 5783 sum
375 5723 523 5778 inani
568 5724 748 5792 glorim
789 5723 1020 5791 deditus,
1074 5728 1165 5782 scd
1206 5726 1680 5795 justiﬁcationibus

79 5821 206 5874 tuis.

148 5908 329 5984 370
354 5905 523 5962 Vens.
551 5907 640 5963 95.
683 5908 861 5964 —_Mc
897 5895 1317 5983 suspectat'erunt
1367 5921 1676 5982 peccatores,

1734 743 2030 803 certamine
2068 740 2304 795 adversm
2351 749 2644 810 potestates
2694 738 3024 806 impugnant,
3076 737 3172 797 sed
3215 752 3316 816 ego

1735 831 2036 900 intelligens
2082 831 2388 885 testimonia
2434 840 2522 884 tua
2574 829 2993 883 consolationem
3029 826 3208 896 recepi
3249 841 3316 886 cx

1733 922 1835 975 eis.

1809 1012 1965 1064 Vens.
1995 1011 2084 1066 96.
2115 1042 2180 1050 —
2213 1010 2395 1063 Ouinis
2423 1008 2880 1062 consummationis
2908 1007 3009 1060 ridi
3035 1006 3213 1074 ﬁnem,
3238 1005 3321 1058 lit.-

1735 1111 1844 1152 tum
1888 1101 2195 1164 mandatum
2222 1110 2366 1152 tuum
2404 1100 2578 1151 nimis.
2627 1095 3155 1150 Consummationem
3187 1093 3324 1158 dicit

1734 1195 1974 1247 omnium
2005 1193 2264 1254 virtutum
2313 1191 2686 1262 complctivam
2722 1185 3128 1256 perfectionem,
3170 1183 3324 1252 cujus

1738 1283 1859 1335 ﬁnis
1895 1292 1977 1336 est
2014 1281 2295 1343 Christus,
2349 1296 2508 1350 quem
2548 1278 2814 1334 credendo
2862 1277 3106 1346 pt-:c\idit
3138 1283 3324 1328 ventu-

1739 1392 1878 1439 rum,
1908 1373 2062 1450 cujus
2107 1383 2161 1433 et
2199 1372 2436 1436 mandati
2480 1371 2815 1435 latitudinem
2849 1369 3093 1424 miratur.
3131 1365 3187 1420 lu
3217 1381 3324 1436 quo

1737 1466 1991 1518 nimirum
2041 1465 2363 1518 charitatcm
2412 1461 2718 1532 signiﬁcat,
2753 1475 2872 1529 qua:
2921 1473 3014 1513 sua
3045 1456 3326 1518 latitudi.c

1737 1556 1918 1608 omnia
1954 1553 2204 1606 mandata
2232 1553 2285 1616 in
2316 1567 2374 1606 se
2403 1550 2799 1620 complectitur.
2833 1549 2964 1601 Nam
2991 1561 3112 1601 cum
3141 1546 3324 1600 omnia

1738 1644 1989 1697 mandata
2023 1642 2298 1704 ﬁnientur,
2332 1642 2444 1707 ipsa
2471 1638 2584 1693 sola
2625 1639 2676 1690 in
2705 1646 2967 1692 mtcrnum
2996 1634 3252 1689 manebit.

1806 1732 1968 1792 sts.
2011 1731 2100 1785 97.
2151 1759 2220 1768 —
2264 1728 2538 1794 Quomodo
2587 1726 2748 1780 dilexi
2795 1725 2956 1796 legem
3001 1733 3175 1792 tuam,
3220 1721 3327 1776 Do-

1737 1822 1923 1875 mine?
1977 1831 2086 1874 tota
2135 1820 2220 1873 die
2247 1819 2516 1873 meditatio
2563 1833 2677 1870 mea
2717 1825 2812 1870 est.
2856 1813 3132 1891 Quomodo
3166 1811 3327 1871 dilexi

1740 1917 1914 1987 legem
1942 1915 2124 1970 tuam?
2155 1912 2268 1978 Sic,
2295 1912 2490 1982 inquit,
2523 1909 2687 1966 dilexi
2719 1909 2887 1980 legem
2920 1905 3060 1969 fidei,
3092 1920 3213 1976 qua:
3232 1918 3332 1978 per

1672 1998 1716 2057 Β
1745 2010 2080 2064 dilectionem
2111 2015 2390 2079 operatur,
2437 2013 2497 2059 ut
2540 2011 2650 2058 tota
2676 2002 2782 2065 die,
2820 2001 2874 2055 id
2920 2007 3004 2054 est
3041 2005 3155 2062 toto
3191 2006 3328 2051 tem-

1741 2113 1896 2168 pore,
1929 2097 2212 2151 meditatio
2242 2110 2361 2149 mea
2387 2094 2477 2156 sit.

1815 2206 1976 2266 Vens.
1994 2204 2157 2259 98.-
2170 2202 2594 2272 Superi‘nimicos
2609 2215 2749 2253 meos
2769 2197 3074 2270 prudentem
3098 2211 3179 2248 me
3206 2193 3335 2263 [eci-

1743 2296 1809 2348 sti
1836 2294 2084 2348 mandato
2123 2303 2232 2353 tuo.
2279 2293 2404 2363 quia
2447 2292 2503 2345 in
2546 2301 2794 2345 internum
2825 2289 2950 2352 milii
2977 2295 3072 2347 est.
3123 2284 3332 2351 inimici

1742 2386 2016 2462 propheta:
2029 2383 2197 2438 Judaei
2223 2392 2372 2448 sunt,
2391 2383 2482 2463 qui
2507 2380 2858 2451 spiritualiter
2876 2394 2982 2432 non
3000 2377 3299 2449 intelligunt
3319 2390 3333 2439 ς

1744 2475 1938 2543 quibus
1977 2474 2382 2544 prudentiorem
2412 2472 2678 2540 Propheta
2719 2485 2779 2525 se
2807 2469 2968 2534 dicit,
3015 2470 3140 2538 quia
3170 2468 3224 2521 in
3250 2466 3336 2521 his

1746 2564 2016 2639 mandatis
2063 2578 2183 2632 qua:
2215 2564 2268 2616 in
2299 2570 2562 2620 aeternum
2591 2568 2790 2626 servat,
2839 2567 3121 2626 venturum
3150 2557 3334 2623 Domi—

1746 2669 1875 2708 num
1901 2653 2180 2730 praevidet.

1820 2745 1984 2798 Vsus.
2013 2743 2101 2797 99.
2141 2771 2211 2781 —
2246 2739 2419 2821 Super
2463 2757 2642 2796 omnes
2680 2740 2923 2804 docentes
2969 2755 3050 2805 me
3085 2737 3337 2805 intellexi,

1745 2837 1870 2907 quia
1914 2835 2211 2889 testimonia
2252 2843 2344 2886 tua
2380 2832 2650 2886 meditatio
2697 2839 2957 2884 mea‘est.
3008 2827 3154 2904 Quos
3180 2843 3339 2897 supe-

1748 2926 1879 2981 riori
1932 2939 2092 2979 versu
2141 2924 2390 2978 inimicos
2435 2921 2612 2987 dixit,
2662 2921 2750 2976 hic
2795 2922 3044 2976 doctores
3079 2918 3333 2989 appellat,

1749 3017 2036 3087 magistros
2073 3015 2278 3070 scilicet
2308 3014 2612 3068 Pharisznos
2638 3013 2942 3083 designans,
2967 3011 3058 3080 qui
3083 2996 3142 3066 se
3160 3011 3228 3065 ad
3253 3011 3337 3065 lit-

1750 3086 1921 3161 teram
1947 3114 2191 3158 tenentes
2211 3102 2504 3172 spiritalem
2531 3100 2939 3171 intelligentiam
2973 3086 3336 3171 negligebant.

1751 3199 1972 3254 Talibus
2017 3211 2148 3269 ergo
2195 3196 2506 3251 doctoribus
2549 3196 2748 3249 cohors
2792 3193 3104 3265 evangelica
3150 3191 3343 3252 melius

1754 3289 2024 3360 intelligit,
2072 3287 2218 3358 quia,
2249 3287 2608 3356 pravitatibus
2633 3299 2821 3341 eorum
2848 3283 3142 3353 repudiatis
3169 3323 3183 3347 ,
3226 3283 3337 3338 sin-

1754 3395 1934 3435 ceram
1961 3379 2264 3433 doctrinam
2302 3377 2513 3432 Domini
2548 3390 2646 3444 per
2672 3375 3074 3430 meditationem
3101 3374 3342 3430 testimo-

1756 3472 1967 3524 nierum
1993 3469 2110 3537 ejus
2149 3468 2444 3524 mundum
2490 3452 2776 3522 veritatem
2817 3465 3146 3521 intellectam
3187 3462 3342 3539 [ιι..,

1758 3557 2086 3631 intellectus]
2117 3557 2346 3628 accepit.

1829 3649 1995 3706 Vens.
2025 3648 2149 3704 100.
2175 3679 2247 3690 -
2286 3648 2464 3720 ευριπ
2497 3648 2727 3702 seniores
2753 3647 3005 3712 intellexi,
3032 3647 3166 3717 quia
3191 3650 3344 3700 "nsan-

1759 3739 1886 3792 data
1915 3748 2006 3804 tua
2039 3738 2276 3809 quasioi.
2314 3737 2503 3791 Melius
2531 3737 2715 3805 utique
2739 3735 2978 3806 populus
2997 3749 3170 3791 novus
3193 3735 3347 3809 intelc

1760 3829 1910 3891 lexit,
1950 3805 2063 3897 qui?
2089 3832 2326 3899 suscepit
2358 3827 2633 3885 Christum
2678 3805 3088 3897 ejusimandata
3130 3805 3346 3900 perqui-

1762 3919 1950 3984 rendo,
1985 3933 2148 3989 quam
2173 3917 2446 3979 Judaicus,
2479 3918 2572 3987 qui
2596 3933 2721 3973 eum
2748 3917 3127 3974 mortiﬁcando
3149 3919 3355 3974 occidit

1763 4009 1916 4083 [Ms.,
1953 4009 2387 4064 mortiﬁcandum
2415 4006 2691 4080 credidit].

1835 4102 1997 4162 Vens.
2037 4099 2159 4153 101.
2195 4128 2268 4138 -
2296 4099 2374 4153 Ab
2421 4099 2564 4163 omni
2601 4099 2684 4152 uia
2729 4095 2874 4160 mala
2915 4097 3156 4166 prohibui
3193 4096 3348 4167 pedes

1762 4207 1920 4254 meos,
1952 4199 2009 4249 ut
2045 4189 2336 4253 custodiam
2377 4187 2530 4243 verba
2571 4196 2683 4245 tua.
2733 4186 2818 4241 Ab
2851 4187 2999 4242 omni
3046 4186 3134 4240 via
3164 4185 3346 4250 mala;

1765 4283 2132 4337 membrorum
2167 4288 2253 4336 est
2285 4279 2402 4336 haec
2447 4277 2574 4342 vos,
2621 4293 2731 4332 non
2782 4277 2996 4346 capitis.
3051 4275 3168 4332 Non
3203 4275 3349 4330 enim

1764 4371 1880 4440 ipse
1913 4369 2168 4434 Salvator
2186 4368 2432 4437 corporis
2466 4366 2591 4430 ullis
2621 4365 3074 4437 concupiscentiis
3095 4364 3351 4436 pulsaba-

1765 4471 1873 4526 tur,
1921 4468 1982 4515 ut
2015 4461 2066 4516 ei
2104 4473 2327 4523 necesse
2359 4467 2504 4514 esset
2545 4458 2711 4528 pedes
2750 4472 2878 4516 suos
2919 4456 3211 4512 custodire.
3258 4454 3352 4512 Sic
3388 4475 3398 4484 ·

1766 4554 1910 4609 enim
1951 4554 2118 4607 verba
2152 4551 2248 4608 Dei
2282 4565 2568 4620 possumus
2605 4550 2900 4615 custodire,
2945 4549 2992 4605 si
3029 4557 3151 4620 post
3179 4534 3352 4606 mulas

1770 4651 1982 4698 nostras
2003 4641 2468 4711 concupiscentias
2487 4655 2593 4695 non
2616 4654 2827 4694 eamus.
2957 4642 2965 4650 ‘
3010 4687 3014 4693 .

1841 4733 2002 4788 Vsus.
2033 4732 2155 4786 102.
2187 4761 2260 4772 -—
2284 4732 2328 4785 Α
2347 4731 2571 4803 judiciis
2621 4733 2726 4786 tuis
2769 4748 2873 4787 non
2908 4728 3186 4797 declinari,
3231 4733 3355 4803 quia

1768 4836 1825 4880 tu
1855 4825 2018 4896 legem
2044 4824 2262 4895 posuisti
2291 4823 2442 4876 mihi.
2494 4823 2576 4877 Tu
2610 4822 2781 4893 legem
2813 4821 3086 4893 Evangelii
3129 4813 3356 4892 posuisti

1768 4918 1900 4973 mihi
1934 4935 1947 4970 :
1993 4916 2083 4972 illa
2111 4916 2255 4970 enim
2299 4912 2533 4969 Mosaica
2563 4913 2650 4968 lex
2699 4913 3024 4984 paedagogus
3056 4910 3196 4977 fuit;
3249 4910 3353 4966 ista

1771 5011 1937 5065 totius
1965 5008 2158 5081 [Edit.,
2199 5008 2310 5063 Lex
2356 5007 2629 5079 Evangelii
2656 5005 2878 5061 libertas
2912 5001 3099 5076 totius]
3128 4984 3358 5074 plenittto

1770 5100 1913 5154 dinis
1939 5101 2165 5155 donavit
2196 5099 2468 5155 effectum.
2516 5097 2706 5154 Merito
2727 5112 2856 5167 ergo
2886 5103 3106 5151 sanctus
3131 5092 3358 5165 populus

1771 5189 1839 5244 de
1888 5189 1992 5242 hac
2044 5188 2160 5258 lege
2207 5187 2475 5257 gaudebat
2497 5227 2514 5251 ,
2569 5200 2733 5255 quam
2788 5183 3058 5240 credendo
3107 5195 3359 5250 suscepe-

1773 5289 1878 5335 rat.

1850 5369 2008 5422 Vens.
2043 5367 2164 5423 105.
2191 5398 2264 5408 —
2289 5365 2459 5434 Quam
2489 5365 2664 5421 dulcia
2699 5367 2938 5438 faucibus
2979 5365 3106 5418 meis
3151 5361 3357 5432 eloquia

1775 5470 1888 5537 tua,
1927 5459 2144 5513 Domine
2167 5501 2179 5523 ,
2222 5475 2378 5530 super
2417 5457 2521 5521 mel.
2558 5467 2605 5511 et
2650 5458 2826 5528 [atrum
2856 5455 2936 5509 ori
2974 5470 3104 5507 meo.
3153 5451 3359 5506 Fauces

1775 5566 1916 5604 cmm
1944 5550 2124 5605 cordis
2167 5563 2361 5603 arcana
2407 5546 2735 5618 signiﬁcant,
2778 5544 2868 5599 ubi
2895 5542 3106 5612 eloquia
3146 5541 3358 5601 Domini

1777 5642 2094 5710 spiritaliter
2118 5640 2489 5707 intelliguntur
2507 5645 2562 5693 et
2586 5637 2896 5707 diliguntur.
2938 5634 3037 5689 Mel
3064 5641 3146 5688 est
3173 5639 3357 5702 aperta

1778 5735 2043 5796 doctrina,
2072 5731 2224 5786 favus
2246 5739 2486 5798 secreta,

1851 5823 2014 5877 Vens.
2045 5819 2166 5875 104.
2194 5849 2266 5859 —
2288 5819 2329 5874 Α
2356 5819 2622 5875 mandatis
2648 5820 2752 5873 tuis
2773 5817 3002 5874 intellexi
3028 5813 3175 5888 [quia
3199 5815 3360 5867 homo

1784 5914 1848 5968 ad
1878 5911 2208 5967 occultorum
2240 5910 2556 5980 sapientiam
2603 5925 2698 5980 per
2736 5907 3089 5966 obedientiam
3121 5906 3363 5977 pervenit
3466 5974 3469 5977 Ι
