4338 6416
766 467 858 515 liii

1610 458 1667 510 Β.
1711 457 1768 508 1³.
1814 455 2036 509 Al.Bt.\'l
2077 454 2205 508 SEL‘
2248 448 2520 505 ALCUNl
2561 446 2842 503 Cl’lililihl
2882 449 3057 504 PAi‘tS
3091 449 3151 502 11.

3909 446 4016 498 me
4074 420 4083 427 ’

768 578 1159 649 mandatorum]
1205 577 1474 644 Ριερδιεδιτισγι
1527 571 1747 643 [inquit]
1792 571 1909 624 odio
1949 570 2106 621 habui
2136 581 2334 619 omnem
2367 568 2409 621 Α
2439 562 2583 616 data.
2625 561 2689 617 In
2715 576 2960 616 a‘tcrnum
2988 574 3194 633 propter
3224 563 3601 615 retributionem
3627 562 3747 615 vita:
3776 568 4015 624 Intern»,

768 673 902 726 ciam
934 670 1237 739 iniquitatis.
1291 666 1517 719 Necesse
1545 673 1625 717 est
1656 663 1796 717 enim
1836 668 1895 713 ut.
1937 659 2110 713 oderit
2146 655 2341 723 iniqui-

770 776 932 820 tatem
963 778 1144 818 amore
1168 761 1407 830 justitite.

842 854 1001 908 Vens.
1032 853 1148 905 105.
1180 882 1250 891 —-
1278 849 1511 902 Lucerna
1542 847 1754 916 pedibus
1782 846 1909 896 meis
1938 844 2142 895 certum
2163 851 2338 901 tuum,

769 944 1025 1006 Domine,
1071 954 1117 995 et
1150 942 1322 993 lumen
1351 938 1541 991 semitis
1570 937 1713 989 meis.
1769 934 1825 989 Si
1872 934 1923 986 in
1970 933 2125 999 hujus
2163 931 2341 983 STCllll

772 1035 1018 1089 noctibus
1058 1031 1109 1084 in
1140 1029 1293 1083 nobis
1322 1030 1466 1081 verbi
1498 1027 1590 1079 Dei
1637 1024 1809 1077 luceat
1836 1023 2035 1082 lumen,
2066 1035 2169 1072 non
2208 1018 2340 1071 inci-

774 1127 901 1180 dent
932 1122 1082 1194 [Ms.,
1121 1118 1396 1190 incedunt]
1421 1118 1581 1186 pedes
1610 1115 1778 1170 nuslri
1810 1114 1861 1166 in
1893 1112 2110 1181 laqueos
2142 1109 2342 1162 funium

775 1229 839 1268 ac
865 1212 1158 1282 pnecipitia
1189 1211 1483 1271 l’ovearnm,
1537 1220 1654 1273 qua!
1684 1218 1872 1256 manus
1900 1201 2032 1255 artis
2069 1199 2347 1254 diabolica:

774 1301 831 1356 in
863 1299 1061 1354 nostris
1088 1295 1422 1352 oll'cmlieulis
1461 1290 1800 1364 praeparavit.
1840 1289 1907 1343 Et
1952 1288 2125 1340 linnen
2152 1286 2345 1364 sentitis

780 1391 926 1449 meis.
949 1400 1006 1443 ut
1034 1390 1133 1447 hoc
1160 1388 1357 1443 lumine
1383 1393 1671 1455 prmeunte,
1707 1382 1832 1435 dum
1853 1382 1976 1434 vita:
2006 1378 2158 1432 istius
2182 1376 2344 1429 semi-

778 1488 861 1535 tas
904 1480 1217 1552 gradimur',
1241 1479 1307 1531 ad
1338 1476 1479 1531 illam
1518 1490 1635 1544 quze
1662 1488 1787 1527 vera
1815 1473 1900 1525 via
1930 1478 2014 1524 est
2040 1509 2055 1534 ,
2084 1467 2345 1538 perduca-

784 1588 926 1627 mur.

850 1663 1010 1718 Vens.
1045 1661 1163 1717 106.
1198 1692 1271 1703 -
1305 1660 1490 1714 Jurari
1540 1670 1589 1713 et
1634 1657 1795 1712 statui
1848 1654 2108 1709 custodire
2141 1652 2348 1722 judicia

776 1752 995 1822 iustitia
1039 1760 1161 1805 tua.
1214 1750 1399 1804 Jurari
1446 1758 1621 1801 autem
1663 1745 1943 1816 appellavit
1985 1743 2347 1812 jurantentum

781 1843 923 1911 quod
968 1842 1155 1897 statuit
1179 1856 1275 1910 per
1303 1847 1719 1901 sacramentum,
1770 1839 1891 1906 quia
1926 1837 1997 1888 ita
2027 1835 2184 1889 debet
2230 1847 2349 1886 esse

782 1946 933 1986 mens
970 1930 1070 1987 lixa
1102 1933 1154 1986 in
1184 1931 1545 1985 custodiendis
1574 1929 1780 1991 iudiciis
1802 1927 2022 1994 jttstitite
2056 1925 2170 1987 Dei,
2197 1930 2255 1976 ut
2280 1923 2343 1975 sit
2381 1900 2420 1956 Β

782 2022 999 2077 omnino
1023 2020 1402 2093 projuratione
1434 2019 1573 2087 quod
1601 2019 1803 2071 statuit.

852 2130 1013 2183 Vens.
1048 2128 1167 2183 107.
1198 2159 1267 2168 -
1303 2126 1623 2181 Humiliatns
1661 2141 1775 2178 sum
1823 2138 2203 2193 usquequaque,
2243 2121 2351 2174 Do-

783 2221 939 2281 mine,
972 2220 1170 2287 civiﬁca
1193 2235 1272 2271 me
1297 2218 1577 2272 secundm:
1608 2217 1814 2269 verbum
1838 2224 2001 2267 tuum.
2040 2214 2234 2268 Didicit
2258 2213 2353 2267 hu-

784 2310 1087 2373 militatem,
1137 2324 1295 2378 quam
1336 2308 1579 2363 Christus
1616 2306 1820 2368 docuit,
1868 2306 1955 2374 qui
1993 2306 2138 2359 mitis
2181 2314 2259 2358 est
2302 2311 2355 2358 et

784 2400 1001 2453 humilis
1027 2401 1204 2453 corde.
1256 2400 1378 2452 Ideo
1418 2413 1560 2451 nunc
1591 2396 1946 2464 deprecatur.
1989 2404 2048 2449 ut
2085 2395 2225 2449 sicut
2269 2394 2356 2449 ille

783 2500 905 2559 post
931 2490 1284 2543 humilitatem
1313 2487 1499 2541 forma:
1529 2486 1737 2540 servilis
1774 2486 2039 2541 exaltatus
2063 2496 2145 2539 est
2171 2486 2223 2537 in
2245 2483 2357 2553 glo-

787 2580 922 2634 riam
949 2579 1040 2633 Dei
1063 2578 1262 2641 Patris,
1307 2579 1379 2632 ita
1405 2587 1457 2632 et
1483 2578 1582 2631 ise
1606 2578 1673 2631 ab
1711 2576 1810 2630 hac
1837 2576 2136 2631 humilitate
2163 2590 2353 2643 corpo-
2380 2606 2381 2609 η

790 2683 881 2724 rea
911 2670 964 2724 in
997 2669 1159 2723 vitam
1191 2666 1545 2723 transferatur
1576 2677 1853 2723 aeternam.

859 2778 1020 2833 Vens.
1061 2778 1178 2832 l08.
1204 2809 1277 2818 —
1316 2775 1619 2831 Voluntaria
1645 2778 1750 2831 oris
1777 2778 1875 2830 mei
1901 2774 2218 2845 beneplacita
2248 2775 2356 2845 fac,

789 2866 1030 2930 Domine,
1053 2876 1099 2919 et
1115 2866 1323 2935 judicia
1349 2876 1439 2919 tua
1470 2866 1595 2919 doce
1620 2882 1719 2919 me.
1761 2866 1874 2921 Vox
1912 2866 2189 2929 Ecclesiaa;
2223 2880 2288 2920 ac
2313 2865 2356 2919 si

790 2954 952 3019 dicat,
997 2964 1120 3008 vota
1167 2969 1306 3019 mea,
1352 2970 1471 3024 qua:
1505 2953 1599 3009 tibi
1624 2952 1823 3017 offero,
1857 2955 2184 3023 beneplacita
2214 2953 2357 3027 [tibi]

789 3046 918 3107 sint,
963 3045 1142 3111 idest,
1189 3045 1534 3113 acccptabilia
1580 3053 1635 3099 et
1662 3045 2016 3100 delectatilia.
2064 3045 2130 3099 Et
2149 3046 2360 3115 judicia

792 3142 885 3188 tua
911 3134 1037 3187 doce
1061 3150 1161 3199 me,
1206 3133 1307 3188 hoc
1339 3141 1442 3197 est,
1475 3143 1566 3189 tua
1592 3134 1864 3199 mandata,
1908 3145 1967 3188 ut
1991 3136 2279 3206 intelligam
2308 3140 2360 3187 et

793 3223 1068 3295 impleam.

860 3335 1019 3407 371
1053 3334 1215 3391 Vens.
1244 3334 1366 3392 109.
1394 3366 1469 3378 —-
1490 3334 1678 3391 Anima
1709 3353 1824 3391 mea
1867 3341 1921 3391 in
1965 3337 2204 3391 manibus
2238 3340 2366 3392 meis

796 3424 944 3497 [δίδη
988 3423 1116 3497 tuis]
1144 3442 1366 3493 semper,
1399 3439 1449 3480 et
1485 3425 1646 3497 legem
1683 3440 1826 3480 niam
1874 3444 1976 3481 non
2003 3444 2119 3481 sum
2154 3426 2364 3482 oblitus.

794 3516 1068 3575 Justorum
1112 3521 1255 3575 enim
1292 3521 1484 3576 anima:
1514 3521 1568 3575 in
1602 3536 1764 3576 manu
1803 3520 1896 3575 Dei
1940 3528 2081 3585 sunt,
2131 3520 2183 3574 in
2217 3517 2370 3586 cujus

796 3625 958 3663 manu
983 3624 1168 3665 sumus
1192 3609 1345 3681 μὴ..
1392 3610 1539 3683 sunt]
1567 3619 1623 3665 et
1658 3625 1755 3666 nos
1795 3620 1848 3666 et
1874 3625 2150 3665 sermones
2175 3609 2365 3664 nostri.

797 3698 866 3753 Et
889 3697 1051 3769 legem
1073 3710 1238 3762 tuam,
1282 3700 1478 3768 inquit,
1504 3717 1606 3754 non
1631 3716 1746 3754 sum
1767 3700 1975 3754 oblitus.
2005 3700 2278 3768 Tanquam
2303 3700 2370 3753 ad

797 3805 905 3844 non
932 3790 1347 3846 obliviscendam
1376 3790 1467 3845 Dei
1512 3791 1686 3862 legem
1715 3791 1769 3845 in
1794 3791 2038 3846 manibus
2066 3791 2232 3858 ipsius
2271 3789 2369 3842 ad-

795 3884 1011 3952 juvetur
1032 3884 1150 3954 ejus
1170 3886 1446 3939 memoria.

876 3990 1034 4047 Vsus.
1066 3992 1185 4047 110.
1216 3986 1287 4034 -ὲ
1318 3993 1609 4048 Posuerunt
1647 4003 1942 4065 peccatores
1971 3994 2183 4065 laqueos
2218 3994 2366 4046 mihi.

804 4081 959 4155 Quos
986 4083 1206 4152 laqueos
1225 4083 1251 4135 ?
1275 4098 1432 4137 secus
1452 4084 1596 4137 viam
1621 4085 1825 4153 positos
1847 4092 1902 4138 et
1945 4083 2100 4155 μία..
2125 4085 2267 4153 quod
2295 4084 2373 4137 la-

804 4191 972 4250 queus
996 4190 1150 4232 secus
1176 4173 1315 4227 viam
1342 4173 1559 4243 ponitur
1586 4170 1730 4245 et...]
1761 4173 1805 4227 si
1842 4189 2089 4243 egressus
2114 4174 2279 4229 lueris
2308 4176 2374 4230 de

806 4270 914 4332 via,
941 4266 1090 4322 cadis
1115 4267 1169 4320 in
1197 4263 1434 4334 laqueos.
1479 4262 1617 4329 Quid
1641 4272 1765 4317 sunt
1806 4263 1894 4318 isti
1924 4262 2119 4333 laquei,
2160 4264 2262 4318 nisi
2291 4281 2373 4319 re-

806 4359 1004 4414 tiacula
1049 4355 1203 4429 μὴ,
1251 4353 1540 4425 tendicula]
1592 4354 1830 4417 diaboli,
1878 4353 1961 4406 vel
2007 4355 2373 4423 suggestiones

808 4446 1103 4504 daemonis?
1147 4444 1285 4499 Vitia
1315 4444 1567 4497 etiamet
1608 4452 1826 4512 peccata
1863 4452 2085 4510 possunt
2129 4443 2370 4512 intelligi.

2441 664 2499 708 ut
2539 655 2681 708 illam
2712 669 2919 709 merear
2950 655 3242 724 percipere.

2515 745 2671 799 Vens.
2709 745 2827 798 115.
2869 774 2939 784 -
2984 743 3198 813 Iniquus
3241 743 3361 797 odio
3397 743 3554 795 habui
3588 752 3638 796 et
3669 742 3830 813 legem
3865 753 4019 797 tuam

2441 834 2620 887 dilexi.
2675 834 2809 889 Cum
2846 834 3089 889 dixisset.
3126 835 3330 905 iniquos
3360 834 3479 887 odio
3522 834 3715 899 habui,
3758 834 3942 903 posuit
3963 842 4019 888 ct

2442 940 2627 993 quare.
2655 925 2916 985 addendo,
2949 935 2994 977 et
3022 924 3180 994 legem
3210 937 3350 978 tuam
3386 925 3568 990 dilexi,
3596 926 4019 980 ut'demonstta-

2445 1024 2524 1068 ret
2552 1031 2655 1069 non
2683 1030 2740 1069 se
2764 1016 2813 1069 in
2842 1016 3145 1070 hominibus
3172 1015 3368 1083 iniquis
3392 1016 3569 1069 odisse
3599 1024 3864 1079 naturam,
3890 1014 4020 1085 quia

2443 1107 2688 1161 homines
2710 1114 2871 1171 sunt;
2902 1111 2993 1161 sel
3020 1107 3379 1175 iniquitatem,
3409 1106 3531 1176 quia
3560 1106 3711 1173 legis,
3739 1120 3903 1176 quam
3931 1106 4016 1161 di-

2444 1199 2576 1267 ligit,
2613 1198 2815 1251 inimici
2845 1206 2989 1251 sunt.

2515 1290 2676 1343 Vens.
2705 1288 2822 1341 114.
2849 1286 3166 1353 —Adiutor
3206 1297 3255 1341 et
3290 1297 3555 1357 susceptor
3581 1302 3723 1341 meus
3763 1302 3817 1341 es
3852 1296 3933 1351 tu,
3972 1296 4027 1341 et

2444 1380 2498 1432 in
2547 1377 2752 1431 verbum
2783 1387 2930 1430 tuum
2977 1380 3352 1447 supersperari.
3392 1374 3619 1446 Ar'jutur
3656 1378 3709 1432 in
3748 1379 4020 1449 praesenti.

2445 1481 2722 1535 suscepzor
2759 1472 2811 1521 in
2849 1467 3046 1522 futuro.
3093 1468 3167 1522 Et
3188 1470 3239 1522 in
3286 1469 3460 1523 Verbo
3490 1479 3581 1522 tuo
3628 1470 3874 1538 sperabo,
3924 1469 4028 1523 hoc

2447 1571 2544 1624 est,
2576 1564 2627 1616 in
2651 1560 2886 1623 Christo,
2920 1558 3042 1626 quia
3071 1558 3303 1612 Verbum
3330 1556 3508 1618 Patris
3532 1557 3700 1612 Filius
3726 1568 3828 1613 est.

2520 1655 2679 1707 Vens.
2713 1649 2832 1704 115.
2850 1679 2922 1689 -—
2949 1646 3236 1711 Declinate,
3263 1663 3294 1699 a
3314 1636 3396 1700 me
3417 1646 3656 1716 maligni,
3680 1659 3727 1701 et
3755 1646 4030 1703 scrutabor

2448 1745 2699 1799 mandata
2726 1742 2821 1796 Dei
2846 1742 2964 1794 mei.
2996 1738 3209 1808 Maligni
3236 1739 3324 1793 hic
3346 1746 3470 1793 sunt
3500 1738 3787 1802 dmmones,
3820 1738 3949 1793 vitia
3976 1747 4029 1794 et

2448 1842 2664 1903 peccata
2688 1872 2702 1896 ,
2742 1830 2827 1884 vel
2868 1827 3190 1883 adversarius
3224 1834 3552 1896 potestates:
3589 1825 3725 1892 Quia
3752 1827 3875 1881 dum
3928 1826 4030 1896 ipsi

2452 1925 2545 1977 tibi
2584 1921 2880 1977 tendiculas
2908 1927 3232 1989 praeparant,
3262 1925 3314 1973 et
3352 1918 3718 1988 suggestiones
3743 1918 4030 1989 pessimas,

2450 2031 2555 2069 non
2592 2022 2743 2084 potes
2786 2011 3014 2066 serutari
3038 2010 3289 2064 mandata
3317 2009 3411 2064 Dei
3452 2010 3552 2074 tui,
3580 2018 3639 2063 ut
3663 2010 3750 2063 illa
3775 2011 3912 2064 bene
3947 2011 4031 2063 in.

2454 2104 2679 2171 telligas.
2730 2100 2834 2156 Sed
2864 2099 2908 2154 si
2949 2098 3185 2153 volueris
3221 2099 3592 2169 paenitentiam
3629 2115 3808 2170 agere,
3852 2114 4033 2172 segre-

2453 2208 2580 2264 gare
2608 2203 2657 2247 te
2680 2192 2847 2247 baies
2880 2191 2948 2245 ab
2977 2189 3191 2244 illorum
3216 2191 3509 2245 consortio.
3808 2192 3813 2197 ’

2524 2283 2684 2336 Vens.
2720 2280 2837 2336 116.
2856 2310 2923 2319 -
2939 2280 3155 2350 Suscipe
3174 2296 3275 2343 me,
3296 2279 3579 2334 secundum
3599 2279 3858 2351 eloquium
3883 2291 4034 2337 tuum

2452 2386 2499 2429 et
2539 2376 2701 2428 vivam
2722 2414 2737 2434 ,
2776 2381 2823 2426 et
2856 2389 2958 2425 non
2979 2370 3272 2440 confundas
3300 2387 3380 2424 me
3401 2370 3465 2424 ab
3492 2372 3870 2441 exspectatione
3895 2390 4033 2429 mea.

2455 2469 2565 2523 Vox
2582 2464 2830 2520 Ecclesia:
2840 2462 3073 2533 optantis
3084 2468 3142 2515 ut
3155 2463 3573 2531 veniatsponsus
3584 2469 3638 2514 et
3649 2463 3900 2532 suscipiat
3915 2478 4036 2520 eam

2455 2572 2702 2628 sponsam
2729 2555 2850 2619 sibi,
2881 2555 3021 2609 sicut
3046 2554 3292 2624 promisit
3314 2554 3367 2608 in
3394 2554 3605 2623 eloquio
3627 2556 4034 2625 prophetarum.

2456 2649 2525 2703 Et
2551 2650 2715 2703 uiuam
2742 2647 2796 2701 in
2814 2645 3046 2715 justitia,
3076 2646 3201 2714 quia
3228 2646 3388 2700 modo
3415 2654 3659 2701 mortuus
3681 2662 3799 2702 sum
3829 2648 3882 2702 in
3911 2664 4035 2719 [ιεος

2458 2742 2612 2796 catis.
2643 2739 2712 2794 Et
2734 2757 2840 2793 non
2863 2738 3154 2807 confundas
3193 2754 3294 2802 me,
3326 2737 3373 2792 si
3403 2737 3492 2793 ille
3518 2752 3677 2809 quem
3704 2751 3958 2811 exspecto
3982 2754 4038 2797 et

2457 2824 2779 2904 promisisti,
2806 2830 2987 2885 veniat
3012 2830 3163 2885 mihi.

2528 2921 2691 2976 Vens.
2721 2919 2841 3006 ll'z.
2869 2949 2939 2959 --
2968 2919 3175 2989 Adjuva
3203 2936 3302 2975 me.
3331 2919 3603 2975 Auxilium
3632 2931 3823 2991 rogat;
3851 2934 3900 2977 ct
3927 2924 4037 2979 sal.

2459 3027 2550 3065 rus
2582 3027 2670 3064 ero
2701 3010 2755 3064 in
2784 3010 2985 3072 anima,
3027 3010 3072 3063 si
3099 3010 3314 3065 veneris
3339 3019 3393 3063 et
3423 3024 3508 3064 me
3530 3009 3769 3078 adiuves,
3804 3023 3853 3067 et
3873 3017 4039 3068 medi-

2461 3099 2611 3150 tabor
2637 3098 2691 3150 in
2716 3097 2819 3174 tuis
2836 3096 3305 3165 justiﬁcationibus
3340 3113 3562 3167 semper,
3599 3100 3714 3153 sine
3747 3101 3871 3157 line.

2536 3184 2697 3239 Vens.
2738 3186 2858 3241 118.
2888 3215 2958 3225 —-
2986 3184 3233 3256 Sprevisti
3262 3201 3435 3240 omnes
3473 3186 3789 3243 discedentes
3818 3207 3851 3243 ιι
3868 3192 4035 3260 Justi-

2465 3276 2552 3329 tiis
2579 3275 2702 3339 tuis,
2735 3275 2857 3345 quia
2877 3274 3077 3345 injusta
3104 3274 3349 3343 cogitatio
3369 3290 3570 3329 eorum.
3602 3275 3934 3333 Deelaratnm
3958 3290 4039 3334 est

2463 3380 2562 3418 cur
2608 3365 2983 3419 assumebatur
3033 3352 3473 3432 justiiicatiunum
3521 3365 3733 3422 Domini
3788 3366 4041 3439 frequens

2466 3456 2761 3517 meditatio,
2807 3456 3060 3523 quoniam
3104 3463 3432 3524 spernuntur
3474 3472 3504 3511 a
3541 3458 3784 3522 Domino,
3837 3462 3927 3529 qui
3970 3464 4042 3517 ab

2465 3545 2583 3614 ejus
2601 3545 2986 3615 justiﬁeatione
3019 3545 3321 3602 discedunt.
3364 3542 3688 3605 Justiiicatio
3729 3560 3817 3607 est
3842 3566 4040 3622 pecco-

2468 3647 2644 3694 torum
2677 3653 2812 3707 pura
2840 3635 3399 3717 mnfessio‘Domino:
3446 3640 3546 3706 Qui
3577 3641 3667 3694 tali
3706 3655 3765 3696 se
3805 3643 4043 3698 remedio

2467 3729 2663 3784 salvari
2685 3727 2812 3801 [ιιι.
2832 3769 2847 3794 ,
2870 3728 3082 3800 sanare]
3110 3730 3430 3799 despiciunt,
3455 3731 3651 3802 injusta
3674 3734 3927 3805 cogitatio
3952 3750 4043 3793 co-

2469 3834 2588 3874 rum
2613 3827 2714 3873 est.

2538 3910 2700 3965 Vens.
2732 3909 2853 3964 119.
2880 3940 2952 3950 -
2982 3909 3420 3966 Ρι-αευανὲεαεοηε
3450 3912 3683 3982 reputavi
3729 3910 3911 3969 omnes'
3927 3932 4042 3983 pec-

2469 4011 2668 4055 catores
2698 4010 2873 4065 terrm,
2917 3999 3034 4054 ideo
3052 4000 3216 4055 dilexi
3238 4002 3413 4056 omnia
3441 4001 3733 4056 testimonia
3755 4011 3865 4058 tua.
3917 4003 4041 4061 "me

2470 4089 2612 4144 enim
2641 4088 2772 4143 dicit
2794 4087 3063 4157 Propheta
3092 4089 3146 4143 in
3171 4105 3399 4161 persona
3425 4090 3700 4157 Ecclesiae,
3745 4092 3873 4162 quia
3918 4102 4039 4149 ante

2470 4178 2758 4233 adventum
2791 4177 2991 4232 Christi
3017 4182 3436 4249 prmvaricantes
3468 4190 3647 4242 erant.
3674 4181 3799 4250 quia
3827 4183 3927 4239 sub
3948 4183 4037 4238 de-

2470 4273 2582 4328 bito
2608 4272 2947 4336 tenebantur,
2980 4280 3200 4343 propter
3224 4272 3719 4343 praevaricationem
3757 4273 3916 4341 primi
3944 4274 4035 4328 ho.

2471 4362 2635 4416 minis
2675 4361 2824 4435 Adae.
2875 4361 2992 4416 Non
3018 4357 3210 4417 omnes
3239 4369 3550 4430 peceatores
3585 4361 4036 4428 prmvarieatores,

2475 4450 2569 4504 sed
2596 4465 2784 4505 omnes
2832 4450 3275 4519 pratvaricatores
3324 4458 3655 4520 peccatores.
3710 4448 3839 4505 Ideo
3884 4450 4039 4507 dilexi

811 4542 874 4596 Et
910 4543 963 4595 in
1000 4539 1257 4594 mandatis
1290 4538 1391 4591 tuis
1426 4553 1527 4591 non
1554 4537 1742 4590 erravi.
1773 4535 1888 4590 Vox
1933 4534 2202 4589 Ecclesiae.
2260 4533 2373 4587 Non
2405 4562 2452 4620 υ
2475 4541 2767 4595 testimonia
2792 4550 2884 4594 tua
2906 4581 2921 4604 ,
2958 4555 3027 4595 ne
3056 4541 3108 4595 in
3130 4541 3216 4596 bis
3238 4541 3619 4612 praevaricator
3640 4555 3944 4610 appaream.

806 4631 982 4687 erravi
1028 4645 1061 4685 a
1122 4629 1388 4683 mandatis
1444 4627 1586 4691 tuis,
1639 4628 1733 4682 sed
1781 4627 2017 4681 consisto
2071 4626 2126 4680 in
2177 4640 2369 4694 opera-

811 4726 975 4779 tione.

878 4810 1040 4868 Vens.
1074 4813 1192 4867 111.
1218 4841 1288 4852 -
1326 4808 1646 4864 Ηαννεᾱὲεαιε
1667 4807 1913 4877 acquisiui
1957 4807 2250 4860 testimonia
2285 4815 2375 4858 tua

810 4906 863 4958 in
887 4914 1154 4963 a'ternum,
1186 4901 1429 4969 quoniam
1454 4896 1728 4951 exsultatio
1758 4896 1926 4949 cordis
1953 4896 2050 4947 mei
2075 4903 2214 4946 sunt.
2262 4892 2373 4948 Tua

812 4992 1115 5048 testimonia
1157 4997 1212 5043 et
1240 4996 1327 5042 tua
1354 4994 1646 5057 pnecepta,
1679 4986 1780 5041 hoc
1806 4994 1907 5047 est,
1948 4999 2065 5038 mea
2096 4984 2378 5039 haereditas

813 5087 867 5141 in
901 5094 1179 5143 avtcrnum,
1211 5088 1265 5134 et
1291 5080 1380 5134 hic
1400 5079 1530 5133 etin
1562 5077 1758 5133 futuro.
1791 5078 1923 5145 Quia
1953 5078 2234 5133 exsoltatio
2259 5094 2376 5133 coro

815 5174 897 5228 dis
928 5174 1028 5228 mei
1055 5178 1179 5225 sunt
1223 5180 1309 5222 tua
1352 5168 1652 5222 testimonia
1678 5209 1693 5231 ,
1730 5170 1832 5223 hoc
1874 5178 1955 5222 est
1980 5210 1993 5232 ,
2038 5185 2156 5224 mea
2204 5169 2377 5226 exsul-

816 5262 982 5324 tatio,
1019 5260 1143 5328 quia
1188 5256 1423 5311 Ecclesia
1468 5256 1520 5309 in
1562 5257 1827 5311 mandatis
1852 5256 1945 5310 Dei
1987 5258 2281 5312 delectatur
2323 5270 2377 5313 et

818 5346 1071 5402 exsultat.

892 5439 1050 5493 Vens.
1080 5436 1197 5490 ll‘l.
1226 5467 1296 5478 —
1322 5436 1573 5491 lnclinari
1595 5452 1686 5490 cor
1707 5452 1896 5490 meum.
1944 5434 2058 5489 Non
2091 5434 2163 5491 fui
2194 5453 2379 5508 super-

820 5530 936 5592 bus,
961 5529 1053 5583 sed
1086 5527 1334 5581 humilis:
1382 5535 1435 5582 et
1461 5529 1578 5581 ideo
1605 5527 1851 5581 inclinavi
1877 5541 1971 5580 cor
2000 5542 2195 5589 meum,
2245 5538 2303 5581 ut
2328 5538 2379 5584 te

822 5619 1167 5687 intelligerent
1195 5632 1209 5680 ;
1242 5617 1363 5682 quia
1401 5616 1612 5683 superbi
1663 5630 1766 5668 non
1797 5616 2053 5670 inclinant
2077 5634 2170 5670 cur
2196 5618 2247 5671 in
2277 5620 2377 5672 hu-

824 5713 1116 5764 militatem.
1148 5709 1226 5763 Ad
1251 5707 1377 5775 quid
1405 5707 1653 5761 inclinavi
1682 5720 1776 5759 cor
1802 5710 2012 5761 meum?
2039 5708 2171 5763 Dicit
2202 5709 2381 5762 lict-Ie-

823 5804 899 5853 sia
927 5818 938 5852 :
973 5803 1039 5853 ad
1068 5798 1331 5868 {aciendas
1351 5797 1752 5866 justi/iratior!“
1782 5807 1916 5859 tuas,
1952 5797 2049 5849 hoc
2079 5807 2175 5862 est,
2229 5815 2378 5850 inan-

2543 4633 2704 4687 Vsns.
2733 4632 2853 4686 120.
2882 4662 2955 4672 -
2976 4630 3144 4702 lnfige
3174 4632 3360 4686 timore
3385 4641 3474 4685 tuo
3498 4647 3679 4685 carnes
3712 4648 3874 4697 meas,
3899 4650 3931 4685 a
3950 4633 4039 4703 ju-

2472 4725 2623 4779 diciis
2656 4724 2792 4777 enim
2816 4724 2920 4778 tuis
2948 4723 3117 4776 timui.
3158 4722 3333 4779 Metuo
3359 4721 3597 4775 futurum
3616 4719 3897 4788 judicium,
3924 4722 4041 4777 ideo

2474 4813 2621 4867 cruci
2654 4822 2758 4867 tuae
2807 4811 3080 4883 contigeris
3117 4826 3307 4868 omnes
3345 4809 3803 4877 concupiscentias
3844 4813 4036 4871 carnis.

2476 4902 2570 4955 tibi
2592 4901 2898 4963 convivere,
2926 4900 3020 4953 tibi
3044 4898 3348 4971 [commori,
3375 4898 3468 4953 tibi
3489 4898 3805 4968 eonsepeliri
3822 4912 4041 4970 paratus

2476 5005 2615 5054 sum,
2647 4999 2706 5044 ut
2727 4990 2779 5045 in
2808 4987 2988 5043 futuro
3014 4987 3133 5061 tibi]
3161 4990 3337 5045 vivere
3365 5005 3593 5046 merear.

2544 5082 2705 5135 Vens.
2740 5080 2859 5136 121.
2879 5109 2951 5121 -
2978 5078 3107 5136 Feci
3117 5081 3380 5151 judicium
3405 5091 3454 5136 et
3470 5079 3755 5152 justitiam,
3780 5096 3843 5135 ne
3864 5082 4040 5139 tradas

2476 5189 2555 5226 me
2590 5171 3008 5242 persequentibus
3049 5169 3193 5243 [Ms.,
3242 5170 3704 5245 calumniantibus]
3750 5186 3850 5226 me.
3894 5173 4069 5232 Faclt'

2476 5274 2654 5318 autem
2684 5262 2966 5331 judicium,
3008 5262 3251 5332 quisquis
3277 5271 3464 5317 contra
3507 5260 3808 5329 sejudicat,
3838 5272 3893 5319 et
3923 5281 4038 5336 pra~

2474 5356 2671 5409 vitatas
2699 5368 2824 5408 suas
2853 5362 2980 5408 ante
3008 5368 3234 5409 examen
3260 5351 3469 5407 Domini
3510 5349 3653 5419 Iusta
3679 5356 4039 5413 exsecratione

2477 5446 2835 5499 condemnat:
2876 5455 2931 5499 et
2968 5444 3232 5515 justitiam
3263 5442 3489 5498 facimus
3527 5445 3742 5514 quando
3775 5460 3873 5515 per
3887 5445 4038 5518 justi-

2480 5534 2607 5586 tiam
2634 5548 2731 5585 nus
2755 5532 3075 5599 judicamus,
3109 5530 3322 5599 quando
3348 5530 3660 5588 delictorum
3692 5531 4035 5606 [nostrorum]

2473 5622 2681 5692 judices
2705 5621 2858 5693 Illa,
2879 5619 3142 5692 vindices]
3168 5634 3371 5674 sumus.
3397 5620 3537 5676 l‘ctit
3557 5637 3686 5677 vero
3712 5637 3780 5678 ne
3806 5625 4035 5680 tradatur

2480 5715 2874 5781 peccatoribus,
2930 5713 3020 5780 qui
3067 5720 3287 5779 peccata
3317 5712 3610 5768 damnavit.
3659 5712 4034 5786 Pet-sequentes

2483 5815 2658 5857 autem
2707 5811 2827 5858 sunt
2861 5801 3103 5855 diabolus
3129 5801 3287 5870 372
3329 5815 3450 5854 cum
3494 5802 3751 5858 ministris
3786 5803 3917 5865 suis,
3954 5804 4032 5871 qui
