4338 6398
123 429 220 480 οη

933 429 1339 486 EXECETICA.
1387 461 1447 469 ο*
1495 430 1850 487 EXI‘USJTIU
1892 434 1953 485 l.\
1993 433 2185 486 ωλι..
2227 430 2448 485 ιᾳδίκίιι.

3255 431 3353 479 liii

123 555 214 594 nos
244 540 512 596 indefessa
535 540 737 594 ntalitia
768 548 1182 609 persequuntur.
1217 540 1347 595 llinc
1370 543 1528 595 etiam
1552 558 1680 609 quo-
1707 549 1750 602 Α
1788 561 1906 597 nem
1974 543 2202 603 factum,
2264 543 2532 611 Vit-gica:
2588 544 2875 610 peperisse,
2932 552 3105 594 unitos
3151 542 3286 593 imrtt
3314 560 3352 594 is

119 630 245 687 tidic
270 645 519 700 rogamus
542 631 801 686 admoniti
842 628 1111 684 dicentes:
1160 628 1241 683 Ne
1278 631 1494 684 inducas
1520 649 1608 683 nos
1631 632 1684 685 in

116 721 468 774 tentationem.

186 810 348 863 Vens.
381 810 497 864 l22.
526 841 597 851 —
618 810 834 881 Suscipe
864 809 1010 883 [.‘ls.,
1049 812 1199 884 elige]
1229 830 1430 866 servum
1456 824 1601 865 tuum
1630 815 1683 866 in

116 902 325 963 bonum,
356 917 458 961 non
484 900 864 957 calumniantur
886 920 965 956 me
991 904 1215 972 superbi.
1251 905 1470 971 Suscipe
1494 918 1597 960 me.
1631 903 1682 955 id

114 1001 214 1055 est,
257 1006 325 1047 ne
355 992 429 1047 illi
455 993 725 1061 impellant
747 1001 804 1048 ut
830 995 1017 1048 cadam
1047 994 1098 1047 in
1143 994 1359 1057 malum,
1394 1003 1445 1046 tu
1474 994 1682 1060 suscipe

114 1080 164 1133 in
206 1081 404 1136 bonum
448 1080 602 1154 [Hs.,
650 1082 704 1137 in
748 1081 932 1153 bono].
970 1083 1046 1137 tfli
1094 1083 1491 1137 calumniantur
1528 1084 1677 1155 [.lls.,

111 1169 530 1243 calumnientur]
561 1171 615 1225 in
645 1172 917 1241 superbia,
949 1182 1003 1226 tu
1033 1173 1086 1226 in
1117 1173 1415 1227 humilitate
1436 1173 1677 1238 defende,

111 1272 166 1317 ut
195 1278 303 1317 non
328 1262 457 1318 mihi
484 1272 714 1318 noceant
740 1263 1020 1317 calumnia:
1046 1264 1419 1331 superborum.

177 1350 341 1406 Vens.
394 1350 516 1405 125.
558 1379 634 1390 ο-
673 1348 826 1403 Oculi
872 1352 973 1404 mei
1018 1351 1312 1419 defecerunt
1355 1351 1407 1402 in
1452 1350 1681 1403 salutare

106 1449 277 1501 tuum,
304 1449 352 1494 et
378 1440 432 1492 in
456 1438 717 1508 eloquium
727 1438 950 1508 justitire
980 1449 1101 1492 tum.
1142 1436 1319 1508 [Oculi
1347 1436 1467 1508 mei]
1494 1438 1542 1490 in
1570 1438 1682 1492 elo-

107 1531 292 1601 quium
313 1528 540 1598 iustitia:
563 1530 679 1594 Dei,
727 1531 829 1584 hoc
860 1539 965 1594 est,
997 1531 1049 1584 in
1088 1529 1495 1597 promissionem
1526 1528 1682 1582 Chri-

107 1622 194 1673 sti.
239 1619 509 1674 Defeci~se
535 1619 670 1673 dixit
701 1619 882 1673 oculos
930 1619 1106 1674 cordis
1137 1618 1218 1671 sui
1248 1635 1261 1670 :
1300 1633 1403 1671 non
1436 1618 1559 1686 quia
1600 1619 1680 1670 iu-

105 1710 274 1763 tentio
303 1708 659 1763 desiderantis
685 1708 845 1761 animi
885 1709 1023 1762 victa
1046 1708 1402 1768 succubuerit,
1434 1708 1525 1760 sed
1553 1708 1676 1775 quia

108 1800 157 1852 in
179 1798 636 1866 exspectationem
650 1798 833 1866 gratiae
852 1796 939 1849 Dei
958 1804 1066 1848 tom
1083 1798 1274 1855 mentis
1290 1796 1481 1848 ardore
1506 1804 1678 1849 trans—

1789 654 1904 691 esse
1933 657 1943 689 ε
1988 641 2098 692 ωδε
2131 646 2308 690 autem
2336 637 2513 689 omnia
2546 634 2799 702 parvulis,
2850 634 2901 687 id
2938 643 3019 687 est
3049 633 3340 686 humilibus

1786 736 2034 793 praxxtanl
2066 743 2255 795 purum
2282 727 2628 779 intellectum.

1858 816 2013 867 Vitis.
2052 817 2169 869 151.
2191 844 2263 854 —
2290 813 2360 867 Os
2383 832 2547 867 meum
2572 831 2748 881 operat
2786 823 2833 866 et
2864 814 3055 866 attraxi
3088 813 3349 882 spiritum.

1783 905 1903 969 quia
1934 904 2178 955 mandata
2209 914 2300 955 tua
2325 903 2700 956 desiderabam.
2726 902 2798 956 Os
2820 917 2993 956 meum
3020 904 3202 971 aperui
3233 920 3354 956 con-

1784 993 2001 1054 fitendo,
2036 994 2150 1047 sine
2182 1002 2231 1047 te
2263 994 2337 1046 nil
2372 1008 2456 1047 me
2497 1009 2650 1061 p0sse
2681 1011 2695 1054 ;
2737 1003 2791 1047 et
2825 995 3020 1047 attraxi
3052 994 3103 1047 in
3137 1009 3219 1047 me
3247 997 3351 1061 spio

1783 1080 1941 1132 ritum
1975 1081 2176 1149 gratim,
2226 1096 2321 1150 per
2367 1098 2523 1150 quem
2555 1082 2764 1136 confido
2815 1082 3006 1152 [Edit.,
3051 1066 3350 1153 considero]

1783 1169 2001 1237 implere
2044 1183 2129 1223 me
2159 1179 2315 1237 posse
2349 1186 2468 1239 qua:
2496 1171 2886 1235 desiderabam,
2920 1172 2970 1225 id
2991 1179 3072 1226 cst
3099 1172 3348 1225 mandata

1783 1266 1896 1311 tua.
3282 1328 3289 1334 ν

1853 1347 2012 1401 Vens.
2046 1348 2163 1401 159..
2192 1378 2259 1389 -
2286 1350 2466 1418 Aspice
2496 1350 2548 1402 in
2570 1367 2648 1403 me
2675 1360 2721 1403 et
2745 1351 2982 1404 miserere
3010 1352 3132 1414 mei,
3162 1365 3348 1405 secun-

1778 1436 1900 1488 dum
1918 1436 2182 1503 judicium
2209 1438 2533 1506 diligentiam
2554 1456 2735 1492 nomen
2761 1450 2926 1493 tuum.
2952 1440 3006 1493 Id
3027 1449 3129 1504 est,
3153 1456 3345 1495 secun-

1779 1528 1901 1580 dum
1925 1524 2185 1593 judicium
2220 1529 2357 1596 quod
2384 1530 2435 1581 in
2464 1545 2556 1582 eos
2587 1529 2756 1583 fecisti
2783 1532 2871 1597 qui
2903 1531 3127 1599 diligttnt
3152 1547 3344 1585 nomen

1778 1624 1946 1669 tuum.
1981 1617 2239 1682 Quoniam
2272 1628 2326 1671 ut
2355 1603 2697 1687 diligeremus
2735 1620 2887 1690 [.lls.,
2937 1622 3232 1691 diligerent.
3262 1662 3274 1674 .

1780 1716 1850 1767 te,
1884 1708 2029 1775 prius
2066 1708 2296 1762 dilexisti
2329 1725 2423 1762 uos
2455 1709 2603 1781 μὴ..
2650 1709 2788 1781 eos].
2840 1709 3104 1764 Judicium
3150 1712 3346 1779 quippe

1779 1807 1859 1850 est
1890 1798 2115 1867 Domini.
2156 1810 2213 1852 ut
2252 1815 2441 1853 nomen
2472 1816 2629 1853 suum
2667 1802 2845 1869 palam
2888 1800 3068 1867 faciat,
3104 1810 3159 1855 et
3188 1804 3345 1855 inise-

107 1890 247 1943 ierit.
289 1887 508 1943 Iustitia
535 1896 713 1941 autent
737 1885 877 1958 [Dei]
909 1902 1068 1956 quam
1096 1886 1270 1949 dixit,
1306 1885 1549 1939 Christus
1570 1892 1671 1947 est,
1711 1869 1749 1926 Β
1780 1887 2062 1940 ricordiam
2097 1888 2374 1959 largiatur.

106 1980 194 2048 qui
215 1977 395 2046 justus
427 1977 574 2031 facit.

174 2069 337 2123 Vnus.
374 2066 495 2120 121.
518 2095 589 2105 ——
618 2063 729 2118 Fac
753 2080 869 2117 cum
909 2079 1054 2117 servo
1082 2072 1173 2116 tuo
1209 2063 1493 2116 secundum
1522 2064 1671 2116 mise-

106 2158 387 2212 ricordiam
409 2167 578 2219 tuum,
606 2165 662 2209 ut
684 2156 795 2225 ipse
822 2164 945 2209 vota
973 2171 1084 2208 trea
1112 2154 1354 2224 perﬁciat
1377 2170 1389 2206 :
1422 2152 1488 2205 Et
1506 2154 1673 2222 justi-

101 2252 372 2320 ﬁcationes
395 2260 517 2304 tuas
544 2249 669 2302 doce
699 2263 797 2311 me,
828 2257 886 2301 ut
912 2262 1099 2300 eorum
1128 2247 1504 2308 humilitatem,
1535 2246 1672 2298 sicut

102 2343 299 2411 sapius
322 2340 524 2410 optavi,
556 2339 753 2409 possint
781 2338 1082 2393 advertere.

172 2431 335 2485 Vens.
368 2429 488 2483 125.
519 2457 589 2469 --
611 2428 803 2483 Seruus
836 2437 955 2481 tuus
987 2442 1104 2480 sunt
1126 2442 1237 2495 ego,
1276 2424 1347 2477 da
1372 2425 1496 2478 milii
1522 2424 1675 2477 intel-

98 2519 311 2582 lectum,
347 2527 406 2571 ut
433 2517 597 2571 sciam
636 2516 929 2570 testimonia
970 2524 1083 2568 tua.
1132 2515 1178 2568 Α
1212 2523 1264 2568 te
1289 2530 1351 2567 ea
1392 2515 1593 2567 discam
1617 2521 1672 2566 et

98 2623 203 2661 non
228 2608 299 2662 ab
328 2606 596 2661 btereticis
618 2605 703 2659 vel
726 2603 945 2659 ludatis.
977 2601 1111 2669 Quia
1150 2602 1353 2656 nullum
1378 2602 1505 2655 mihi
1534 2612 1668 2655 tem-

98 2710 199 2765 pus
229 2705 318 2751 est
342 2698 413 2751 ab
442 2696 827 2751 exercitatione
877 2693 1068 2768 [Edit.,
1116 2691 1534 2764 exspectatione]
1567 2701 1670 2746 tua:

96 2787 381 2842 servitutis
402 2788 654 2842 otiosum.

165 2875 332 2932 Vnus.
374 2875 493 2930 126.
518 2905 588 2916 —
612 2874 831 2945 Tempus
858 2874 981 2928 bene
1010 2872 1258 2944 faciendi,
1292 2872 1534 2937 Domine,
1561 2873 1670 2926 dis-

96 2968 400 3037 sipaverunt
424 2965 585 3036 legem
614 2976 780 3020 tuam.
831 2963 999 3019 Judzni
1026 2965 1230 3033 utique,
1282 2965 1372 3034 qtti
1402 2979 1520 3017 eam
1555 2965 1665 3035 Spi-

97 3055 329 3110 ritaliter
378 3070 485 3109 non
545 3055 940 3109 intellexerunt.
1020 3052 1127 3108 Sed
1188 3054 1367 3107 veniet
1436 3063 1663 3121 tempus,

96 3144 311 3213 quando
345 3143 556 3199 occulta
602 3143 742 3198 illius
782 3142 1036 3197 Dominus
1081 3141 1243 3197 faciet
1286 3142 1665 3212 pucdicatioue

96 3233 400 3305 evangelica
426 3234 678 3288 reserari.

164 3325 329 3380 Vens.
354 3325 473 3378 127.
500 3355 571 3365 -
596 3324 722 3379 Ideo
744 3324 905 3379 dilexi
923 3325 1171 3380 mandata
1192 3334 1281 3378 tua
1302 3339 1456 3393 super
1476 3339 1664 3376 aurum

97 3424 141 3467 et
166 3414 432 3484 topasion.
485 3413 634 3470 Sicut
682 3416 826 3469 enim
850 3430 1037 3470 aurum
1067 3423 1378 3470 cunctorum
1421 3412 1664 3467 metallo-

97 3521 215 3559 rum
259 3505 519 3575 praeoellit
543 3505 794 3573 pretium,
840 3507 913 3560 ita
949 3507 1206 3575 topazius,
1254 3505 1490 3559 omnium
1521 3518 1667 3572 gem-

98 3609 306 3647 marum
331 3594 386 3647 in
413 3608 473 3649 se
492 3595 771 3649 continens
793 3594 1265 3663 pulchritudinem,
1289 3594 1525 3647 omnium
1553 3592 1668 3644 vin-

96 3686 167 3737 cit
220 3685 474 3739 honores.
528 3685 653 3739 Ideo
695 3685 957 3754 Propheta
1005 3700 1167 3755 super
1214 3687 1326 3739 bazc
1368 3685 1545 3739 omnia
1572 3683 1666 3738 Dei

97 3776 349 3830 mandata
380 3774 574 3845 diligit,
615 3775 742 3845 quia
772 3775 825 3828 in
857 3776 939 3829 his
964 3776 1246 3829 adventum
1292 3775 1522 3836 Domini,
1574 3775 1665 3841 qui

97 3865 351 3919 mundum
411 3864 785 3934 redempturus
809 3872 892 3919 est
913 3905 927 3926 ,
960 3866 1368 3932 prtenuntEatutn
1402 3863 1664 3931 intelligit.

164 3954 328 4009 Vsus.
361 3952 481 4009 128.
506 3952 873 4025 -—Propterea
902 3953 972 4007 ad
996 3953 1169 4006 omnia
1197 3953 1442 4005 mandata
1470 3961 1562 4004 tua
1586 3951 1667 4004 di-

97 4043 319 4112 rigetur,
358 4057 562 4095 omnem
587 4042 724 4095 viam
758 4043 995 4110 iniquam
1010 4041 1130 4096 odio
1156 4041 1336 4094 habui.
1378 4039 1479 4105 Qui
1508 4054 1667 4107 super

95 4143 285 4183 aurum
309 4137 367 4183 et
391 4142 631 4199 gemmas
672 4127 845 4198 legem
884 4127 1093 4181 Domini
1130 4127 1399 4196 diligebat,
1447 4141 1667 4180 necesse

97 4219 195 4273 fuit
220 4227 283 4273 ut
315 4220 382 4273 ad
409 4219 590 4273 omnia
633 4220 884 4273 mandata
911 4217 1025 4286 ejus
1063 4219 1396 4272 rectissimus
1435 4233 1665 4287 appare-

98 4320 199 4377 ret,
230 4320 285 4366 et
311 4311 513 4365 odisset
539 4324 846 4380 perversam
876 4309 1041 4373 viam,
1087 4309 1212 4378 quia
1255 4309 1449 4363 meruit
1482 4324 1666 4363 amare

96 4401 472 4455 rectissimam.
512 4401 696 4470 Iniqua
726 4400 988 4469 siquidem
1013 4401 1098 4454 via
1125 4409 1225 4463 est,
1274 4416 1393 4470 qua:
1421 4417 1517 4454 nos
1543 4416 1667 4469 per-

1848 1976 2004 2030 V:.us.
2042 1979 2156 2032 155.
2187 2008 2259 2018 --—
2286 1979 2505 2034 Crassus
2547 1998 2686 2034 meos
2714 1982 2880 2049 dirige
2914 1982 3195 2035 secundum
3234 1983 3343 2037 elo-

1773 2068 1949 2134 quium
1973 2078 2139 2131 tuum,
2185 2079 2233 2123 et
2262 2088 2363 2124 non
2390 2072 2684 2124 dominetur
2724 2073 2826 2125 mei
2852 2073 3015 2125 omnia
3060 2073 3341 2142 iujustitia.

1774 2158 2002 2212 Gressus
2031 2161 2177 2228 quid,
2225 2161 2326 2214 nisi
2359 2160 2460 2232 [ut]
2492 2163 2581 2214 Dei
2608 2171 2891 2231 praecepta,
2926 2177 3044 2230 qua:
3074 2160 3342 2233 [imponit]

1768 2246 2023 2313 jubendo,
2053 2248 2257 2317 impleri
2285 2248 2447 2303 faciat
2471 2249 2765 2317 at’juvando
2786 2251 2808 2301 ?
2833 2249 3060 2304 Grcssus
3082 2252 3345 2320 significat

1772 2345 1946 2387 motus
1965 2338 2154 2390 anima:
2180 2352 2194 2389 :
2226 2337 2323 2391 hos
2345 2348 2526 2392 sancta
2549 2339 2740 2393 cohors
2765 2341 3051 2393 secundum
3075 2341 3342 2409 eloquium

1772 2426 1978 2480 Domini
2004 2428 2234 2494 postulat
2260 2429 2440 2498 dirigi,
2483 2430 2573 2498 qui
2603 2441 2808 2485 rectum
2841 2433 2942 2486 iter
2965 2441 3266 2487 monstrant
3290 2443 3346 2488 et

1771 2516 2021 2567 mandant
2053 2517 2277 2586 ingredi.
2311 2516 2377 2571 Et
2409 2535 2509 2572 non
2551 2520 2970 2574 domineturmei
3001 2520 3186 2592 [Edit..
3215 2532 3342 2576 ut...

1768 2603 1822 2656 in
1842 2603 1937 2675 eis]
1968 2605 2265 2673 injustitia;
2305 2607 2460 2660 scivit
2485 2608 2627 2661 enim
2658 2610 2799 2677 quod
2826 2610 2879 2662 in
2922 2610 3022 2663 hac
3051 2611 3155 2663 vita
3192 2611 3344 2678 peni-

1770 2703 1857 2746 tus
1895 2695 2105 2749 excludi
2152 2710 2257 2749 non
2301 2705 2529 2763 poterat,
2579 2697 2732 2766 cujus
2771 2697 3028 2765 uidelicet
3070 2698 3343 2753 dominum

1772 2781 1922 2853 μη..
1952 2782 2270 2855 dominium]
2298 2786 2510 2838 sibimet
2534 2786 2759 2839 subdere
2791 2794 3056 2855 precatur.

1843 2872 2001 2925 Vens.
2036 2872 2155 2929 151.
2184 2901 2256 2910 -
2285 2870 2501 2925 Redime
2530 2890 2609 2926 me
2655 2891 2688 2927 a
2735 2875 3009 2928 calumniis
3054 2874 3340 2939 hominum,

1770 2972 1822 3014 ut
1853 2962 2141 3017 custodiam
2180 2965 2427 3018 mandata
2454 2974 2563 3018 tua.
2603 2965 2681 3019 Tu
2710 2981 2807 3035 age
2837 2966 3028 3036 [Edit.,
3058 2966 3236 3039 tange]
3262 2968 3343 3023 in-

1771 3052 1888 3108 fuso
1916 3055 2106 3123 spiritu
2134 3066 2243 3115 tuo,
2288 3070 2355 3109 ne
2386 3071 2471 3110 me
2497 3056 2775 3111 calumniae
2818 3056 3091 3111 hominum
3123 3058 3343 3113 terrori-

1766 3143 1864 3197 bus
1891 3143 2125 3205 vincant,
2174 3151 2227 3197 et
2260 3158 2289 3196 a
2325 3143 2429 3195 tuis
2475 3145 2742 3199 mandatis
2770 3145 2930 3216 373
2965 3147 3031 3209 ad
3059 3161 3156 3201 sua
3202 3147 3340 3201 mala

1688 3207 1735 3270 (ἶ
1764 3231 2005 3285 facienda
2044 3230 2199 3302 [5!s.,
2250 3231 2415 3304 facta]
2448 3235 2746 3288 traducaut.
2884 3207 3038 3290 enim
3084 3237 3186 3293 hoc
3229 3253 3341 3291 me-

1763 3336 1887 3375 cum
1921 3324 2117 3390 egeris,
2159 3323 2300 3377 inter
2344 3324 2487 3393 ipsas
2514 3324 2812 3378 calumnias
2847 3326 3145 3380 custodiam
3190 3343 3340 3381 man-

1764 3410 1887 3463 data
1916 3418 2023 3463 tua.

1835 3500 1996 3553 Vens.
2026 3498 2144 3553 155.
2176 3531 2246 3540 -
2276 3498 2511 3565 Faciem,
2540 3503 2732 3571 inquit,
2753 3512 2897 3555 tuam
2919 3502 3159 3556 illumina
3182 3520 3338 3573 super

1762 3607 1962 3644 serram
1990 3601 2157 3654 tuum,
2182 3591 2234 3645 id
2272 3599 2373 3654 est,
2395 3601 2539 3647 tuam
2569 3593 2872 3659 manifesta,
2898 3594 3260 3649 subveniendo
3278 3601 3336 3649 ct

1763 3686 2095 3755 opitulando,
2126 3688 2489 3755 prmsentiam.
2526 3687 2594 3741 Et
2641 3690 2768 3742 doce
2820 3705 2901 3743 me
2931 3688 3336 3757 justi/icationcs

1764 3785 1914 3837 tuas;
1944 3773 2095 3835 doce,
2124 3773 2310 3843 utique
2336 3784 2393 3828 ut
2425 3776 2643 3831 faciam.

1836 3862 1997 3916 Vens.
2028 3861 2149 3916 156.
2177 3892 2249 3902 -
2290 3863 2477 3918 Exitus
2527 3881 2785 3934 aquarum
2829 3865 3149 3920 deduxerant
3198 3865 3337 3919 oculi

1764 3954 1887 4016 mei,
1912 3955 2037 4023 quia
2065 3969 2168 4006 non
2190 3954 2543 4007 custodierunt
2570 3954 2732 4025 legem
2758 3964 2922 4007 tuam.
2958 3954 3156 4009 Veram
3189 3969 3334 4010 scm-

1763 4057 1861 4111 pcr
1888 4042 2001 4112 agit
2025 4042 2395 4111 paenitentiam
2425 4043 2514 4098 hic
2544 4053 2785 4108 sanctus,
2818 4053 2874 4098 ct
2893 4060 2995 4099 non
3014 4052 3195 4099 cessat
3238 4044 3338 4098 llu—

1764 4131 1903 4183 eatis
1926 4128 2289 4198 lactymarum
2312 4131 2530 4199 antiqua
2558 4131 2752 4186 delicta
2780 4132 3077 4196 diluere,ut
3101 4141 3154 4185 tu
3178 4133 3335 4186 intel-

1764 4219 1918 4289 ligas,
1948 4219 2050 4272 nisi
2080 4233 2265 4272 veram
2290 4221 2657 4288 pmnitentiam
2688 4221 2885 4290 egeris,
2920 4222 3013 4276 tibi
3047 4220 3205 4278 facile
3228 4239 3333 4278 non

1764 4310 1958 4365 dimitti
1988 4324 2107 4379 qua:
2134 4310 2392 4380 gesseris.
2422 4312 2558 4365 Vera
2580 4320 2665 4366 cst
2688 4312 2831 4366 enim
2852 4314 3157 4383 pmnitenti'
3192 4314 3336 4384 jugi—

1765 4409 1848 4455 ter
1874 4400 2086 4455 ﬂetibus
2115 4402 2404 4455 commissa
2440 4402 2667 4466 diluere,
2692 4409 2745 4456 et
2776 4402 2955 4456 abluta
2973 4418 3079 4457 non
3109 4412 3327 4458 tterarc.

95 4492 242 4546 ducit
267 4493 338 4545 ad
360 4491 527 4556 vitia;
568 4476 715 4545 recta
743 4500 919 4545 autem
942 4492 1222 4556 virtutum,
1250 4508 1369 4561 qua:
1397 4493 1550 4547 nobis
1574 4493 1662 4546 in-
1690 4537 1742 4593 Β

1616 4509 1662 4546 ι’·
1690 4537 1742 4593 D
1834 4510 1996 4563 Vens.
2023 4508 2290 4573 137,138.
2318 4510 2596 4563 --Juslus
2645 4527 2721 4574 es,
2760 4510 3002 4572 Domine,
3051 4520 3102 4565 et
3138 4522 3329 4566 rectum

96 4580 420 4650 dulgeutiam
448 4587 504 4634 et
520 4581 751 4635 salutem
785 4581 991 4634 tribuit.

160 4669 479 4726 “35.129.
521 4699 592 4710 -
633 4668 902 4723 Hirabilia
941 4669 1234 4723 testimonia
1263 4678 1374 4731 tua,
1422 4668 1661 4734 Domine,

96 4758 209 4812 ideo
228 4768 463 4813 scrutata
492 4768 567 4813 est
584 4774 646 4813 ea
673 4759 850 4813 anima
871 4774 1005 4812 mea.
1035 4753 1168 4812 Vide
1199 4758 1253 4812 in
1284 4758 1368 4813 bis
1389 4757 1533 4812 aliud
1556 4760 1661 4828 agi,

97 4848 238 4904 aliud
271 4848 512 4919 ﬁgurari.
536 4849 787 4919 ideoque,
837 4850 978 4919 quod
1008 4849 1137 4905 mihi
1168 4849 1360 4903 mirum
1393 4857 1496 4913 est,
1545 4849 1665 4903 dili-

96 4940 307 5008 gentius
335 4947 672 5009 perscrutor,
722 4946 782 4992 ut
806 4947 996 4993 cuncta
1048 4946 1099 4992 te
1125 4937 1432 4993 declarante
1470 4954 1666 5009 cogno—

96 5044 241 5085 scam

164 5120 258 5173 Ve.
285 5136 325 5175 ς.
356 5120 481 5174 150.
519 5118 591 5161 σὲ-
618 5118 916 5172 Declaratio
959 5108 1256 5173 sermonum
1291 5130 1498 5173 tuorum
1544 5120 1664 5172 illu-

98 5209 255 5261 minat
279 5223 382 5271 me,
437 5218 482 5262 σε
523 5206 837 5263 intellectum
863 5206 954 5260 dat
984 5207 1239 5275 parvulis.
1289 5207 1485 5275 Sancta
1515 5207 1663 5277 plebs

98 5299 221 5353 dicit
242 5311 301 5357 se
326 5298 684 5353 illuminatam
710 5298 1068 5354 declaratione
1089 5313 1394 5363 sermonum
1429 5299 1659 5365 Domini,

80 5390 275 5459 utique
299 5389 681 5459 prophezamm
707 5389 936 5454 Domini,
959 5391 1050 5461 qui
1074 5390 1162 5444 diu
1183 5392 1478 5446 absconditi
1508 5402 1656 5447 sunt:

102 5477 165 5531 [ι
186 5489 306 5534 est:
338 5477 477 5534 Ecce
501 5478 646 5548 virgo
669 5483 938 5550 concipiet,
964 5492 1066 5537 etc.
1098 5482 1254 5552 (Isa.,
1290 5499 1385 5547 vn,
1417 5486 1526 5555 ii.)
1557 5487 1656 5540 Et:

109 5568 297 5623 Videbit
339 5571 512 5624 omnis
547 5586 670 5624 caro
704 5571 934 5625 salutare
976 5574 1106 5638 Dei,
1152 5583 1253 5628 etc.
1283 5574 1431 5642 (Luc.
1465 5594 1546 5637 tu,
1581 5578 1654 5647 6).

98 5659 235 5713 Nunc
262 5673 361 5728 per
405 5659 692 5713 adventum
722 5659 952 5723 Domini,
1004 5662 1106 5716 illis
1151 5664 1487 5718 sermonitus
1523 5668 1658 5722 actis

97 5761 144 5803 et
166 5748 464 5819 completis,
505 5747 797 5805 illuminata
830 5751 1001 5804 cernit
1026 5754 1222 5817 omnia,
1271 5754 1501 5831 Vet'bunt
1541 5772 1649 5811 car-

1756 4598 2021 4668 judicium
2048 4608 2213 4651 tuum.
2242 4598 2508 4652 Mandasti
2529 4601 2791 4669 justitiam
2825 4600 3118 4655 testimonia
3148 4610 3263 4667 tua,
3285 4613 3332 4657 ct

1763 4691 2187 4743 veritatemtuam
2209 4690 2383 4744 nimis.
2415 4689 2605 4760 Magna
2633 4698 2718 4746 est
2739 4692 2882 4745 enim
2912 4692 2965 4745 in
2990 4698 3220 4759 utroque
3243 4693 3331 4761 ju-

1762 4776 1907 4832 stitia
1948 4778 2066 4842 Dei,
2107 4787 2420 4847 rectumque
2462 4780 2745 4848 judicium,
2800 4792 2908 4849 quo
2955 4788 3010 4833 et
3056 4783 3328 4849 peccaturi

1760 4879 1917 4933 pmna
1939 4866 2267 4929 decernitur,
2298 4874 2355 4919 et
2385 4866 2664 4934 panitenti
2681 4866 3000 4934 justilicatio
3021 4884 3127 4921 non
3167 4868 3331 4922 deuo.

1762 4961 1937 5020 gatur.
1961 4951 2131 5004 Nimis
2149 4953 2215 5004 ad
2236 4960 2523 5019 utrumque
2543 4954 2795 5020 pertinet,
2821 4955 2931 5008 sive
2955 4955 3022 5008 ad
3040 4954 3327 5029 justitiam,

1762 5046 1872 5096 sive
1904 5044 1969 5096 ad
1992 5044 2293 5097 veritatem.

1833 5134 1993 5187 Vens.
2022 5133 2139 5188 139.
2169 5165 2241 5174 -—
2263 5133 2538 5189 Tabescere
2558 5151 2637 5188 me
2657 5131 2778 5198 fecit
2802 5136 2938 5190 zelus
2963 5120 3147 5191 domus
3196 5147 3325 5199 tum,

1760 5224 1879 5292 quia
1904 5222 2047 5275 obliti
2075 5232 2196 5276 sunt
2230 5223 2379 5276 verba
2407 5233 2499 5276 tua
2520 5226 2718 5277 inimici
2739 5227 2858 5278 mei.
2886 5225 3043 5279 Zelus
3061 5225 3160 5279 iste
3183 5241 3328 5278 amo-

1763 5316 1834 5366 ris
1856 5322 1960 5377 cst,
1983 5329 2086 5367 non
2116 5314 2313 5368 laboris
2341 5329 2355 5367 :
2390 5324 2575 5368 sancta
2600 5316 2742 5368 enim
2768 5316 3108 5371 aemulatione
3147 5319 3326 5372 inimi—

1706 5468 1713 5473 ι
1761 5419 1852 5456 cos
1886 5418 2011 5458 suos
2034 5404 2149 5457 vult
2172 5418 2291 5458 esse
2330 5412 2641 5468 correctos;
2697 5404 2883 5459 dolens
2929 5415 2985 5460 ct
3021 5406 3325 5468 tabescens,

1759 5495 1898 5561 quod
1925 5494 2073 5547 obliti
2098 5495 2207 5547 sint
2231 5491 2516 5547 verborum
2543 5492 2659 5548 Dei.

1830 5581 1989 5633 Vens.
2018 5582 2138 5635 H0.
2169 5612 2241 5621 ——
2265 5580 2493 5650 Ignitum
2528 5582 2785 5650 eloquium
2814 5595 2958 5635 tuum
2987 5582 3321 5642 uehementer,

1756 5681 1799 5723 et
1831 5685 2004 5721 servus
2026 5679 2149 5723 tuas
2177 5670 2358 5723 dilexit
2390 5671 2540 5723 illud.
2565 5670 2699 5735 Quia
2719 5674 2857 5725 sicut
2888 5680 3164 5741 peccatum
3196 5687 3322 5726 con-

1758 5760 1940 5821 sumit,
1971 5759 2042 5813 ita
2073 5770 2409 5827 peccantem,
2443 5761 2485 5813 si
2511 5768 2872 5819 convertatur,
2909 5760 3185 5815 illuminat.
3214 5760 3318 5814 ἵκω
