4338 6410
712 469 814 526 615

1567 457 1624 510 ll.
1666 457 1723 510 ι’.
1767 453 1991 508 ALBINl
2032 451 2158 507 δερ
2199 444 2472 511 Αιλῑιιιχι
2513 443 2793 512 υιιειιωι
2835 441 3010 509 PARS
3047 436 3106 507 Il.

3867 427 3983 483 616

717 583 853 653 ignis
877 591 1054 634 sermo
1079 575 1274 629 Christi
1303 565 1408 634 est,
1433 571 1497 625 de
1527 585 1634 639 quo
1653 569 1818 623 dicit:
1846 565 2024 636 Ignem
2047 566 2155 618 veni
2173 566 2288 616 mit—
2322 566 2363 620 Α
2392 557 2467 610 ris
2505 555 2690 610 beatos
2713 556 2861 620 facit,
2898 570 2962 607 ex
2993 551 3218 620 captivis
3247 549 3465 610 liberos,
3487 563 3550 599 et
3603 544 3979 653 inermisque

715 652 821 725 tere
851 673 904 723 in
929 680 1155 731 terram;
1203 664 1327 736 quid
1350 660 1672 724 autcmrolo,
1705 660 1805 712 nisi
1832 668 1884 711 ut
1917 659 2098 710 ardeat
2133 652 2281 725 (Luc.

716 779 816 826 xu,
838 761 964 832 49)?
993 759 1145 815 llunc
1177 759 1351 828 ignem
1383 756 1510 810 dicit
1533 770 1591 808 se
1633 752 1902 814 dilexisse,
1955 750 2078 819 quia
2122 749 2284 802 vitam

716 852 944 917 confert,
996 861 1051 909 et
1104 851 1362 905 honorem
1387 845 1788 911 remediumque
1808 840 1992 911 generi
2030 839 2283 895 humano.

786 945 947 1002 Vsus.
983 943 1101 996 141.
1124 968 1194 982 -—
1220 937 1607 994 Adolescentior
1633 950 1747 987 sum
1777 949 1868 1000 ego
1882 941 1927 984 et
1944 938 2287 996 contemptus,

708 1033 1110 1106 iustiﬁcationes
1132 1042 1246 1082 tuas
1278 1044 1378 1080 non
1407 1021 1520 1078 sum
1547 1023 1755 1082 oblitus.
1788 1020 1931 1073 Bene
1957 1019 2044 1072 hic
2064 1019 2288 1070 duorum

715 1123 1033 1196 pepulerunt
1059 1118 1368 1188 intelligitur
1403 1112 1722 1184 significatio
1753 1128 1763 1162 :
1791 1110 1915 1178 quia
1959 1107 2142 1177 junior
2193 1119 2290 1175 po-

715 1213 873 1285 pulus
904 1220 1244 1280 contemptus
1273 1216 1355 1261 est
1379 1220 1409 1258 a
1447 1205 1667 1273 majore,
1697 1202 1787 1272 qui
1815 1210 2016 1263 tamen,
2045 1197 2138 1263 Dei
2171 1211 2293 1264 gra-

718 1305 794 1358 tia
820 1305 1072 1363 donante.
1107 1299 1359 1355 mandata
1391 1297 1506 1365 ejus
1531 1308 1635 1348 non
1657 1300 1741 1346 est
1763 1289 1978 1345 oblitus.
2169 1350 2172 1352 γ

790 1395 953 1451 Vens.
989 1392 1111 1449 ηε.
1134 1421 1204 1430 —
1236 1388 1455 1444 Justitia
1483 1396 1574 1438 tua
1599 1383 1810 1452 justitia
1848 1382 1901 1433 in
1946 1389 2217 1441 wternum,
2247 1384 2293 1427 et

717 1489 803 1542 lea:
830 1498 922 1541 tua
961 1484 1168 1543 veritas.
1200 1479 1421 1533 Justitia
1466 1473 1674 1528 Domini
1718 1481 1896 1524 manet
1929 1469 1981 1522 in
2011 1477 2292 1526 internum,

719 1587 774 1633 ct
798 1576 890 1646 qui
919 1572 1154 1636 custodit
1172 1571 1288 1640 ejus
1318 1568 1620 1627 veritatem,
1649 1571 1848 1616 interna
1882 1557 2136 1612 felicitate
2162 1571 2294 1627 gau-

721 1665 885 1720 debit.
931 1661 1082 1726 lianc
1119 1657 1344 1730 populus
1374 1654 1713 1709 Christianus
1760 1649 2039 1712 intellexit,
2075 1656 2131 1700 et
2180 1647 2298 1700 ideo

721 1757 949 1811 veritate
978 1751 1274 1820 completus
1307 1755 1409 1811 est,
1440 1759 1559 1815 qua:
1585 1753 1669 1808 est
1725 1741 1975 1796 Christus
2019 1738 2295 1801 Dominus,

722 1845 813 1914 qui
855 1841 990 1896 dixit
1021 1858 1033 1892 :
1078 1837 1191 1908 Ego
1219 1853 1334 1889 sum
1372 1836 1473 1897 via,
1513 1833 1699 1887 veritas
1720 1840 1766 1883 et
1789 1831 1913 1883 vita.

2390 662 2506 702 vos.
2543 645 2843 700 Secundum
2882 644 3143 714 judicium
3178 651 3345 702 tuum,
3393 652 3498 707 quo
3544 633 3988 705 supplicantibus

2389 740 2568 808 parcis
2601 758 2612 790 :
2647 738 2905 792 vivificari
2933 736 3074 790 enim
3100 749 3205 787 non
3236 740 3432 802 potest,
3465 730 3567 784 nisi
3594 731 3684 798 qui
3707 729 3759 783 in
3773 743 3831 782 se
3845 743 3985 798 pro-

2390 830 2563 898 priam
2603 844 2706 882 non
2735 829 2895 882 habet
2914 829 3100 882 vitam.

2467 920 2626 973 Vens.
2653 919 2774 972 150.
2805 948 2877 957 —
2903 917 3458 987 Appropinquaverunt
3504 918 3864 980 persequentes
3895 924 3989 961 me

2391 1014 2660 1083 iniquitati
2706 1012 2856 1084 [Ms.,
2882 1009 3202 1082 iniquitate],
3225 1028 3256 1062 a
3280 1009 3390 1078 lege
3416 1017 3588 1062 autem
3610 1016 3700 1059 tua
3718 1004 3868 1074 longe
3895 1003 3991 1072 fa-

2393 1104 2460 1156 cti
2483 1113 2622 1156 sunt.
2647 1103 2798 1161 Tunc
2826 1100 3256 1171 appmpinquant
3287 1091 3739 1168 [persequentes],
3760 1091 3989 1160 quando

2394 1210 2562 1265 usque
2594 1195 2659 1248 ad
2689 1209 2909 1254 carnem
2931 1188 3281 1246 eruciandam
3312 1185 3748 1258 perimendamve
3786 1195 3990 1253 perve—

2395 1285 2548 1338 niunt
2573 1304 2582 1336 :
2620 1286 2714 1338 sed
2745 1292 2946 1353 quanto
2974 1281 3264 1336 viciniores
3294 1287 3420 1333 sunt
3457 1283 3838 1352 persequentes
3867 1273 3990 1344 isti,

2397 1381 2547 1427 tanto
2572 1373 2840 1443 longiores
2871 1379 2996 1426 sunt
3035 1386 3065 1424 a
3088 1370 3203 1440 lege
3225 1369 3469 1439 iustitiae.

2477 1468 2638 1524 Vens.
2674 1465 2793 1518 151.
2827 1494 2897 1504 -
2926 1462 3102 1532 Prope
3131 1479 3185 1516 es
3214 1465 3292 1528 tu,
3329 1461 3574 1526 Domine,
3601 1470 3647 1515 et
3677 1477 3857 1518 omnes
3883 1462 3990 1514 uia:

2399 1572 2501 1616 tum
2523 1559 2732 1613 ueritas.
2761 1555 2960 1610 Contra
2987 1553 3132 1607 illam
3150 1553 3550 1623 proximitatem
3561 1549 3989 1621 persecutionis,

2400 1651 2730 1711 vicinitatem
2756 1645 2969 1704 Domini
2995 1645 3098 1699 sibi
3129 1645 3260 1698 dicit
3285 1642 3604 1704 remedium,
3631 1642 3771 1696 unde
3792 1641 3991 1697 salutis

2403 1743 2661 1798 auxilium
2691 1745 2916 1792 noverat
2939 1744 3248 1798 venturum,
3279 1749 3382 1787 non
3401 1731 3990 1805 [per]iti_nerislocnm,

2407 1833 2502 1889 sed
2527 1846 2623 1902 per
2650 1829 2932 1886 veritatem
2964 1825 3344 1887 mandatorum
3368 1824 3460 1878 Dei
3487 1822 3739 1878 cordibus
3768 1831 3995 1877 saneto-

800 1933 958 1987 Vsns.
983 1931 1105 1985 143.
1136 1959 1206 1969 -—
1243 1927 1531 1981 Tributatio
1559 1934 1605 1977 et
1628 1923 2183 1992 angustiainreneruut
2199 1935 2298 1985 me,
2339 1908 2380 1964 Β
2410 1940 2526 1978 rum
2551 1921 2819 1991 illapsam.

726 2023 977 2079 niandata
999 2032 1089 2074 tua
1116 2019 1384 2072 meditatio
1418 2033 1531 2069 mea
1559 2024 1655 2067 est.
1695 2012 1911 2066 Saevitia
1961 2011 2301 2075 inimicorum

726 2114 890 2170 infert
910 2113 1033 2179 huic
1047 2109 1246 2181 juniqri
1279 2107 1699 2175 tribulationem,
1732 2103 1827 2158 sed
1841 2118 1945 2156 non
1961 2103 2157 2158 amittit
2177 2101 2304 2161 cha—_

728 2208 962 2270 ritatem.
997 2200 1271 2272 Meditatio
1300 2198 1442 2267 enim
1474 2196 1642 2268 ipsius
1680 2194 1930 2264 mandata
1983 2199 2110 2244 sunt
2165 2191 2256 2244 Dci
2287 2210 2300 2244 ε

729 2314 796 2356 ει
833 2291 1027 2366 quibus
1079 2295 1183 2356 liis,
1237 2291 1330 2362 qui
1377 2305 1501 2345 cum
1552 2288 1802 2354 oderunt,
1852 2285 2190 2339 dilectionem
2223 2298 2306 2336 re-

732 2389 946 2459 pendet.

803 2481 965 2536 Vens.
995 2476 1116 2532 144.
1142 2506 1210 2517 -ο
1240 2474 1484 2546 ,ιΕᾳιιὶιαε
1504 2473 1798 2527 testimonia
1821 2482 1912 2526 tua
1939 2473 1993 2525 in
2034 2481 2306 2534 a'temum,

739 2555 1054 2635 intellectum
1078 2568 1144 2620 du
1162 2567 1290 2629 mihi
1298 2605 1313 2631 ,
1335 2576 1381 2620 et
1405 2566 1590 2623 uiuam.
1610 2563 1841 2617 Pulchre
1870 2571 1991 2632 post
2012 2559 2166 2632 [MM
2184 2575 2313 2614 con-

736 2659 843 2734 tra]
871 2658 1241 2718 tribulationes
1273 2664 1327 2710 et
1349 2654 1644 2730 angustias,
1681 2668 1801 2722 quae
1828 2650 2140 2721 temporalia
2166 2659 2309 2712 sunt,

737 2755 914 2824 posita
942 2761 1026 2807 est
1073 2749 1296 2820 aequitas
1356 2748 1410 2802 in
1462 2755 1721 2800 aeternum
1777 2758 1899 2797 esse
1939 2741 2312 2795 mandatorum

741 2841 938 2915 [Edit.,
994 2835 1330 2909 mandatum]
1385 2835 1501 2898 Dei,
1551 2843 1612 2888 ut
1659 2832 1756 2886 tali
1801 2847 1896 2902 spe
1946 2831 2316 2900 unusquisque

743 2937 1138 2995 mntemneret,
1167 2941 1286 2998 qua:
1317 2925 1632 2997 temporalia
1655 2939 1775 2979 esse
1804 2923 2049 2978 sentiret.
2090 2920 2166 2974 Da
2190 2919 2317 2975 mihi

739 3021 1078 3090 intellectum,
1105 3021 1309 3089 utique,
1339 3027 1400 3072 ut
1420 3017 1602 3076 mundi
1657 3016 1813 3069 istius
1857 3012 2098 3082 pericula
2135 3021 2317 3064 trans-

745 3115 889 3171 itura
918 3123 975 3168 et
1003 3122 1348 3182 temporaiiea
1370 3108 1682 3178 intelligam.
1705 3105 1924 3164 Virilira
1947 3120 2054 3168 me,
2089 3112 2184 3172 sp‘e
2210 3103 2320 3157 sci-

746 3205 870 3260 licet
895 3205 1090 3258 futurae
1105 3200 1487 3268 retributionis.

2476 2015 2640 2068 Vens.
2666 2011 2786 2065 152.
2817 2040 2887 2050 -—
2917 2009 3080 2063 Initio
3095 2009 3311 2080 cognoui
3330 1996 3995 2076 detestimoniistuis,quia

2410 2108 2731 2161 ina'ternum
2769 2102 3002 2174 fundasti
3031 2118 3114 2156 ea.
3159 2102 3288 2166 Quae
3337 2109 3462 2155 sunt
3506 2101 3608 2156 ista
3655 2100 3993 2162 testimonia,

2411 2195 2512 2250 nisi
2543 2195 2738 2264 quibus
2766 2201 2994 2252 testatus
3018 2200 3104 2246 est
3141 2192 3304 2255 Deus,
3360 2192 3612 2257 daturum
3653 2206 3711 2246 se
3757 2188 3994 2263 [regem]

2413 2300 2742 2356 regnumque
2767 2283 2891 2339 filiis
2920 2281 3080 2356 [suis]
3107 2282 3546 2353 sempiternum?
3590 2282 3656 2336 Et
3699 2283 3819 2343 ideo
3873 2281 3993 2351 ipsa

2415 2377 2721 2430 testimonia
2756 2375 2810 2429 in
2836 2383 3098 2429 :eternum
3147 2372 3370 2427 fundata
3402 2390 3415 2425 :
3445 2373 3699 2442 quaniam
3748 2373 3801 2430 id
3848 2373 3997 2442 quod

2415 2467 2680 2537 promisit,
2711 2473 2970 2523 aeternum
2995 2472 3107 2528 est;
3140 2463 3393 2534 quoniam
3425 2461 3830 2524 fundamentum
3863 2477 3996 2532 pro-

2418 2554 2686 2613 missionis
2713 2562 2796 2608 est
2813 2551 3083 2618 Christus,
3135 2553 3189 2607 in
3219 2566 3325 2620 quo
3364 2553 3525 2622 hujus
3553 2552 3668 2622 spei
3684 2551 3997 2606 testimonia

2419 2662 2545 2702 vera
2584 2654 2743 2708 sunt,
2784 2660 2902 2714 quae
2927 2644 3015 2698 hic
3057 2643 3126 2698 ab
3161 2643 3316 2698 initio
3361 2645 3676 2715 cognovisse
3725 2658 3784 2698 se
3838 2643 3996 2706 dicit,

2420 2739 2547 2810 quia
2575 2737 2754 2791 verbis
2777 2735 3314 2805 Ecclesiznjoquitur,
3337 2751 3456 2804 qum
3483 2735 3551 2788 ab
3576 2734 3731 2789 initio
3780 2733 3998 2804 generis

2403 2826 2640 2885 .humani
2676 2836 2864 2880 exorta
2886 2825 3045 2880 nullis
3064 2824 3500 2896 generationibus
3524 2823 3711 2880 defuit.

2493 2919 2656 2974 Vsus.
2683 2918 2798 2972 155.
2850 2948 2921 2958 —
2965 2915 3091 2972 Vide
3142 2917 3486 2971 humilitatem
3536 2933 3724 2983 meum,
3775 2926 3822 2971 et
3843 2918 4000 2988 .eripe

2423 3026 2523 3078 me,
2554 3010 2676 3082 quia
2704 3008 2864 3085 legem
2885 3019 3030 3068 tuam
3061 3025 3164 3063 non
3191 3026 3308 3063 sum
3340 3009 3552 3064 oblitus.
3573 3007 3725 3074 Quod
3739 3010 3840 3065 -liic
3861 3009 3996 3076 ride,

2425 3101 2521 3166 ait,
2550 3100 2618 3166 ad
2644 3108 2910 3168 martyres
2935 3099 3168 3168 pertinet
3197 3095 3350 3170 [HM
3373 3097 3516 3168 quod
3543 3098 3632 3151 hic
3668 3096 3879 3152 videtur
3929 3097 3999 3151 ad

2429 3199 2697 3262 martyres
2727 3189 3044 3260 pertinere],
3067 3195 3296 3259 quorum
3321 3203 3515 3260 corpus
3549 3189 3799 3260 aﬂligitur
3835 3199 3894 3243 ut
3920 3190 4000 3246 vi:

817 3295 978 3351 Vens.
1003 3292 1125 3347 145.
1148 3265 1476 3347 —-Clamavi
1503 3292 1560 3344 in
1586 3301 1692 3344 toto
1743 3290 1896 3344 corde
1934 3305 2068 3352 meo,
2131 3289 2322 3342 exaudi
2353 3265 2395 3325 Ο
2429 3286 2552 3340 litas
2590 3284 2876 3354 pecudum.
2910 3280 3205 3352 Sequitur:
3240 3281 3306 3336 Et
3335 3283 3474 3352 eripe
3488 3298 3588 3345 me,
3606 3282 3750 3336 unde
3765 3281 3995 3343 scilicet,

747 3401 851 3448 me,
873 3383 1115 3447 Domine,
1126 3381 1536 3452 justi/Rationes
1558 3390 1676 3434 tuas
1703 3383 1984 3453 requiram.
2015 3378 2166 3432 Hunc
2217 3378 2329 3431 cla-

751 3490 957 3532 morem
978 3489 1084 3529 non
1113 3487 1388 3544 corporea:
1413 3473 1581 3537 vocis,
1610 3472 1704 3528 sed
1732 3473 1927 3527 mentis
1941 3470 2195 3542 spiritalis
2209 3484 2330 3524 esse

750 3583 893 3640 saepe
913 3567 1352 3630 memoravimus,
1383 3580 1480 3636 per
1507 3579 1667 3634 quem
1677 3563 1822 3632 justi
1839 3580 1870 3617 a
1897 3563 2008 3617 Deo
2032 3563 2329 3617 exaudiun-

753 3669 846 3714 tur
875 3677 888 3712 :
926 3659 1018 3728 qui
1044 3657 1314 3728 praecipue
1340 3671 1527 3711 eorum
1550 3654 1704 3728 [Ms.,
1731 3655 1816 3709 vel
1846 3654 1934 3708 ille
1960 3653 2210 3723 precibus
2241 3668 2332 3707 eo-

760 3745 903 3820 rum]
926 3747 1074 3817 pium
1102 3746 1290 3817 pandit
1308 3743 1580 3800 affectum.
1609 3743 2030 3798 iustificationes
2057 3753 2235 3798 autem
2252 3744 2332 3796 di-

757 3839 857 3902 cit,
883 3853 990 3892 non
1021 3837 1203 3892 smculi
1224 3836 1440 3890 divitias
1464 3849 1538 3902 ,se
1560 3835 1875 3904 exquirere;
1907 3849 2080 3903 neque
2109 3834 2176 3887 ad
2211 3848 2333 3887 nos-

757 3927 958 3982 cendas
1009 3934 1240 3991 tantum,
1267 3925 1364 3981 sed
1389 3925 1456 3980 ad
1482 3924 1777 3995 implendas
1813 3939 1928 3978 eas.

834 4015 992 4072 Vna.
1025 4014 1147 4069 146.
1172 4045 1244 4057 -
1268 4012 1504 4070 Clamavi
1526 4015 1594 4067 ad
1619 4025 1668 4067 te
1687 4053 1702 4077 ,
1729 4013 1930 4067 salvum
1983 4029 2064 4066 nte
2120 4013 2226 4081 fac,
2281 4022 2333 4064 ut

764 4103 1057 4160 custodiam
1089 4103 1337 4156 mandata
1356 4110 1468 4155 tua.
1503 4100 1663 4155 Nunc
1683 4101 2020 4155 demonstrat
2042 4101 2335 4154 clamorem

762 4193 1011 4264 superius
1039 4191 1106 4247 ad
1137 4191 1306 4247 Deum
1345 4188 1596 4254 etl'usum,
1624 4190 1727 4244 hoc
1749 4199 1850 4254 est,
1880 4198 1938 4242 ut
1957 4189 2192 4243 animam
2232 4189 2340 4244 sal-

765 4297 831 4336 va
859 4281 982 4336 tldei
1002 4281 1211 4336 ratione
1240 4280 1540 4342 roboraret,
1570 4287 1628 4333 et
1654 4278 1868 4348 corpori
1893 4286 2176 4347 praestaret
2196 4279 2338 4332 sani-

769 4380 958 4434 tatem,
985 4383 1175 4424 revera
1202 4369 1409 4439 utique,
1430 4377 1492 4422 ut
1515 4367 1724 4423 Domini
1773 4367 2026 4433 mandata
2069 4371 2340 4422 custodire

769 4459 959 4528 possit.

843 4550 999 4607 Vens.
1029 4547 1147 4617 147.
1175 4579 1245 4593 -
1265 4547 1500 4605 Ρτωυωιὶ
1540 4548 1597 4602 in
1629 4549 1951 4616 maturitate,
1991 4558 2038 4602 et
2095 4548 2338 4612 clamavi,

776 4642 829 4703 in
853 4639 1003 4694 rerba
1029 4649 1120 4694 tua
1139 4640 1516 4710 supersperavi.
1535 4639 1902 4694 lmmaturitas
1916 4641 2097 4710 itaque
2119 4652 2342 4697 noctur-

781 4746 907 4785 num
935 4740 1143 4802 tempus
1170 4740 1273 4797 est,
1300 4731 1443 4801 quod
1482 4746 1586 4786 non
1611 4740 1694 4786 est
1727 4740 2018 4798 maturum,
2048 4733 2100 4787 id
2129 4742 2212 4788 est
2244 4750 2341 4804 op-

763 4825 1082 4892 portunum,
1114 4830 1174 4875 ut
1198 4830 1360 4893 agant
1412 4820 1614 4891 aliquid
1659 4822 1943 4892 vigilando,
1987 4824 2130 4892 quod
2179 4825 2344 4877 etiam

779 4910 934 4980 vulgo
967 4910 1073 4964 dici
1095 4911 1249 4976 solet,
1276 4912 1408 4966 hora
1440 4913 1764 4982 importuna.
1792 4912 1984 4966 Vetera
2013 4913 2142 4969 vitia
2187 4913 2341 4980 pudi-

775 4997 908 5073 citia
929 4997 1151 5066 juvenili
1173 4994 1575 5072 pmvenit,‘qui
1602 5017 1701 5072 per
1729 5003 2094 5057 maturitatem
2147 5005 2348 5061 vivacis

783 5096 945 5149 animi
976 5110 1247 5164 nunquam
1277 5109 1426 5165 spem
1451 5111 1605 5150 suam
1627 5112 1658 5150 a
1689 5097 1870 5152 verbis
1895 5096 1988 5151 Dei
2020 5108 2276 5154 removet.

695 5175 698 5177 Α
857 5185 1013 5238 Vens.
1052 5182 1627 5240 l48.—Pnevenerunt
1657 5184 1794 5237 oculi
1821 5187 1921 5242 mei
1941 5185 2010 5238 ad
2037 5186 2348 5250 tediluculo,

786 5284 841 5326 ut
874 5274 1154 5329 meditarer
1179 5275 1386 5345 eloquia
1419 5284 1531 5330 tua.
1557 5274 1673 5330 Non
1735 5290 1860 5330 eum
1904 5276 1990 5330 lux
2041 5287 2350 5346 soporatum

791 5363 1008 5434 reperit,
1036 5364 1130 5420 sed
1160 5365 1466 5436 vigilantem
1489 5374 1725 5430 strenue,
1749 5374 1804 5422 ct
1826 5367 1973 5421 circa
2026 5367 2201 5422 divina
2246 5369 2356 5424 elo.

791 5455 937 5524 quia,
960 5454 1237 5509 oculorum
1267 5457 1587 5527 spiritalium
1628 5459 1942 5522 intentione,
1988 5458 2352 5513 meditantem.

862 5541 1024 5615 374
1051 5543 1210 5598 Vens.
1239 5545 1360 5600 149.
1392 5576 1463 5586 -
1487 5603 1490 5605 Α
1513 5545 1697 5600 Vocem
1727 5564 1893 5600 meam
1925 5549 2138 5609 exaudi,
2171 5547 2353 5602 Domi-

800 5646 882 5695 ne,
903 5634 1180 5686 secundum
1207 5634 1616 5687 misericordiam
1646 5644 1808 5697 tuam,
1835 5647 1882 5690 et
1911 5635 2193 5690 secundum
2207 5637 2359 5706 judi-

802 5719 934 5770 rium
962 5730 1107 5773 tuum
1133 5721 1330 5789 ririﬁra
1369 5739 1467 5775 me.
1495 5721 1691 5778 Deliiiit
1738 5723 1791 5778 in
1816 5724 1960 5778 nullo
1990 5725 2205 5781 homine
2237 5741 2359 5780 esse

805 5811 1251 5878 pra‘sumendum,
1278 5813 1376 5865 nisi
1401 5813 1450 5866 in
1478 5811 1587 5863 sola
1613 5810 1702 5864 Dei
1729 5813 1946 5880 pietate,
1975 5829 2091 5883 quae
2106 5829 2171 5868 ex
2198 5817 2358 5869 mise-

2430 3376 2532 3429 nisi
2556 3377 2620 3428 de
2643 3388 2927 3444 pmnarum
2963 3374 3270 3443 urgentium
3311 3373 3632 3427 necessitate
3679 3379 3734 3427 et
3759 3372 3826 3426 de
3861 3373 4001 3442 peri-

2431 3466 2551 3520 culo
2578 3467 2803 3521 mortis?
2824 3467 3020 3536 Legem
3048 3481 3178 3522 vero
3201 3468 3290 3521 hic
3314 3467 3461 3522 illam
3482 3467 3805 3520 sententiam
3847 3465 4000 3536 dicit,

2430 3574 2548 3628 qua:
2578 3559 2652 3612 ait
2675 3577 2687 3610 :
2720 3557 2902 3612 Omnis
2930 3560 3020 3629 qui
3048 3576 3102 3613 se
3123 3561 3341 3624 exultat,
3364 3557 3748 3623 Immitiabitur,
3773 3567 3820 3611 et
3839 3559 3928 3628 qui
3949 3574 4004 3611 se

2430 3651 2692 3714 humiliat,
2719 3649 3042 3704 exaltabitur-
3057 3651 3207 3722 (Luc.
3231 3667 3346 3715 xiv,
3363 3651 3471 3721 11).
3498 3649 3648 3704 llanc
3663 3665 3720 3705 se
3738 3649 3870 3705 dicit
3897 3665 4002 3705 non

2431 3742 2655 3796 oblitum
2703 3757 2871 3811 usque
2889 3743 2942 3796 in
2965 3742 3125 3796 linem
3155 3743 3298 3797 vita).

2505 3832 2667 3888 Vens.
2706 3831 2928 3894 154.,-
2965 3831 3160 3886 Judica
3186 3833 3464 3903 judicium
3492 3850 3682 3897 meum,
3734 3842 3782 3888 et
3816 3837 4004 3896 redime

2434 3938 2534 3984 me,
2557 3931 2768 3993 propter
2786 3921 3051 3992 eloquium
3088 3931 3236 3975 tuum
3267 3922 3468 3990 rivi/ica
3496 3938 3596 3976 me.
3629 3921 3870 3977 Iudicavi
3907 3939 4004 3992 ego

2436 4009 2568 4064 nihil
2596 4025 2682 4062 me
2707 4010 2849 4063 scire
2873 4009 2979 4068 nisi
3000 4007 3232 4082 [Iesum]
3258 4008 3659 4080 Christum,qui
3692 4011 3762 4066 ad
3796 4012 4001 4068 redem-

2436 4101 2674 4170 ptionem
2705 4100 2886 4156 mundi
2914 4101 3099 4155 venire
3125 4103 3428 4171 promissus
3440 4111 3523 4156 est
3553 4121 3564 4156 :
3586 4103 3737 4173 juxta
3760 4104 3862 4159 hoc
3881 4119 4005 4175 ergo

2432 4190 2692 4260 judicium
2719 4206 2818 4261 ego
2854 4206 2887 4244 a
2917 4199 2966 4246 te
2988 4191 3228 4247 viviﬂcer
3288 4192 3343 4247 in
3371 4192 3600 4262 eloquiis
3628 4195 3753 4248 tuis.
3802 4193 4005 4250 Redime

2439 4299 2541 4345 me,
2557 4297 2715 4350 quem
2735 4283 3000 4338 redimere
3013 4297 3118 4356 non
3143 4293 3380 4354 poteras,
3405 4284 3508 4339 nisi
3521 4284 3851 4341 credentem.
3875 4283 4003 4352 Pro-

2439 4385 2554 4443 pter
2567 4373 2826 4444 eloquium
2840 4385 2988 4429 tuum
3002 4376 3203 4444 riui/ica
3225 4362 3324 4428 me.
3350 4375 3483 4430 Illud
3503 4376 3710 4431 scilicet
3719 4376 4002 4447 eloquium,

2443 4466 2530 4520 ubi
2575 4466 2882 4536 promittit:
2934 4464 3038 4530 Qui
3066 4465 3228 4520 credit
3261 4467 3316 4520 in
3346 4482 3427 4520 me
3452 4483 3490 4532 ,'
3517 4483 3620 4521 non
3665 4468 3915 4522 morietur
3953 4469 4003 4521 iu

2450 4567 2718 4611 trtcrnum.

2521 4649 2681 4704 Vens.
2710 4648 2828 4702 155.
2852 4681 2922 4691 -
2945 4648 3118 4722 Longe
3143 4660 3220 4706 est
3246 4668 3279 4705 α
3303 4652 3658 4723 peccatoribus
3684 4652 3848 4717 salus,
3890 4657 4006 4725 quia

2441 4736 2845 4805 justiﬁcationea
2872 4745 2992 4792 tua:
3020 4755 3125 4792 non
3147 4740 3526 4809 exquisierunt.
3559 4739 3674 4794 Hoc
3711 4742 4007 4810 specialiter

2452 4826 2852 4897 intelligendum
2873 4828 3085 4882 aestimo
3105 4829 3170 4882 de
3195 4826 3419 4893 Iudaeis,
3448 4830 3540 4898 qui
3565 4830 3817 4896 salutem,
3844 4833 3893 4887 id
3907 4844 4004 4895 est,

2452 4918 2736 4971 Dominum
2762 4917 3120 4982 Salvatorem,
3156 4933 3187 4970 a
3218 4933 3276 4972 se
3317 4918 3528 4990 longius
3573 4919 3868 4976 ell‘ecerunt
3909 4937 4006 4977 non

2451 5009 2723 5064 credendo
2751 5009 2831 5074 ei;
2859 5010 2951 5078 qui
2974 5011 3295 5066 testimoniis
3331 5027 3435 5067 non
3456 5013 3821 5076 crediderunt,
3835 5013 3886 5068 in
3898 5013 4008 5082 qui-

2451 5099 2552 5154 bus
2580 5099 2955 5170 przeﬁguratus
3003 5106 3090 5154 est
3129 5099 3390 5158 adventus
3447 5101 3659 5158 Domini
3701 5101 4004 5171 Salvatoris.

2453 5191 2575 5245 Ideo
2596 5205 2626 5243 a
2657 5189 3002 5259 salutelonge
3041 5188 3168 5245 facti
3190 5199 3338 5252 sunt.
3374 5194 3466 5260 qui
3490 5190 3813 5262 respuerant
3839 5200 4009 5248 aucto-

2453 5295 2568 5335 rem
2593 5279 2800 5337 salutis.
3419 5274 3428 5282 ’

2527 5369 2690 5424 Vens.
2719 5367 2841 5422 156.
2876 5398 2947 5410 --
2975 5369 3356 5426 Misericordiae
3399 5380 3504 5425 tua:
3534 5371 3732 5431 multra.
3780 5373 4006 5438 Domine.

2457 5459 2741 5511 secundant
2766 5459 3029 5526 judicium
3054 5469 3202 5513 tuum
3237 5459 3438 5528 vivi/ica
3477 5477 3575 5517 me.
3629 5460 4007 5535 [miserationes

2459 5556 2586 5602 sunt
2615 5546 2846 5613 Domini,
2873 5566 2971 5621 per
2997 5563 3135 5619 quas
3160 5548 3372 5605 alllictis
3398 5561 3454 5606 et
3489 5553 3744 5608 sauciatis
3797 5552 4008 5611 diversis

2461 5637 2632 5691 modis
2658 5637 2942 5694 subvenire
2964 5639 3214 5709 dignatus
3253 5640 3383 5714 e'st.]
3421 5640 3719 5698 Secundum
3760 5641 4007 5712 judicium

2461 5738 2608 5780 tuum
2634 5728 2832 5796 tiri/ica
2852 5745 2950 5792 me.
2986 5727 3250 5786 Iudicium
3279 5734 3464 5804 utique
3506 5740 3608 5797 est,
3663 5733 3806 5804 quod
3843 5743 4008 5806 petere

2463 5815 2740 5881 debemus,
2763 5817 2978 5887 quando
3011 5817 3326 5874 humilitatis
3372 5819 3743 5879 satisfactione
3765 5839 3859 5876 nos
3892 5835 4003 5892 pro-
