4338 6426
148 469 252 524 ϐΠ

1041 472 1445 530 ΕΧΕΟΕΤΙΕᾹ.
1486 509 1550 517 ——
1588 480 1948 535 EXPOSITIO
1989 481 2052 535 ΙΝ
2092 482 2282 534 PS.\[..
2320 482 2541 536 CXVI".

3286 485 3388 540 ul8

147 583 458 646 sternimus,
487 591 536 636 et
569 592 791 652 [eccata
816 594 996 637 nostra
1019 585 1340 639 conﬁtemur
1375 628 1385 639 .
1420 595 1546 640 tunc
1574 589 1716 640 enim
1750 596 1791 651 Α
1824 589 2047 643 velimus
2077 591 2375 670 advertere,
2407 602 2607 660 septem
2627 592 2740 644 illas
2756 593 3175 661 signiﬁcatviees
3194 597 3390 668 [Edit.,

147 672 403 736 indicium
453 673 660 726 Domini
715 681 826 729 est.
879 674 1073 728 talibus
1113 675 1355 729 misereri
1412 678 1462 730 in
1506 678 1716 731 confes-

144 764 317 817 sione.

216 852 378 908 Vsns.
403 852 525 907 157.
552 882 624 893 -
650 852 806 906 Παιιεὶ
833 855 922 924 qui
944 866 1324 925 persequuntur
1353 874 1432 909 me
1463 869 1509 910 et
1551 859 1715 910 tribu—

141 944 256 999 laut
283 961 384 1009 me,
407 962 441 998 α
460 946 767 999 testimoniis
795 947 898 1000 tuis
919 963 1021 1000 non
1050 947 1323 1002 declinavi.
1355 950 1463 1004 Vox
1503 952 1603 1004 ista
1633 961 1715 1004 est

141 1035 403 1092 Emlesic
431 1037 831 1106 inmartyribus
856 1038 989 1101 suis,
1040 1039 1129 1108 qui
1178 1037 1317 1092 inter
1363 1049 1626 1094 tormenta
1663 1049 1718 1093 et

139 1128 498 1199 multiplicata
523 1127 783 1197 supplicia
809 1128 1259 1196 persequentibus
1283 1144 1387 1182 non
1401 1140 1711 1184 cesserunt:

139 1217 269 1273 inde
295 1225 353 1272 et
371 1231 661 1272 numerosa
687 1217 972 1271 multitudo
990 1226 1291 1286 martyrum
1318 1218 1551 1287 palmam
1570 1219 1717 1272 inve.

139 1311 253 1373 nit;
287 1309 413 1379 quia
437 1323 467 1362 a
494 1307 816 1363 testimoniis
858 1308 1068 1362 Domini
1091 1323 1148 1362 se
1199 1308 1501 1362 nullatenus
1548 1308 1716 1361 decli-

139 1416 274 1454 nare
302 1401 483 1454 testati
511 1407 637 1454 sunt
665 1401 806 1455 inter
828 1407 1091 1454 tormenta
1132 1401 1302 1454 varia.

215 1489 377 1544 Vens.
412 1486 533 1543 158.
557 1515 628 1527 -
659 1485 779 1542 Vidi
814 1504 916 1542 non
938 1498 1197 1542 sementes
1231 1497 1464 1558 pactum,
1496 1499 1543 1541 et
1571 1489 1715 1543 tabe-

136 1579 368 1642 scebam,
390 1579 514 1650 quia
534 1580 828 1633 testimonia
851 1576 1002 1651 [Δίκη
1030 1579 1265 1651 eloquia]
1297 1590 1387 1632 tua
1417 1596 1518 1633 non
1544 1591 1715 1633 custo-

136 1668 371 1722 dierunt.
395 1667 497 1733 Qui
521 1675 648 1721 sunt
668 1668 759 1736 qui
779 1675 996 1737 pactum
1038 1683 1142 1721 non
1192 1677 1563 1732 servaverunt,
1610 1671 1713 1722 nisi

136 1761 230 1827 qui
268 1757 644 1813 tribulationes
673 1760 960 1813 multorum
1005 1759 1443 1828 persequentium
1487 1774 1591 1812 non
1638 1759 1716 1812 le-

137 1858 348 1912 rentcs,
380 1864 412 1902 a
444 1849 536 1904 Dei
566 1849 888 1902 testimoniis
911 1850 1356 1904 declinaverunt?
1395 1849 1518 1904 llaec
1563 1866 1711 1920 ergo,

1820 679 2017 751 voces].
2059 681 2253 748 quibus
2289 698 2344 735 se
2373 684 2759 736 monachorum
2786 687 2870 753 pia
2912 684 3123 739 devotio
3149 691 3392 744 consola-

1819 777 1926 830 tur,
1953 770 2004 822 id
2028 779 2128 833 est,
2158 771 2495 834 Matutinum,
2525 772 2728 832 Tertia.
2758 775 2941 836 Sexta,
2977 774 3138 841 Nona.
3191 776 3394 832 Lucer-

1818 858 1993 921 naria,
2017 858 2454 928 Completorium,
2491 861 2823 917 Nocturnum
2867 864 3180 935 [Matutinus
3234 866 3392 921 Com-

1818 946 2093 1014 pletorios,
2124 949 2464 1020 Nocturnus].
2498 951 2553 1004 Si
2586 967 2712 1004 vero
2754 954 3068 1021 spiritaliter
3123 955 3391 1019 intendas,

1817 1037 2273 1092 continuationem
2305 1042 2474 1110 magis
2496 1041 2692 1095 dictam
2725 1044 3001 1111 sapienter
3030 1044 3284 1109 advertis,
3334 1056 3394 1098 ut

1818 1133 1902 1176 est
1954 1126 2080 1180 illud
2115 1145 2126 1178 :
2159 1124 2472 1181 Benedicam
2523 1128 2805 1183 Dominum
2855 1134 2907 1184 in
2967 1135 3108 1185 omni
3145 1144 3388 1204 tempore.

1820 1213 2030 1284 Septies
2059 1217 2225 1270 Deum
2257 1233 2354 1286 per
2389 1219 2531 1273 diem
2560 1220 2764 1279 laudat,
2792 1224 2915 1291 quia
2970 1239 3121 1277 mens
3166 1223 3308 1290 ejus-
3338 1224 3390 1278 in

1804 1304 1973 1376 pleno
2000 1306 2282 1374 splendore
2308 1309 2628 1377 perdurans,
2654 1311 2718 1362 ad
2738 1312 2884 1364 illum
2914 1314 3197 1380 septimum
3227 1314 3389 1377 diem,

1820 1396 1868 1446 id
1903 1405 2003 1456 est,
2033 1396 2380 1450 sabbatorum
2408 1399 2713 1463 sabbatum,
2747 1402 2835 1471 qui
2862 1412 2943 1454 est
2977 1405 3186 1472 requies
3236 1412 3393 1457 teter-

1817 1501 1905 1547 na,
1939 1486 2174 1541 festinat.

1889 1577 2049 1629 Vens.
2081 1577 2197 1630 165.
2223 1609 2291 1617 --
2316 1578 2438 1656 Par
2464 1582 2628 1635 multa
2658 1583 2993 1653 diligentibus
3025 1586 3188 1656 legem
3219 1598 3388 1650 tuam.

1818 1667 2058 1731 Domine,
2079 1680 2126 1720 et
2152 1686 2252 1722 non
2281 1655 2358 1723 εὖ
2386 1671 2490 1723 illis
2511 1673 2838 1726 scandalum.
2872 1674 2982 1729 Pax
3002 1655 3171 1731 multa
3197 1680 3394 1732 mentis

1816 1757 2019 1820 puritas
2047 1767 2101 1811 ct
2135 1758 2256 1813 ﬁdei
2287 1763 2439 1830 copia
2494 1763 2819 1827 declaratur,
2866 1781 2984 1834 quae
3020 1774 3208 1821 contra
3263 1769 3390 1821 vitia

1817 1846 2067 1900 decenter
2089 1850 2408 1917 opponimus
2439 1869 2450 1902 :
2481 1867 2604 1905 nam
2651 1852 2816 1907 Deum
2850 1853 2984 1909 falso
3037 1872 3218 1910 amore
3269 1857 3390 1912 dili-

137 1939 334 2006 inquit,
361 1953 484 1993 cum
508 1940 765 2003 viderem,
792 1939 1151 2003 tabescebam,
1180 1940 1364 1993 dolens
1395 1956 1488 1995 eos
1507 1956 1536 1994 a
1567 1952 1714 1996 tanta
1749 1925 1793 1984 Β
1819 1934 1913 2001 sit.
1937 1937 2028 2005 qui
2058 1939 2453 1993 scandalizatur
2474 1941 2524 1994 in
2569 1940 2792 1996 fratrem
2825 1944 2976 2014 [Μι.
3002 1944 3211 2018 fratre].

138 2028 312 2096 gloria
355 2028 642 2084 decidisse.

209 2119 375 2173 Vens.
410 2117 530 2173 l59.
554 2148 626 2158 —
674 2118 819 2183 Vide,
842 2122 963 2190 quia
993 2121 1242 2175 mndata
1269 2133 1360 2177 tua
1391 2125 1568 2187 dilexi,
1604 2125 1712 2178 Do-

136 2209 300 2272 mine,
331 2209 386 2261 in
416 2208 772 2262 misericordia
805 2219 897 2261 tua
928 2209 1126 2277 civi/ica
1155 2227 1252 2263 me.
1307 2211 1424 2279 Ipsa
1474 2222 1557 2266 est
1603 2211 1714 2265 fru-

135 2311 329 2355 ctuosa
357 2301 662 2366 tolerantia,
687 2317 804 2370 quze
833 2305 1093 2358 saevitiam
1111 2308 1549 2375 persequentium
1579 2309 1713 2362 dile-

135 2392 317 2445 ctione
339 2392 564 2461 suscipit
583 2393 978 2446 mandatorum.

209 2481 373 2534 V'Elts.
409 2479 529 2534 160.
552 2511 622 2520 -
650 2478 977 2551 Principium
1009 2483 1277 2537 verborum
1326 2496 1534 2539 tuorum
1582 2488 1713 2562 reri;

132 2581 232 2631 tas,
269 2570 400 2623 etin
429 2578 678 2624 a'ternum
695 2572 868 2624 omnia
889 2571 1099 2640 judicia
1128 2573 1355 2641 justitirr
1386 2585 1508 2628 tute.
1549 2576 1592 2627 Α
1623 2593 1712 2628 vc-

134 2661 293 2714 rit-ite
338 2670 450 2724 tua,
484 2660 676 2728 inquit,
729 2660 891 2714 verba
934 2663 1248 2730 procedunt,
1305 2674 1355 2717 et
1418 2665 1536 2718 ideo
1587 2683 1709 2719 vera

134 2749 288 2822 [.lls.,
321 2750 560 2822 veracia]
590 2760 733 2816 sunt,
762 2761 817 2806 et
839 2755 1105 2808 neminem
1125 2753 1343 2818 fallunt;
1368 2758 1561 2824 quibus
1583 2774 1709 2826 pro-

131 2858 201 2895 nu
225 2843 416 2896 ttiatur
433 2840 586 2913 [Hs.,
609 2843 1022 2915 pranuntiatur]
1041 2846 1153 2898 vita
1170 2846 1336 2915 justo,
1353 2862 1511 2914 paena
1525 2850 1706 2916 impio.

203 2934 370 2987 Vsus.
390 2932 509 2986 161.
527 2931 766 3002 -375
788 2929 1052 3002 Principes
1065 2936 1320 3003 persecuti
1339 2945 1457 2988 sunt
1488 2952 1566 2988 me
1586 2953 1709 3004 gra-

131 3025 286 3087 tis,et
311 3042 342 3076 α
370 3023 532 3078 verbis
547 3025 651 3076 tuis
668 3022 969 3091 formidavit
998 3041 1086 3077 cor
1107 3042 1295 3079 meum.
1323 3025 1710 3096 Terreuireges

131 3114 432 3169 Ecclesiam
476 3114 677 3169 Christi
731 3113 942 3187 [gratis]
990 3118 1258 3185 persecuti
1305 3127 1449 3181 sunt,
1509 3121 1707 3174 nullam

131 3217 356 3274 causam
383 3203 776 3272 persecutionis
805 3203 1085 3269 habentes,
1118 3222 1241 3260 cum
1264 3222 1358 3261 eos
1414 3207 1706 3264 Christiani

1889 2023 2047 2077 Vens.
2079 2023 2196 2078 l66.
2213 2057 2280 2065 —-
2298 2027 2673 2098 Exspectabam
2703 2031 2935 2086 salutare
2961 2045 3130 2094 tuum,
3149 2036 3386 2101 Domine,

1815 2125 1862 2165 et
1885 2117 2132 2169 mandata
2161 2127 2251 2171 tua
2285 2119 2465 2172 dilexi.
2493 2119 2673 2175 Jesum
2702 2123 2984 2178 Dominum
3025 2127 3261 2180 omnium
3305 2143 3391 2180 sa-

1816 2205 1988 2259 lutare
2019 2219 2396 2277 exspectamus
2444 2211 2593 2282 [Ms.,
2651 2212 2984 2268 Salvatorem
3033 2219 3390 2289 exspectavi],

1814 2303 1869 2346 et
1889 2308 1972 2358 ea,
2000 2311 2119 2364 quae
2143 2298 2195 2350 in
2218 2297 2333 2368 lege
2355 2302 2965 2370 etprophetismandata
2997 2307 3235 2372 luerunt,
3262 2309 3386 2364 feci.

1817 2382 1952 2451 Spes
1977 2386 2180 2453 prmmii
2210 2387 2547 2442 dilectionem
2577 2400 2800 2460 generat
2827 2395 3084 2448 mandati.

1887 2473 2045 2527 Vsus.
2083 2475 2200 2528 167.
2232 2507 2300 2515 -
2351 2477 2636 2532 Custodit-it
2693 2484 2869 2534 anima
2927 2501 3039 2536 mea
3089 2488 3389 2541 testimonia

1815 2570 1926 2623 tua,
1958 2573 2006 2615 et
2035 2565 2218 2618 dilexit
2244 2584 2304 2619 ea
2345 2569 2681 2623 uehementer.
2715 2571 3002 2626 Custodirit
3037 2577 3103 2629 ad
3155 2577 3387 2632 toleran—

1816 2650 1942 2703 tiam
1967 2655 2219 2720 martyris
2249 2658 2511 2724 pertinet;
2558 2659 2738 2712 dilexit
2785 2678 2912 2716 vero
2957 2667 3022 2717 ad
3070 2667 3386 2723 charitatem

1817 2744 2093 2796 tormentis
2119 2748 2369 2800 omnibus
2415 2747 2730 2804 fortiorem:
2767 2762 2820 2804 et
2876 2755 2986 2821 ipsa
3031 2757 3246 2812 dilectio
3299 2777 3388 2812 ve—

1815 2833 2091 2900 hementer
2118 2837 2359 2904 augenda
2383 2849 2482 2900 est,
2510 2841 2631 2908 quia
2659 2842 2821 2896 totius
2847 2845 3096 2898 amicitia:
3125 2847 3194 2900 ibi
3220 2850 3386 2918 expli-

1811 2929 1966 2971 catur
1993 2923 2232 2975 Charitas
2266 2923 2415 2993 μὴ..
2462 2929 2668 2995 agenda
2695 2939 2796 2993 est,
2845 2932 2971 3000 quia
3019 2937 3181 2989 totius
3223 2940 3386 2993 animi

1811 3007 2014 3060 nisibus
2041 3009 2382 3082 explicatur].

1883 3095 2043 3150 Vitas.
2076 3097 2196 3153 168.
2220 3129 2289 3139 -——
2312 3100 2524 3155 Servari
2551 3104 2796 3156 mandata
2846 3114 2935 3158 tua
2984 3117 3032 3159 et
3082 3112 3384 3164 testimonia

1810 3193 1919 3248 tua,
1950 3187 2072 3254 quia
2100 3202 2276 3240 omnes
2300 3187 2394 3242 ria:
2420 3206 2548 3243 mete
2585 3193 2638 3244 in
2686 3206 2957 3264 conspectu
3007 3206 3121 3266 tuo,
3143 3198 3380 3254 Domine.

133 3290 184 3342 in
207 3272 357 3344 nullo
382 3257 656 3346 latderent.
689 3290 843 3362 [Cum
870 3257 1047 3346 autem
1736 3257 1780 3318 ε
1814 3278 1846 3331 S

1736 3257 1780 3318 (ἶ
1814 3278 2007 3334 Servat
2036 3291 2214 3335 autem
2240 3277 2506 3354 praecepta
2545 3293 2598 3339 et
2627 3288 2955 3351 testimonia,
2984 3290 3075 3358 qui
3107 3257 3238 3345 'vias
3287 3292 3379 3349 Dei

131 3381 323 3436 stianis
350 3382 696 3449 negationem
727 3383 974 3438 veritatis
996 3392 1318 3454 extorquere
1348 3403 1453 3442 non
1467 3399 1704 3457 possent,

136 3471 446 3525 habuerunt
473 3472 635 3525 verba
662 3472 940 3535 minantia.
968 3473 1271 3542 intulerunt
1317 3493 1454 3531 saeva
1509 3482 1709 3548 soppli-

131 3562 250 3614 cia:
283 3561 376 3615 sed
402 3562 501 3631 ipsi
548 3570 814 3632 martyres
842 3564 989 3617 verbi
1038 3564 1250 3620 Domini
1305 3569 1701 3623 meminerant:

136 3648 312 3704 Nolite
331 3651 513 3703 timere
535 3667 644 3715 eos,
671 3655 759 3718 qui
786 3652 1021 3708 occidunt
1051 3671 1237 3724 corpus
1262 3655 1476 3727 (Hau/1.
1506 3672 1561 3723 Χ,
1590 3661 1702 3731 28).

204 3762 367 3815 Vens.
402 3761 520 3814 169.
549 3791 620 3809 -υ-
638 3761 880 3816 Lattabor
907 3782 999 3834 ego
1019 3782 1175 3835 super
1200 3768 1405 3838 eloquia
1433 3780 1547 3833 tua,
1569 3775 1704 3826 sicut

131 3850 432 3916 quiinvenit
469 3849 637 3920 spolia
662 3851 848 3903 multa.
891 3851 1170 3922 Martyres,
1225 3860 1472 3925 quamvis
1516 3862 1702 3914 humili

131 3948 272 3994 sorte
303 3948 670 4005 morerentur,
695 3941 1034 3997 inveniebant
1059 3944 1224 4013 spolia
1253 3947 1438 4009 multa,
1485 3951 1703 4018 quando

129 4029 352 4095 [mia
375 4029 553 4082 divina
581 4031 939 4098 recipiebant;
974 4033 1116 4101 ipsos
1144 4049 1355 4103 quoque
1381 4048 1688 4105 persecuto-

131 4133 215 4175 res
240 4120 532 4174 conversos
561 4120 628 4173 ad
647 4120 935 4175 Dominum
964 4122 1289 4192 gaudebant,
1321 4135 1379 4179 ut
1407 4128 1506 4196 ipsi
1531 4131 1701 4198 magis

130 4205 320 4264 les-ent
343 4207 532 4277 spolia,
557 4209 647 4278 qui
678 4209 818 4262 vitas
846 4210 1146 4264 adimerent
1167 4211 1362 4281 μελίη..
1391 4217 1695 4286 adjuverat]
1742 4275 1750 4280 _

132 4294 514 4350 intuentium.
545 4297 611 4350 Et
640 4296 758 4351 ideo
784 4297 952 4352 lauari
979 4313 1035 4352 se
1063 4298 1195 4353 dicit
1216 4300 1268 4354 in
1320 4301 1548 4370 eloquiis
1597 4305 1698 4358 Do-

83 4450 87 4455 .
131 4383 482 4449 anisin-ost.
508 4387 564 4440 in
593 4387 1047 4442 admonitionibus
1089 4390 1282 4457 sacris,
1332 4391 1471 4443 sicut
1527 4395 1697 4446 victor

132 4474 677 4543 mancipia-rs

199 4587 358 4641 Vens.
395 4585 514 4639 163.
536 4609 606 4626 -ι-
635 4581 968 4654 Iniquitatctn
996 4589 1115 4641 odio
1137 4591 1296 4642 habui
1339 4603 1384 4644 et
1425 4594 1691 4647 abomina-
1723 4611 1768 4667 ι)

130 4685 209 4728 tus
225 4691 364 4741 sua,
392 4675 553 4744 legem
577 4684 744 4728 autem
765 4682 911 4726 tuam
942 4675 1121 4728 dilexi.
1140 4677 1314 4731 Mente
1326 4682 1688 4736 contuendum

1811 3369 2026 3434 incedit,
2051 3387 2150 3426 nec
2173 3375 2461 3443 quidquam
2485 3376 2537 3429 in
2565 3385 2687 3430 actu
2717 3377 2800 3431 vel
2830 3379 3066 3448 cogitatu
3085 3382 3212 3451 agit,
3240 3386 3382 3452 quod

1808 3461 1986 3513 divina
2018 3463 2466 3532 contemplatione
2493 3465 2755 3519 habeatur
2779 3468 3070 3537 indignum.

1881 3571 2040 3625 Vsus.
2074 3571 2193 3626 169.
2223 3602 2294 3611 —-
2319 3574 2700 3644 Appropinquu
2726 3577 3045 3647 oratio]Ms.,
3096 3579 3382 3652 Adpropiet

1805 3661 2122 3736 deprecatio]
2149 3680 2261 3716 mea
2288 3665 2342 3716 in
2372 3674 2647 3733 conspectu
2681 3675 2791 3727 tuo,
2818 3665 3056 3731 Domine,
3081 3668 3241 3737 juxta
3271 3670 3379 3732 clp-

1804 3755 1983 3822 quium
2014 3764 2161 3807 tuum
2189 3755 2257 3808 da
2285 3756 2410 3808 mihi
2437 3755 2770 3810 intellectum.
2798 3756 3106 3813 Proximam
3145 3761 3239 3815 tibi
3287 3762 3381 3816 lie-

1807 3844 1847 3894 ri
1877 3843 2173 3895 orationem
2201 3859 2374 3896 meam
2399 3845 2677 3912 deprecor,
2708 3845 2950 3909 Domine,
2979 3857 3040 3899 ut
3067 3863 3096 3900 a
3126 3857 3178 3903 te
3223 3849 3379 3904 intel-

1804 3933 1998 3984 lectum
2019 3935 2258 4002 capiens,
2291 3934 2363 3988 nil
2386 3935 2527 3988 aliud
2555 3936 2656 3988 nisi
2681 3937 2822 4004 quod
2859 3945 3088 4006 oportet,
3136 3955 3372 3994 exorent.

1875 4022 2034 4074 Vens.
2062 4022 2184 4073 170.
2216 4053 2285 4061 ——
2309 4022 2474 4076 Intret
2496 4024 2664 4076 oratio
2709 4040 2822 4076 mea
2844 4027 2899 4077 in
2937 4042 3209 4097 conspectu
3263 4042 3373 4095 tuo,

1802 4111 2042 4174 Domine,
2071 4110 2352 4163 secundum
2377 4110 2637 4180 eloquium
2663 4121 2804 4178 tuum
2833 4114 3108 4182 eripeme.
3171 4115 3378 4172 Grada-

1802 4204 1892 4254 tim
1925 4201 2168 4254 ascendit
2193 4209 2379 4255 sancta
2409 4201 2594 4271 petitio
2618 4210 2802 4255 nostra
2836 4222 2847 4255 :
2878 4204 2969 4272 qui
3017 4214 3142 4260 ante
3192 4208 3326 4263 dixit
3357 4229 3369 4262 :

1798 4291 2181 4359 Appropinquet
2207 4290 2351 4362 [Ἀθη
2382 4290 2705 4362 Adpropiet],
2731 4308 2872 4346 nunc
2884 4293 3371 4353 dicitintret.Prius

1800 4378 1994 4444 fuerat,
2019 4388 2078 4432 ut
2098 4383 2572 4449 appropinquaret,
2599 4383 2791 4438 deinde
2821 4393 2881 4437 ut
2929 4386 2981 4439 in
3022 4398 3370 4457 conspectum

1798 4468 2006 4522 Domini
2037 4470 2240 4522 intrare
2269 4480 2466 4538 posset.
2502 4471 2565 4524 Et
2599 4475 2846 4541 superius
2893 4475 3046 4539 dixit,
3072 4481 3367 4534 secundum

1795 4559 2063 4627 eloquium
2097 4570 2244 4613 tuum
2272 4559 2356 4631 [da
2386 4562 2512 4614 mihi
2536 4562 2882 4625 intellectum,
2911 4564 2997 4618 hic
3010 4565 3158 4630 dicit,
3179 4583 3370 4624 secun-

1795 4653 1920 4705 dum
1935 4651 2204 4721 eloquium
2232 4653 2400 4724 tuum]
2415 4655 2562 4723 eripe
2578 4670 2681 4715 me,
2698 4664 2755 4706 ut
2767 4655 2902 4708 etibi
2919 4670 3148 4725 superna
3164 4659 3363 4722 videat,

1791 4753 1908 4808 qua!
1933 4738 2290 4802 desiderat,ct
2313 4739 2397 4792 hic
2425 4739 2536 4810 [ab]
2559 4752 2771 4794 aeterna:
2789 4745 3233 4811 concupiscentia:
3245 4745 3365 4801 labe

1790 4833 2062 4894 purgetur.

1863 4917 2023 4971 Vens.
2066 4915 2186 4968 171.
2210 4946 2278 4954 -
2305 4914 2627 4970 Eructabunt
2662 4917 2802 4971 labia
2832 4935 2944 4972 mea
2957 4920 3359 4990 hymnum,cum

1790 5006 2032 5060 docueris
2060 5024 2140 5060 me
2172 5006 2583 5076 justiﬁcatioues
2618 5017 2755 5062 tuas.
2791 5007 2847 5063 Si
2886 5025 2984 5081 per
3012 5027 3204 5082 puram
3229 5028 3361 5066 cou-

1791 5097 2066 5152 scientiam
2083 5107 2318 5152 reserata
2341 5097 2538 5152 fuerint
2555 5114 2586 5151 a
2606 5106 2656 5151 te
2680 5099 2818 5152 labia
2833 5115 2970 5165 mea,
2995 5108 3120 5156 tunc
3139 5101 3356 5171 dignum

1791 5185 2112 5241 laudationis
2164 5184 2440 5258 proferent
2478 5187 2731 5254 hymnum
2783 5199 2798 5237 :
2839 5196 2894 5240 et
2945 5188 3090 5243 illum
3151 5189 3355 5244 scilicet

1791 5278 2079 5345 hymnum,
2130 5293 2286 5347 quem
2332 5291 2363 5329 a
2417 5277 2520 5328 tuis
2578 5277 3056 5346 justiﬁcationibus
3116 5280 3351 5335 imbutus

1789 5369 2035 5422 edocear.
3098 5387 3102 5390 ’

1862 5479 2018 5533 Vns.
2052 5479 2174 5532 172.
2198 5508 2265 5518 -—
2284 5478 2446 5548 376
2473 5478 2839 5533 Pronuntiubit
2863 5479 3039 5550 lingua
3092 5500 3203 5537 mea
3246 5485 3353 5536 elo-

1784 5569 1961 5638 quium
1991 5580 2158 5634 tuum,
2189 5569 2313 5638 quia
2335 5571 2508 5624 omnia
2532 5571 2778 5623 mandata
2811 5580 2902 5623 tua
2926 5573 3159 5640 a’quitas.
3209 5572 3352 5629 Nihil

135 5649 477 5724 inlini“!!!
871 5691 876 5698 -
1787 5672 1869 5716 est
1897 5664 2037 5716 enim
2069 5662 2213 5716 aliud
2240 5663 2291 5717 in
2315 5662 2542 5734 eloquiis
2570 5663 2694 5724 tuis,
2718 5660 2960 5724 Domine,
2987 5663 3087 5717 nisi
3104 5666 3350 5734 parmisi

200 5744 354 5800 Vsus.
383 5745 502 5799 164.
525 5743 1008 5824 τ-νςρροίεοίπ-ιὸε
1029 5750 1235 5805 laudent
1271 5753 1382 5806 dixi
1408 5752 1503 5806 tibi
1533 5771 1685 5823 super
1785 5754 1913 5822 :equi

1634 5773 1685 5807 er
1785 5754 2032 5822 :equitas,
2054 5752 2154 5805 nisi
2177 5752 2284 5805 vita
2317 5770 2329 5804 :
2360 5754 2462 5808 hoc
2485 5753 2646 5807 corde
2672 5753 2908 5813 credam,
2933 5754 3035 5807 hoc
3055 5751 3211 5806 labiis
3235 5754 3347 5807 elo-

129 5833 320 5898 jndirin
350 5837 579 5906 justitia:
602 5847 725 5892 tua.
750 5837 806 5893 Si
847 5839 912 5893 ad
954 5841 1188 5896 litteram
1220 5844 1358 5899 hunc
1402 5861 1682 5900 numerum
1785 5861 1940 5912 quar,
1972 5845 2071 5897 hoc
2104 5843 2280 5914 lingua
2309 5845 2664 5912 pronuntiabo
2691 5843 2840 5915 [Μελ.
2863 5842 3245 5914 pronuntiem].

403 5926 674 5989 Panos”.
717 5928 786 5990 C.

2827 5936 2903 5995 ΞΟ

132 4759 276 4833 [1⁸η
304 4762 664 4834 audendum]
691 4772 792 4826 est,
817 4763 957 4833 quod
988 4762 1247 4835 [amorem
1275 4765 1691 4832 bonarum,ma-

130 4851 297 4908 larum
330 4862 511 4905 rerum
563 4853 687 4905 odio
740 4853 1126 4923 comprobavit,
1188 4855 1440 4925 quoniam
1495 4857 1686 4926 (Edit.,

132 4947 381 4998 amarest
401 4940 666 4995 bonarum
693 4943 1025 4998 malarumve
1066 4959 1268 5010 rerum,
1301 4947 1420 5001 ideo
1449 4963 1689 5017 compro—

131 5026 292 5098 bavit,
317 5028 629 5102 quomodo)]
656 5031 866 5084 animus
897 5043 1099 5098 noster,
1123 5035 1167 5089 si
1194 5023 1530 5106 iniquitatem
1555 5038 1692 5092 reci-

133 5131 298 5190 peret,
325 5136 664 5191 nequaquam
692 5120 870 5189 selegi
918 5121 1200 5178 dominica
1245 5127 1343 5180 sub
1385 5127 1688 5197 integritate

131 5210 494 5281 Wt.
528 5208 644 5263 Non
670 5209 798 5264 dicit
826 5209 1094 5264 hominem
1125 5211 1386 5282 iniquum,
1441 5218 1533 5271 sed
1590 5219 1689 5271 ini-

133 5297 386 5367 quitatem
412 5311 472 5354 se
499 5300 630 5355 dicit
651 5300 844 5360 odisse,
879 5309 932 5353 et
963 5299 1125 5370 (quod
1145 5301 1228 5356 las
1255 5303 1356 5373 est)
1391 5321 1509 5359 eam
1561 5309 1689 5361 abo-

134 5387 386 5442 minatum
411 5385 594 5449 Μαι,
624 5389 766 5459 quod
794 5405 824 5442 a
849 5389 964 5461 lege
991 5391 1061 5444 sit
1088 5391 1261 5445 aliena
1287 5408 1300 5455 ;
1332 5407 1493 5462 seque
1517 5395 1686 5466 legem

133 5472 335 5533 nemo
381 5474 624 5548 perfecta
673 5479 944 5534 voluntate
997 5481 1236 5551 diligere.
1281 5481 1384 5547 Qui
1435 5495 1559 5539 sunt
1592 5489 1685 5556 qui

129 5562 666 5637 ἀῑῆςιαθοωὶηαω
689 5564 839 5637 [ιι.
896 5568 1104 5641 Deum].
1137 5570 1263 5624 enisi
1317 5571 1410 5640 qui
1458 5575 1686 5629 oderunt
