4338 6422
751 461 855 513 til9

1591 462 1652 515 Β.
1691 461 1754 516 F.
1792 462 2020 519 ALBlNl
2057 461 2188 522 SEU
2225 451 2501 523 ALCUINI
2534 458 2819 517 OPERUM
2850 458 3030 517 PARS
3060 458 3123 515 ll.

3883 461 3989 518 620

820 574 982 627 Vens.
1000 570 1132 627 J75.
1161 601 1231 618 ν-
1254 557 1384 626 Ρίαί
1401 588 1588 626 manus
1610 583 1720 636 tua,
1750 584 1808 627 ut
1853 575 2013 629 solvet
2049 590 2148 639 me,
2198 589 2327 644 quo-
2352 576 2403 636 Α
2422 572 2630 641 judicia
2655 581 2747 626 tua
2766 549 3099 641 adiuvabunt
3120 587 3220 625 me.
3253 570 3329 629 Ad
3356 574 3529 641 ipsum
3551 570 3806 642 loquitur,
3826 588 3988 644 quem

750 679 889 716 mam
912 663 1159 718 mandata
1193 672 1286 716 tua
1314 661 1461 732 elegi.
1491 661 1624 716 Cum
1651 663 1783 717 dicit
1806 682 1818 716 :
1852 661 1979 718 Fiat
1996 679 2183 718 manus
2198 672 2312 727 tua,

748 751 993 822 designat
1017 750 1301 806 Dominum
1328 751 1686 817 Salvatorem,
1709 746 1798 823 qui
1838 751 2013 809 {acuis
2036 768 2102 809 ex
2149 754 2316 809 semi—

748 856 813 895 ne
840 839 1010 894 David
1038 840 1333 896 secundum
1358 855 1602 905 carnem,
1645 857 1745 910 per
1784 857 1946 911 quem
1993 842 2137 897 facta
2194 849 2320 897 sunt

747 930 1017 994 universo,
1050 937 1107 985 et
1134 938 1411 1000 reguntur.
1463 929 1678 983 Manum
1720 931 1864 984 enim
1909 930 1998 985 hic
2041 931 2319 984 dexteram

745 1018 1002 1073 debemus
1022 1019 1288 1087 accipere.
1315 1018 1556 1073 Postulat
1568 1025 1748 1073 autem
1760 1020 1942 1075 venire
1957 1018 2317 1085 Salvatorem,

746 1123 845 1176 per
870 1124 1032 1176 quem
1058 1124 1116 1163 se
1141 1118 1368 1164 noverat
1396 1108 1733 1186 salvandum.
1757 1107 1909 1176 Quod
1936 1119 2117 1164 autem
2139 1111 2274 1166 dicit
2302 1130 2314 1165 :

746 1195 897 1268 Elegi
916 1198 1167 1252 mandata
1187 1208 1300 1264 tua,
1322 1199 1502 1253 omnia
1531 1214 1590 1254 se
1620 1198 1861 1271 pericula
1883 1200 2057 1261 amori
2104 1199 2317 1259 Domini

746 1285 1114 1355 postposuisse
1136 1294 1380 1341 testatur.

823 1350 981 1428 νέης.
1009 1375 1129 1430 lu.
1160 1350 1527 1447 —Concupii:i
1546 1376 1777 1431 salutare
1805 1386 1976 1443 tuum,
1998 1375 2241 1442 Domine,
2268 1376 2331 1431 et

750 1463 832 1515 (ex
859 1473 947 1516 tua
968 1464 1237 1518 meditatio
1267 1482 1381 1518 mea
1423 1476 1518 1518 est.
1550 1465 1724 1534 Ipsum
1768 1466 1951 1520 videre
1991 1468 2317 1535 concupive-

748 1568 885 1618 ram,
908 1569 1067 1622 quem
1091 1554 1157 1609 de
1175 1562 1330 1608 utero
1356 1554 1602 1625 virginali
1627 1555 1731 1610 illis
1756 1555 1933 1629 adhuc
1978 1553 2312 1624 temporibus

745 1645 1030 1702 credebam
1053 1660 1172 1701 esse
1192 1653 1503 1718 venturum;
1534 1654 1590 1700 et
1607 1653 1667 1701 ut
1688 1646 1792 1700 sibi
1842 1646 1984 1701 hanc
2034 1644 2319 1700 scientiam

749 1735 813 1787 de
839 1733 1132 1803 Scripturis
1158 1735 1356 1789 divinis
1404 1737 1717 1805 pervenisse
1756 1735 2174 1801 demonstraret,
2235 1748 2322 1789 se-

748 1824 969 1890 quitur:
1003 1824 1071 1878 Et
1092 1824 1177 1879 lex
1205 1835 1299 1879 tua
1318 1825 1588 1881 meditatio
1643 1843 1758 1881 mea
1801 1836 1897 1883 est.
1946 1826 2004 1882 In
2043 1825 2321 1897 prophetis

2417 662 2687 718 desiderat
2713 661 2932 726 intueri,
2951 662 3271 731 promittens
3294 662 3529 715 animam
3548 676 3701 717 suam
3747 663 3801 717 in
3826 672 3989 720 eter-

2419 767 2549 806 uum
2576 752 2759 806 vivere
2783 789 2800 814 ,
2842 764 3005 820 quam
3057 749 3347 805 salubriter
3396 759 3621 806 noverat
3667 751 3983 809 credidisse.

2419 838 2678 892 Laudabit
2703 847 2773 903 te,
2803 838 3017 894 cantico
3036 838 3245 892 scilicet
3264 852 3402 893 novo
3425 854 3522 908 per
3566 838 3727 897 tidem
3770 856 3984 912 puram.

2416 929 2628 985 Iudicia
2647 938 2827 984 autem
2856 929 3009 994 dicit,
3036 945 3157 999 qua:
3180 929 3397 985 famulis
3442 930 3556 987 suis
3577 931 3835 990 Dominus
3875 934 3989 991 dio-

2420 1027 2602 1073 turum
2621 1032 2680 1072 se
2696 1018 2981 1087 promittit,
3018 1026 3080 1073 ut
3106 1027 3190 1073 est
3218 1036 3231 1072 :
3275 1018 3476 1086 Venite,
3496 1020 3770 1078 benedicti.

2489 1108 2651 1163 Vens.
2682 1108 2803 1163 l76.
2820 1139 2889 1148 —
2914 1108 3105 1164 Erravi
3133 1111 3267 1164 sicut
3292 1112 3424 1175 ovis,
3450 1128 3567 1184 qua:
3587 1115 3739 1183 periit
3765 1132 3786 1179 ;
3812 1132 3989 1188 quam

2419 1214 2625 1253 servum
2650 1208 2820 1264 tuum,
2861 1198 3100 1264 Domine,
3126 1201 3253 1270 quia
3289 1201 3541 1256 mandata
3595 1212 3688 1258 tua
3736 1220 3841 1259 non
3867 1222 3987 1262 sum

2420 1286 2629 1342 oblitus.
2657 1287 2775 1343 Una
2799 1290 2937 1354 ovis,
2967 1298 3052 1344 est
3074 1292 3419 1361 congregatio
3443 1302 3752 1349 sanctorum
3772 1305 3829 1352 et
3857 1296 3988 1353 lide-

2420 1377 2590 1445 lium;
2622 1386 2677 1433 et
2696 1394 2833 1434 unus
2859 1389 2943 1435 est
2966 1389 3154 1450 pastor
3180 1381 3440 1438 Dominus
3484 1380 3732 1440 Christus
3777 1400 3985 1442 eorum.

2420 1466 2489 1521 Et
2516 1469 2723 1538 respice
2743 1483 2906 1539 quam
2927 1468 3126 1524 inﬁma:
3147 1470 3224 1524 rei
3244 1472 3541 1541 comparati
3566 1481 3692 1527 sunt
3715 1475 3983 1541 homines,

2420 1558 2635 1628 quando
2654 1554 2856 1613 Christi
2904 1558 3131 1629 gratiam
3159 1559 3458 1616 deserunt:
3506 1563 3595 1617 ovi
3620 1564 3868 1622 videlicet
3893 1580 3987 1621 er-

2421 1648 2585 1712 ranti,
2633 1663 2753 1717 quae
2802 1645 3043 1718 pericula
3085 1649 3286 1718 patitur
3318 1647 3473 1720 Mla,
3519 1651 3774 1720 periculis
3811 1654 3988 1727 patet]

2420 1737 2707 1807 luporum;
2740 1745 2795 1792 et
2826 1737 2963 1792 bene
2992 1737 3195 1793 dictum
3221 1745 3326 1802 est,
3350 1754 3468 1808 qua:
3518 1740 3763 1809 perierat,
3793 1751 3875 1797 .ut
3898 1757 3995 1798 co-

2422 1840 2707 1898 gnosceres
2727 1825 3097 1883 misericordia
3113 1826 3324 1881 Domini
3342 1825 3510 1883 fuisse
3526 1837 3811 1898 repertam.
3838 1829 3990 1905 [Ipsi]

743 1915 885 1968 enim
907 1915 1290 1990 concupiverat
1314 1914 1588 1971 Christum
1615 1918 1899 1974 Dominum
1950 1917 2308 1982 nasciturum,
2345 1915 2391 1977 Β
2414 1917 2584 1988 gloria
2606 1931 2728 1971 cum
2751 1924 2955 1971 aeterno
2981 1914 3144 1971 Patre
3176 1924 3233 1971 et
3261 1916 3469 1988 Spiritu
3500 1928 3686 1976 sancto
3713 1920 3766 1976 in
3793 1922 3992 1978 stecula

744 2003 808 2056 de
834 2017 940 2071 quo
967 2002 1050 2056 lex
1072 2012 1125 2057 et
1151 2005 1425 2074 propheta:
1451 2006 1828 2075 loquebantur.

812 2093 972 2147 Vens.
1008 2093 1127 2148 175.
1149 2124 1220 2134 —
1252 2093 1393 2149 Vivet
1423 2098 1602 2151 anima
1627 2113 1743 2151 mea
1763 2138 1779 2162 ,
1820 2106 1869 2151 et
1898 2096 2136 2151 laudabit
2173 2105 2245 2161 te,
2269 2107 2321 2153 et

2425 2007 2764 2063 saeculorum.
2789 2005 2983 2061 Amen.

1674 2293 2061 2356 MAGISTRI
2098 2291 2368 2383 ALBINI
2412 2289 2694 2353 FLACCI
2733 2253 3057 2353 ALCUlNl

986 2433 1346 2490 EXPOSITIO
1383 2433 1453 2489 IN
1487 2433 1805 2492 PSALMOS
1841 2432 2281 2497 GRADUALES,
2313 2430 2433 2499 QUI
2468 2429 2557 2485 ET
2596 2428 2950 2487 CANTICUM
2986 2428 3329 2486 GRADUUM
3369 2429 3739 2489 DICUNTUR.

2190 2548 2537 2563 ψ

810 2616 1021 2671 Gradus
1067 2622 1193 2668 sunt
1240 2612 1645 2668 ascendentium
1704 2612 1789 2669 vel
1830 2612 2313 2669 descendentium:
2358 2616 2361 2619 '

741 2709 835 2763 sed
863 2706 918 2759 hi
946 2704 1143 2775 gradus
1187 2718 1255 2757 xv
1304 2702 1710 2758 ascendentium
1737 2713 1894 2769 sunt,
1939 2718 2101 2774 quem
2131 2716 2319 2758 nume-

743 2816 881 2864 rum,
920 2799 973 2851 id
999 2805 1081 2850 est
1112 2794 1396 2866 [quintum
1444 2793 1769 2865 decimum],
1816 2795 1863 2849 si
1890 2810 1924 2848 a
1948 2795 2122 2864 primo
2148 2809 2318 2862 usque

742 2892 808 2943 ad
832 2888 1079 2942 ultimum
1123 2893 1398 2952 computes
1426 2925 1441 2949 ,
1491 2883 1625 2938 ﬁunt
1668 2884 1864 2955 [Edit.,
1910 2883 2060 2957 sunt]
2097 2891 2311 2940 centum

743 2976 951 3045 Viginti.
994 2974 1166 3041 Super
1206 2989 1364 3042 quem
1413 2988 1695 3051 numerum
1737 2971 1970 3043 Spiritus
2011 2968 2229 3029 sanctus
2256 2973 2309 3026 in

2371 2614 2381 2629 ‘
2420 2619 2501 2666 tes
2524 2609 2777 2666 saeculum
2804 2609 3096 2675 dimittere,
3129 2626 3235 2665 non
3255 2619 3410 2681 potes
3431 2620 3541 2667 tam
3572 2621 3775 2669 arctam
3801 2613 3991 2692 [viam]

2417 2707 2471 2755 et
2498 2708 2610 2755 tam
2636 2707 2916 2771 angustam
2941 2708 3155 2770 portam
3180 2701 3405 2771 ingredi.

2487 2789 2651 2844 Vsus.
2690 2789 2747 2842 4.
2772 2819 2841 2829 -
2869 2788 3091 2858 Sagitta:
3116 2791 3337 2859 potentis
3357 2799 3524 2844 acutae
3546 2807 3661 2844 cum
3681 2792 3991 2849 carbonibus

2416 2876 2763 2931 desolatoriis.
2786 2876 2844 2931 ld
2868 2884 2971 2941 est,
3001 2878 3142 2945 quod
3168 2878 3223 2931 in
3239 2877 3544 2949 .Evangelio
3565 2878 3760 2933 dicitur
3789 2897 3803 2933 :
3835 2880 3992 2952 Apud

2417 2965 2649 3019 homines
2678 2966 2775 3019 hoc
2799 2965 3114 3036 impossibile
3134 2974 3229 3031 est,
3262 2966 3403 3036 apud
3439 2966 3606 3021 Deum
3629 2970 3804 3022 omnia
3828 2950 3992 3040 possi-
4070 2950 4087 2973 ⁸

742 3065 1052 3128 ςωιιιιοιιιο,
1102 3065 1304 3127 idest,
1351 3064 1468 3119 loco
1512 3064 1841 3118 ascensionis
1867 3064 2035 3128 venit,
2078 3070 2139 3117 ut
2160 3062 2313 3117 nobis
2356 3125 2382 3128 _
2418 3054 2455 3108 ιη

2277 3063 2313 3117 is
2356 3125 2382 3128 _
2418 3054 2543 3109 bitia
2566 3064 2688 3109 sunt
2736 3054 2947 3125 (Matth.
2980 3070 3091 3119 nx,
3127 3054 3241 3126 26).
3296 3054 3517 3125 Sagitta?
3543 3058 3777 3127 Ροιεηιίε
3826 3060 3990 3115 verba

743 3164 1083 3221 monstraret,
1114 3170 1209 3224 per
1232 3125 1331 3209 hos
1355 3170 1422 3208 xv
1451 3155 1644 3225 gradus
1670 3154 1738 3208 ad
1778 3169 2001 3208 summae
2021 3125 2314 3223 vperl‘ectio-
2338 3125 2386 3188 ο
2417 3144 2512 3199 Dei
2532 3154 2675 3209 sunt,
2692 3159 2812 3213 Quae
2833 3143 3158 3215 transﬁgunt
3180 3125 3340 3200 eorda
3361 3125 3630 3202 nostraad
3647 3157 3991 3206 contemnen-

742 3248 822 3300 uis
844 3246 1180 3301 altitudinem
1220 3246 1616 3300 ascendendum
1656 3260 1796 3299 esse.
1853 3246 1974 3301 ideo
1998 3244 2139 3299 Deus
2172 3230 2312 3316 Uis.

2414 3235 2542 3289 dum
2563 3235 2837 3300 saeculum,
2868 3246 2923 3289 et
2942 3236 3009 3289 ad
3036 3250 3147 3289 amt
3160 3234 3325 3291 udum
3352 3235 3517 3291 Deum
3549 3251 3652 3291 :ex
3676 3237 3870 3306 quibus
3901 3254 3991 3294 sa-

742 3336 1028 3408 liominus]
1069 3337 1135 3390 de
1159 3337 1297 3390 caelo
1319 3337 1594 3390 descendit
1637 3335 1706 3389 ad
1757 3351 1856 3390 nos
1909 3336 1964 3390 in
1994 3344 2229 3401 terram,
2257 3342 2317 3391 ut
2411 3327 2561 3398 sinis
2616 3341 2767 3381 amor
2811 3326 3115 3391 enitatur.
3153 3341 3261 3380 non
3318 3325 3571 3379 interitus
3621 3334 3987 3396 comparatur.

742 3442 840 3481 nos
867 3428 932 3481 de
960 3436 1102 3480 terra
1134 3426 1486 3479 ascendamus
1508 3425 1562 3477 in
1589 3425 1803 3479 C(elum.
1845 3425 1967 3480 Ideo
1987 3424 2075 3479 ille
2099 3427 2317 3480 descen-

742 3519 819 3569 dit
849 3518 901 3569 in
927 3514 1121 3568 vallem
1150 3515 1512 3585 lacrymarum
1545 3524 1884 3579 nostrarum,
1915 3525 1975 3567 ut
1993 3528 2091 3568 nos
2126 3525 2315 3567 ascen-

740 3612 927 3663 dutnus
966 3607 1019 3683 in
1048 3606 1433 3659 beatitudinem
1463 3605 1661 3659 laetitia:
1691 3603 1851 3657 illius.
1905 3602 2010 3656 Sed
2037 3602 2317 3655 audiamus

742 3699 880 3751 unde
907 3697 1032 3759 iste,
1055 3695 1147 3763 qui
1170 3695 1271 3747 hos
1314 3692 1547 3761 psalmos
1576 3694 1731 3747 nobis
1775 3692 1842 3745 ad
1871 3691 2099 3746 salutem
2121 3691 2318 3759 decan-

742 3791 894 3855 tavit,
924 3789 1135 3843 initium
1161 3788 1481 3843 ascendendi
1505 3786 1788 3850 inchoarit,
1818 3786 1902 3841 vel
1929 3785 2195 3857 quomodo
2217 3799 2317 3838 nos

740 3878 1027 3933 ascendere
1054 3877 1301 3932 voluerit.
1322 3876 1598 3945 Siquidem
1621 3876 1826 3946 primus
1837 3876 2035 3946 gradus
2048 3873 2317 3927 ascensio—

742 3972 823 4022 nis
857 3976 1052 4021 nostra:
1066 3976 1149 4021 est
1163 3965 1461 4028 humilitas,
1479 3971 1537 4016 ut
1572 3963 1933 4032 intelligamus
1952 3975 2050 4015 nos
2064 3969 2312 4030 peccato-

740 4074 827 4112 res
838 4099 851 4121 ,
865 4067 918 4112 et
929 4059 994 4112 ad
1010 4058 1101 4112 Dei
1118 4056 1343 4126 gratiam
1357 4054 1511 4109 nobis
1527 4053 1915 4109 convolandum
1925 4067 2060 4117 esse,
2080 4053 2199 4108 ideo
2209 4052 2311 4106 ait:

1251 4180 1568 4235 PSALMUS
1615 4178 1800 4235 CXIX.

816 4294 976 4344 Vens.
1022 4292 1069 4344 l.
1101 4320 1171 4329 -—
1197 4290 1277 4343 Ad
1308 4288 1612 4353 Dominum,
1640 4304 1759 4341 cum
1782 4287 2081 4351 tributarer,
2114 4286 2313 4342 clama-
2373 4286 2389 4298 ⁸

743 4388 812 4447 vi,
840 4397 886 4437 et
915 4384 1177 4437 exaudivit
1206 4399 1305 4436 me.
1362 4381 1658 4437 Tribulatio
1680 4392 1765 4436 eSt
1801 4381 1916 4435 ιιωο
1940 4380 2067 4445 vita,
2092 4394 2159 4433 ex
2184 4394 2315 4449 qua,

2415 3417 2546 3473 Cum
2573 3417 2882 3471 carbonibus
2920 3414 3248 3470 desolatoriis
3278 3455 3292 3480 ,
3332 3415 3386 3470 id
3411 3422 3494 3470 est
3522 3417 3847 3472 vastatoriis.
3881 3417 3991 3474 Sed

2414 3506 2460 3560 si
2488 3519 2677 3576 parum
2697 3512 2782 3560 est
2802 3504 2981 3558 verbis
3011 3504 3287 3574 sagittare,
3323 3502 3553 3558 sufﬁciat
3587 3504 3846 3573 exemplis
3892 3504 3988 3559 de—
4018 3566 4019 3569 η

2415 3603 2743 3649 monstrare.
2790 3592 2892 3659 Qui
2918 3591 3134 3647 fuerant
3154 3591 3304 3664 [Ms.,
3338 3590 3560 3662 fuerint]
3583 3591 3822 3660 peccatis
3852 3592 3992 3662 nigri

2415 3694 2470 3740 et
2489 3684 2689 3755 frigidi,
2706 3685 2902 3739 iterum
2926 3684 3192 3739 charitate
3212 3683 3307 3737 Dei
3331 3682 3541 3737 accensi
3567 3690 3915 3736 vastaverunt
3937 3692 3997 3737 et

2415 3774 2798 3830 destruxerunt
2819 3788 2985 3843 Opera
3005 3772 3205 3827 diaboli
3236 3773 3293 3826 in
3321 3772 3571 3827 cordibus
3599 3772 3732 3836 suis,
3771 3781 3832 3826 ut
3852 3787 3993 3842 prai-

2416 3855 2674 3935 pararent
2725 3862 3109 3917 habitationem
3161 3860 3271 3917 Deo
3316 3862 3371 3916 in
3417 3856 3748 3931 semetipsis,
3776 3869 3831 3916 et
3871 3872 3995 3932 post

2418 3954 2586 4008 multa
2604 3960 2827 4024 peccata
2849 3951 3072 4007 multum
3088 3951 3393 4006 dilexerunt
3409 3950 3575 4005 Deum
3592 3966 3606 4004 :
3623 3950 3742 4004 ideo
3764 3951 3992 4007 multum

2416 4042 2719 4097 dimittetur
2741 4039 2868 4110 His.
2883 4039 3051 4093 multa
3072 4038 3431 4111 dimittuntur]
3446 4040 3544 4094 eis.
3562 4039 3816 4109 Sequitur
3826 4054 3986 4097 vero:

2489 4132 2650 4186 Vens.
2680 4129 2735 4193 5,
2767 4130 2819 4184 6.
2846 4158 2915 4169 —
2937 4127 3055 4183 Heu
3086 4130 3199 4183 me!
3233 4130 3357 4199 quia
3387 4128 3646 4183 incolatus
3689 4146 3836 4184 meus
3874 4148 3991 4200 pro-

2416 4221 2659 4292 t'ongatus
2702 4228 2808 4284 est,
2838 4219 3063 4281 habitavi
3093 4236 3210 4273 cum
3246 4218 3596 4272 habitantibus
3619 4216 3809 4284 Cedar,
3848 4220 3991 4273 mul-

2416 4322 2527 4365 tum
2557 4308 2728 4378 incola
2756 4310 2855 4378 [uit
2876 4310 3054 4364 anima
3078 4325 3213 4363 mea.
3250 4309 3389 4363 Ecce
3425 4309 3526 4362 iste
3547 4322 3580 4361 a
3602 4307 3778 4378 lingua
3805 4309 3991 4365 dolosa

2418 4400 2675 4454 liberatus
2694 4406 2723 4462 ,'
2753 4399 2918 4452 verbo
2947 4398 3041 4450 Dei
3067 4398 3377 4466 sagittatus,
3413 4396 3673 4465 exemplis
3700 4395 3991 4456 multorum

744 4477 833 4543 qui
875 4475 1146 4528 humiliter
1185 4474 1253 4529 ad
1296 4472 1465 4527 Deum
1509 4472 1769 4534 clamant,
1818 4472 1959 4526 sicut
1990 4470 2314 4526 Publicanus
2343 4455 2392 4513 Ι)
2420 4455 2721 4552 roboratus;
2761 4487 2886 4556 quid
2934 4455 3213 4555 ριιοιῑρίξι,
3242 4455 3415 4555 φιοίτε
3445 4455 3735 4542 accidere
3759 4496 3989 4556 quam.

744 4569 834 4637 qui
866 4568 940 4618 ait
975 4586 986 4619 :
1044 4564 1186 4618 Deus
1228 4565 1482 4634 propitius
1530 4572 1639 4616 esto
1686 4562 1814 4614 mihi
1855 4559 2115 4628 peccatori
2160 4558 2309 4628 (Luc.

746 4674 896 4719 xviii,
944 4658 1066 4724 l5),
1110 4656 1487 4708 exaudiuntur.
1564 4651 1671 4706 Sed
1715 4651 1988 4705 videamus
2044 4649 2172 4719 quid
2216 4650 2316 4703 iste

747 4751 1012 4815 pwnitens
1040 4748 1267 4801 clamet:

820 4862 975 4912 Vens.
1016 4859 1069 4910 2.
1093 4888 1159 4897 -—
1192 4857 1433 4919 Domine,
1464 4854 1625 4923 libera
1656 4852 1908 4924 [animam
1938 4850 2131 4923 meam]
2180 4868 2212 4904 a
2237 4850 2317 4904 la-

744 4953 838 5001 biis
866 4950 1078 5017 iniquis,
1119 4958 1164 5000 et
1211 4964 1243 4998 a
1285 4948 1465 5013 lingua
1508 4945 1711 4998 dolosa.
1762 4943 1924 5022 Labia
1958 4943 2140 5012 iniqua
2168 4951 2312 5007 sunt,

746 5057 863 5107 qua:
894 5054 988 5091 nos
1012 5035 1342 5105 suggerendo
1367 5034 1433 5086 ad
1459 5032 1797 5101 iniquitatem
1822 5031 2110 5085 sollicitare
2137 5032 2316 5085 nitun-

749 5142 863 5191 titt';
899 5128 1074 5195 lingua
1112 5123 1289 5177 dolosa
1319 5131 1424 5185 est,
1454 5137 1571 5189 qua:
1594 5136 1690 5175 nos
1724 5130 1966 5175 avertere
1993 5119 2107 5174 vult
2130 5121 2196 5174 de
2230 5121 2317 5175 via

743 5219 981 5281 j‘lNlliLC.
1026 5216 1115 5268 lllu
1141 5229 1236 5266 nos
1267 5212 1333 5264 ad
1369 5212 1697 5278 peccandum
1729 5218 2049 5281 suggerunt;
2080 5202 2190 5266 ista
2219 5226 2319 5266 nos

749 5322 777 5353 ει
810 5304 1185 5357 benef-sciendo
1210 5299 1452 5353 retrahit.
1493 5299 1598 5353 Sed
1627 5300 2048 5365 consideremus,
2071 5300 2197 5368 quid
2226 5315 2320 5353 no-

753 5395 831 5447 bis
862 5397 925 5444 ad
954 5396 1049 5446 has
1082 5407 1266 5460 preces
1290 5386 1606 5456 respondeat
1635 5390 1908 5443 Dominus.

829 5484 885 5535 γι
908 5498 983 5534 as.
1018 5483 1070 5533 3.
1102 5509 1169 5521 —
1190 5480 1348 5549 377
1380 5478 1516 5543 Quid
1544 5478 1693 5531 detur
1729 5480 1821 5533 tibi
1848 5520 1862 5544 ,
1892 5488 1981 5533 aut
2010 5478 2135 5546 quid
2162 5494 2321 5547 appo-

754 5586 906 5624 natur
938 5574 1025 5625 tibi
1051 5570 1117 5624 ad
1161 5569 1388 5637 linguam
1420 5568 1694 5622 dolosam?
1729 5570 1866 5625 Ecce
1889 5570 2014 5640 quid
2051 5568 2142 5622 tibi
2167 5569 2321 5623 dabi-

756 5674 839 5715 lur
868 5665 933 5716 ad
973 5660 1398 5731 respondendum
1440 5660 1632 5733 lingua:
1655 5657 1871 5724 dolosze,
1899 5674 2017 5730 qua
2039 5659 2194 5722 solet,
2218 5672 2323 5712 non

759 5757 1084 5811 consulendo
1108 5756 1223 5819 tibi,
1253 5755 1344 5809 sed
1362 5751 1721 5809 subvertenda
1747 5759 1816 5815 te,
1840 5753 2016 5807 dicere
2046 5770 2057 5805 :
2086 5749 2202 5804 Non
2228 5764 2324 5819 po-

2417 4580 2713 4634 videamus.
2746 4578 2861 4632 Heu
2886 4580 2999 4632 me!
3028 4577 3219 4646 inquit,
3237 4577 3379 4646 quod
3405 4576 3670 4631 incolatus
3691 4590 3843 4630 meus
3864 4591 3990 4644 pro-

2417 4674 2661 4740 iongatus
2681 4672 2795 4724 est!
2830 4670 2943 4724 Vox
2971 4669 3200 4724 dolentis
3225 4678 3282 4723 et
3304 4668 3578 4723 miseriam
3609 4664 3808 4737 [suam]
3838 4666 3991 4735 plan-

2417 4762 2607 4833 gentis,
2632 4762 2773 4831 quod
2792 4761 2883 4815 diu
2901 4758 3001 4832 [in]
3016 4758 3449 4830 peregrinatione
3470 4754 3633 4823 hujus
3646 4754 3990 4815 mortalitatis

2419 4851 2682 4906 incolatus
2703 4849 2819 4918 ejus
2837 4844 3392 4918 prolongetur.lncola
3418 4858 3544 4898 vero
3568 4853 3649 4897 est
3669 4844 3763 4913 qui
3788 4852 3993 4899 terram

2419 4941 2650 4995 alienam
2669 4939 2814 4994 colit.
2840 4937 2992 4993 Unde
3018 4938 3120 4991 iste
3143 4950 3201 4990 se
3230 4936 3454 5005 plangit,
3481 4943 3536 4988 et
3555 4934 3623 4988 ad
3650 4934 3881 5004 patriam
3899 4946 3989 4986 su-

2418 5030 2631 5099 Spirans
2667 5028 2864 5092 redire,
2895 5026 3098 5082 addidit
3128 5043 3141 5079 :
3190 5024 3434 5079 Habitavi
3482 5039 3600 5077 cum
3639 5020 3990 5075 habitantibus

2418 5120 2608 5177 Cedar.
2638 5119 2809 5175 Cedar
2833 5119 3071 5173 tenebrae
3095 5118 3539 5187 interpretantur.
3573 5110 3855 5184 Signiﬁcat
3891 5125 3989 5163 au.-

2421 5218 2526 5263 tem
2546 5217 2879 5279 peccatores,
2905 5207 3048 5261 inter
3069 5220 3206 5277 quos
3236 5207 3291 5259 in
3318 5206 3421 5258 hoc
3447 5200 3643 5269 sgeculo
3678 5200 3812 5270 justi
3832 5214 3991 5270 pere—

2420 5300 2721 5373 grinantur,
2745 5299 2974 5353 necdum
2997 5306 3241 5352 extremo
3277 5292 3464 5360 iudicii
3509 5290 3808 5347 ventilabro
3835 5305 3990 5356 area,

2422 5393 2473 5447 id
2494 5398 2579 5446 est
2604 5388 2866 5451 Ecclesia,
2895 5393 3123 5455 purgata
3142 5392 3200 5439 et
3225 5389 3507 5455 segregata
3540 5399 3552 5434 :
3582 5379 3725 5435 unde
3760 5380 3865 5434 iste
3896 5378 3988 5432 der

2421 5481 2665 5536 siderans
2713 5476 3006 5531 ascendere
3033 5474 3110 5528 ait
3156 5492 3167 5527 :
3212 5473 3436 5527 Multum
3463 5468 3635 5523 incola
3670 5469 3773 5538 [uit
3808 5467 3987 5521 anim

2422 5586 2558 5623 mea.
2588 5568 2794 5637 Corpus
2828 5565 2981 5630 locis,
3008 5573 3062 5620 et
3092 5565 3270 5619 anima
3294 5559 3571 5615 ail'ectihus
3590 5556 3984 5629 peregrinatur.

2424 5658 2575 5713 Unde
2607 5659 2707 5712 istc
2727 5657 2929 5727 sagitta
2957 5652 3238 5709 charitatis
3260 5650 3571 5705 vulneratus
3595 5654 3707 5704 toto
3724 5646 3989 5704 desiderio

2426 5749 2493 5804 ad
2524 5748 2801 5804 caelestem
2824 5744 3042 5803 anhelat
3066 5742 3317 5814 patriam.
3350 5737 3639 5808 Sequitur:
