4338 6440
134 541 224 595 621

901 535 1302 591 ΕΧΕϐΕΤΙΟΑ.
1333 564 1400 573 -
1435 531 1796 588 EXPOSITIO
1834 530 1897 583 ΙΝ
1939 529 2128 584 PSAL.
2169 528 2595 584 GRADUALES.

3269 530 3374 583 62?.

201 658 364 712 Vens.
389 655 443 708 7.
469 684 537 694 —
567 653 698 707 Cum
724 653 804 706 his
822 654 910 721 qui
931 653 1149 705 oderunt
1173 666 1371 719 pacem,
1395 663 1537 701 eram
1556 645 1700 717 paei-
1728 653 1775 703 Α
1801 651 1945 696 stare
1967 639 2154 693 :eterni
2181 638 2402 703 Judicis,
2426 648 2482 693 et
2507 638 2693 692 audire
2721 637 3129 691 desiderabilem
3155 644 3374 692 senten-

137 747 294 814 ﬁcus,
331 761 451 798 cum
510 743 759 812 loquebar
792 742 925 802 illis,
968 739 1339 810 impugnabant
1389 753 1472 789 me
1514 736 1701 804 gratis.

136 836 232 901 Qui
255 842 385 888 sunt
409 834 498 901 qui
541 833 775 886 oderunt
796 845 1002 900 pacem,
1039 830 1140 884 nisi
1182 829 1275 897 qui
1305 827 1558 880 scindunt
1584 826 1704 878 uni-

138 932 295 978 tatem
344 921 602 976 Ecclesia:
625 960 641 984 ,
668 920 906 974 volentes
935 920 1182 974 doctores
1218 917 1464 970 veritatis
1512 914 1703 978 videri,

135 994 252 1066 cum
282 1011 395 1066 sint
410 999 656 1078 magistri
678 1009 922 1062 erroris?
948 1007 1086 1061 Dum
1112 1007 1359 1076 loquebar
1385 1004 1509 1064 illis,
1537 1004 1706 1071 impu-

133 1101 360 1171 gnabant
395 1116 479 1153 me
499 1089 682 1168 gratis.
709 1095 812 1162 Qui
836 1097 1146 1165 impugnare
1172 1094 1500 1148 contendunt
1525 1092 1708 1145 docto-

138 1205 223 1244 res
245 1189 626 1245 ecclesiastica:
651 1187 795 1249 ﬁdei,
821 1194 876 1238 et
900 1188 1002 1239 hoc
1023 1185 1190 1255 gratis
1230 1199 1244 1236 ε
1287 1184 1415 1250 quia
1451 1182 1568 1235 illos
1591 1195 1710 1234 cor-

138 1280 309 1348 rigere
336 1285 586 1345 quarunt
606 1314 622 1338 ,
651 1284 708 1328 et
746 1276 940 1330 unitati
972 1274 1167 1344 [Edit.,
1196 1270 1479 1341 unitatem]
1509 1278 1710 1325 sancta:

137 1368 390 1422 Ecclesia:
417 1365 761 1434 conjungere.

667 1451 985 1507 P’SALMUS
1014 1451 1175 1506 CXX.

206 1543 422 1597 Primus
447 1544 646 1612 gradus
669 1543 1000 1597 ascensionis
1026 1550 1224 1595 nostra:
1241 1540 1366 1610 [est]
1388 1539 1710 1593 humilitatis

138 1639 335 1684 nostra:
355 1630 751 1693 contribulatio,
779 1631 1042 1683 secundus
1063 1636 1147 1681 est
1163 1628 1313 1682 ﬁdes.
1340 1629 1407 1680 Et
1431 1627 1710 1680 sciendum

138 1729 222 1772 cst
241 1719 386 1786 quod
406 1717 538 1770 nihil
550 1717 692 1770 aliud
716 1725 840 1770 sunt
860 1717 913 1768 hi
928 1716 1124 1784 gradus
1148 1716 1476 1769 ascensionis
1494 1722 1710 1778 nostrai,

139 1809 242 1860 nisi
292 1807 482 1860 salutis
526 1815 723 1859 nostra!
767 1804 1078 1874 profectus;
1119 1805 1237 1858 ideo
1287 1806 1338 1857 in
1371 1805 1454 1857 his
1488 1805 1712 1857 canticis

139 1895 726 1956 doeemuraseendere,
748 1895 840 1947 sed
856 1894 1144 1948 ascendere
1171 1895 1223 1948 in
1244 1895 1427 1957 corde,
1455 1894 1508 1946 in
1520 1892 1711 1947 aﬁ'ectu

135 1987 300 2049 bono,
326 1987 377 2038 in
406 1984 508 2037 ﬁde
535 1997 590 2036 et
615 1998 709 2051 spe
737 1993 791 2036 et
817 1983 1098 2045 charitate,
1134 1993 1187 2037 et
1213 1985 1264 2036 in
1294 1984 1558 2037 desiderio
1583 1998 1704 2051 per-
1745 1969 1784 2026 Β

141 2075 417 2142 petuitatis
431 2085 486 2128 et
505 2077 630 2129 vita:
652 2083 879 2127 aiternte.
909 2074 1058 2128 Unde
1089 2074 1139 2126 in
1167 2074 1268 2126 hoc
1292 2081 1548 2140 sequente
1566 2073 1703 2140 psal—

141 2179 232 2215 mo
265 2163 406 2216 dixit
427 2182 440 2215 :

211 2251 376 2304 Vens.
410 2251 460 2303 l.
497 2250 680 2304 Levavi
702 2250 880 2302 oculos
901 2265 1040 2302 meos
1066 2251 1119 2301 in
1141 2259 1338 2302 montes
1355 2290 1368 2310 ,
1392 2250 1528 2301 unde
1549 2250 1709 2301 veniet

141 2340 401 2391 (λάϋὶίῃ
425 2340 573 2392 mihi.
606 2338 810 2392 Montes
855 2339 964 2404 isti,
995 2341 1163 2392 sancti
1203 2347 1328 2392 sunt
1356 2340 1406 2391 in
1435 2340 1712 2393 altitudine

140 2427 323 2495 positi,
351 2426 595 2480 claritate
622 2426 937 2490 illuminati,
987 2428 1079 2480 sed
1121 2427 1188 2479 ab
1223 2427 1313 2479 illo
1365 2427 1456 2494 qui
1503 2436 1587 2480 est
1621 2427 1713 2480 lux

141 2530 295 2576 vera,
343 2529 463 2582 qua
506 2513 767 2567 illuminat
815 2530 1017 2568 omnem
1064 2516 1319 2568 hominem
1350 2517 1629 2568 venientem
1659 2517 1712 2569 in

141 2606 282 2657 hunc
311 2605 581 2657 mundum.
614 2605 766 2660 Unde
811 2614 1199 2674 consequenter
1231 2621 1325 2674 per
1364 2605 1520 2658 ﬁdem
1552 2608 1710 2659 intel-

141 2687 271 2747 lexit
312 2693 415 2746 iste
454 2709 710 2748 ascensor
743 2697 811 2749 ab
849 2697 953 2749 hoc
1001 2705 1181 2748 monte
1220 2694 1416 2765 [Edit.,
1451 2695 1517 2748 ad
1571 2696 1713 2749 hunc

142 2781 424 2851 montem],
458 2784 549 2850 qui
573 2792 658 2836 est
693 2798 852 2852 super
882 2785 1133 2838 verticem
1167 2785 1427 2837 montium
1454 2785 1712 2849 elevatus,

143 2871 402 2926 auxilium
440 2873 541 2926 sibi
575 2889 696 2928 esse
724 2876 1040 2944 petendum,
1081 2876 1403 2944 sperandum
1450 2877 1715 2946 accipien-

143 2962 412 3029 dumque;
436 2963 557 3016 ideo
578 2965 654 3016 ait
681 2981 694 3017 :

223 3047 380 3103 Vens.
403 3050 457 3103 2.
483 3081 553 3090 -—
587 3051 851 3104 Auxilium
880 3070 1047 3106 meum
1089 3072 1120 3107 a
1150 3054 1370 3109 Domino
1396 3094 1411 3119 ,
1470 3056 1559 3124 qui
1598 3055 1714 3124 fecit

143 3138 331 3191 caelum
366 3147 414 3191 et
441 3148 652 3192 terram.
682 3141 746 3193 Et
772 3141 1087 3195 subsecutus
1112 3143 1371 3210 adjunxit,
1396 3143 1618 3212 loquens
1648 3146 1716 3198 ad

145 3227 298 3280 illum
358 3237 592 3284 montem
649 3245 679 3282 a
733 3244 840 3299 quo
893 3232 995 3291 sibi
1057 3234 1272 3288 unicum
1327 3236 1566 3304 speravit
1614 3251 1712 3289 au-

145 3315 338 3369 xilium
364 3335 377 3368 :

221 3405 383 3460 Vnus.
401 3407 454 3459 5.
479 3435 547 3446 —
571 3407 694 3460 Non
715 3409 804 3462 des
833 3410 886 3462 in
909 3413 1301 3463 commorionem
1325 3411 1504 3480 pedem
1526 3429 1715 3476 meum,

150 3509 315 3561 neque
348 3494 589 3547 dormitet
613 3498 704 3564 qui
728 3499 952 3550 custodit
987 3508 1052 3551 te.
1083 3497 1189 3552 Fac
1219 3498 1430 3552 ﬁrmum
1458 3508 1603 3553 stare
1630 3516 1720 3570 pe-

148 3580 273 3632 dem
300 3578 453 3649 μη,
475 3595 561 3634 me
585 3580 738 3635 ﬁrmo
769 3591 916 3636 stare
938 3585 1096 3655 pede]
1123 3601 1298 3639 meum
1319 3587 1372 3639 in
1404 3589 1721 3642 ascensione

149 3669 343 3722 salutis
386 3684 537 3731 meae,
582 3660 644 3722 in
677 3671 992 3725 humilitatis
1029 3674 1112 3726 vel
1157 3681 1319 3726 rectae
1356 3674 1478 3728 ﬁdei
1530 3677 1717 3743 gradu.

149 3756 232 3807 Ad
253 3755 637 3822 proﬁciendum
667 3759 904 3813 charitas
940 3762 1131 3829 pedem
1182 3770 1362 3816 movet
1392 3762 1482 3833 [ad
1526 3765 1722 3818 caden-

150 3841 282 3894 dum
320 3843 570 3910 superbia
606 3845 825 3915 movet].
858 3847 1025 3900 Recte
1064 3862 1193 3917 ergo
1242 3849 1343 3902 iste
1382 3849 1627 3913 audiens,
1667 3860 1726 3904 ut

153 3935 413 3987 ascendat
429 3942 486 3988 et
510 3949 615 3988 non
655 3936 831 4000 cadat,
854 3944 916 3990 ut
953 3939 1125 3992 incola
1183 3940 1233 3990 in
1261 3939 1399 3991 valle
1427 3939 1577 4008 μαι,
1609 3951 1668 3993 ut
1693 3958 1723 3995 a

151 4022 418 4092 convalle]
441 4023 754 4090 plorationis
793 4026 1056 4094 proﬁciat,
1093 4043 1199 4080 non
1222 4028 1275 4081 in
1302 4036 1507 4082 tumore
1531 4046 1721 4099 super-

152 4109 262 4162 bia
293 4109 528 4174 deﬁciat,
557 4114 634 4165 ait
661 4114 888 4168 Domino
944 4133 956 4168 :
1013 4116 1094 4170 Ne
1132 4117 1221 4169 des
1249 4119 1303 4169 in
1334 4121 1723 4174 commotionem

155 4195 374 4268 [Ms.,ad
400 4199 727 4270 movendum]
771 4202 950 4268 pedem
976 4217 1163 4254 meum.
1202 4205 1268 4256 Et
1309 4205 1450 4258 Deus
1474 4203 1550 4260 ait
1590 4208 1662 4261 illi
1708 4228 1719 4260 :

158 4285 341 4354 Neque
372 4285 610 4338 dormitet
637 4289 723 4354 qui
757 4289 994 4346 custodit.
1015 4300 1064 4342 te
1106 4307 1124 4342 :
1163 4293 1320 4346 crede
1368 4295 1422 4346 in
1462 4310 1585 4349 eum
1634 4300 1726 4366 qui

156 4390 434 4442 nunquam
459 4376 710 4429 dormitat
753 4376 904 4446 [Ms.,
933 4379 1182 4450 dormiet]
1211 4379 1286 4450 [et
1329 4382 1415 4434 ille
1463 4388 1726 4440 custodiet

159 4462 254 4532 te].
292 4464 423 4527 Quis
451 4473 536 4518 est
562 4465 650 4518 ille
677 4466 841 4534 378
865 4468 953 4534 qui
1000 4485 1269 4536 nunquam
1295 4470 1578 4535 dormitat,
1625 4475 1725 4527 nisi

159 4549 248 4603 ille
301 4551 367 4605 de
423 4565 529 4618 quo
592 4553 879 4619 Apostolus
916 4557 991 4607 ait

158 4639 518 4692 dominabitur
550 4639 726 4710 (Rom.
771 4657 854 4705 vr,
905 4643 1004 4713 9)?
1052 4645 1173 4700 ldeo
1211 4659 1595 4716 consequenter
1632 4653 1726 4705 ad-

162 4727 298 4781 didit
329 4746 342 4780 :
522 4783 544 4789 _

230 4819 395 4870 Vens.
435 4819 488 4871 4.
528 4849 595 4858 --
635 4819 769 4873 Ecce
794 4838 895 4874 non
929 4823 1247 4886 dormitabit,
1297 4840 1455 4893 neque
1483 4827 1720 4891 dormiet,

159 4907 250 4976 qui
281 4907 508 4958 custodit
541 4907 729 4961 Israel.
776 4911 904 4964 Esto
937 4911 1120 4974 Israel,
1186 4913 1239 4966 id
1275 4922 1358 4966 est
1411 4915 1494 4966 vir
1537 4916 1724 4969 videns

158 4996 330 5049 Deum
349 5034 364 5058 ,
398 4995 454 5047 in
485 4995 587 5048 ﬁde
615 5004 668 5048 et
690 4999 954 5052 charitate
976 5039 989 5062 ,
1023 5009 1078 5054 et
1104 5017 1372 5068 nunquam
1415 5003 1555 5057 illius
1600 5003 1725 5057 dor-

161 5087 292 5138 miet
315 5084 489 5154 gratia
526 5099 557 5136 a
597 5087 837 5138 custodia
870 5096 958 5139 tua
989 5107 1000 5139 :
1029 5098 1082 5142 et
1109 5093 1264 5156 quasi
1305 5093 1402 5144 iste
1428 5093 1725 5162 interroga-

162 5185 245 5227 ret
279 5189 340 5228 se
367 5174 522 5245 μίση
549 5175 974 5246 interrogasset],
1002 5180 1122 5245 quis
1149 5189 1234 5233 est
1256 5183 1345 5248 qui
1381 5198 1486 5235 non
1527 5186 1724 5237 dormi-

164 5263 287 5315 tat?
323 5263 533 5324 Dictum
567 5269 652 5315 est
682 5264 730 5317 ei
767 5281 779 5314 :

244 5346 398 5400 Vens.
423 5349 480 5398 ό.
506 5378 576 5387 -—
600 5351 856 5406 Dominus
901 5355 1122 5407 custodit
1149 5365 1214 5409 te.
1256 5356 1324 5410 Et
1341 5361 1608 5426 quomodo
1632 5377 1726 5415 cu-

164 5436 363 5492 stodiet
409 5436 504 5489 te!
567 5436 822 5494 Dominus
863 5445 1111 5512 protectio
1167 5455 1254 5498 tua
1303 5464 1456 5515 super
1514 5466 1726 5503 manum

164 5525 391 5581 dexterae
416 5536 541 5578 tua.
585 5525 772 5582 Manus
818 5540 1138 5600 potestatem
1162 5572 1177 5598 ,
1213 5535 1432 5589 dextera
1466 5545 1726 5592 aeternam

167 5616 482 5672 felicitatem
509 5617 793 5688 signiﬁcat.
827 5622 1082 5680 Dominus
1103 5626 1223 5700 [est]
1246 5631 1490 5698 protectio
1515 5640 1605 5683 tua
1640 5650 1727 5686 su-

167 5721 255 5770 per
267 5720 485 5758 manum
504 5705 729 5759 dextera:
757 5716 879 5770 tua,
911 5710 963 5762 id
985 5721 1086 5776 est,
1124 5716 1165 5767 si
1192 5716 1480 5769 credideris
1509 5717 1559 5768 in
1580 5731 1723 5781 eum,

167 5801 408 5864 proteget
449 5801 502 5846 te
524 5833 539 5857 ,
566 5804 625 5848 ut
657 5803 973 5864 potestatem
1015 5802 1211 5858 habeas
1236 5805 1290 5859 in
1335 5805 1551 5858 dextera
1573 5816 1726 5872 parte

1811 731 1938 783 tiam
1967 748 1978 782 :
2027 727 2226 791 Venite,
2255 730 2505 782 benedicti
2529 728 2706 780 Patris
2727 729 2844 789 mei,
2876 728 3119 796 percipite
3141 743 3377 799 regnum,

1807 829 1863 874 et
1889 821 2110 888 reliqua.
2135 821 2323 873 Adhuc
2342 820 2494 887 quasi
2518 819 2778 887 quzcrcnti
2801 819 3172 888 respondetur,
3197 819 3248 873 in
3274 837 3381 889 quo

1809 910 2072 964 custodiet
2094 924 2219 962 eum
2250 910 2544 962 Dominus?
3033 917 3035 919 ‘

1883 1002 2043 1054 Vens.
2073 1000 2126 1053 6.
2153 1029 2222 1038 —
2253 999 2356 1052 Per
2384 1000 2519 1052 diem
2545 998 2622 1051 sol
2659 1016 2762 1052 non
2800 1011 2912 1052 uret
2937 1009 2984 1052 te
3008 1040 3022 1062 ,
3064 1016 3224 1068 neque
3251 1001 3380 1054 luna

1813 1107 1906 1162 per
1945 1099 2164 1142 noctem.
2200 1087 2503 1158 [Dominus]
2527 1088 2792 1141 custodiet
2833 1097 2903 1150 te,
2961 1089 3011 1140 id
3050 1097 3168 1153 est,
3200 1090 3253 1142 in
3281 1089 3384 1144 ﬁle

1812 1187 1958 1231 recta
1987 1177 2222 1232 serVabit
2249 1186 2300 1229 te
2321 1216 2334 1238 ,
2363 1176 2477 1228 sive
2509 1177 2562 1229 in
2593 1176 2805 1228 mternis
2831 1215 2845 1237 ,
2885 1176 2996 1228 sive
3038 1177 3088 1228 iu
3117 1184 3386 1246 tempora-

1809 1266 1977 1328 libus;
2027 1265 2141 1317 sive
2167 1263 2220 1317 in
2257 1263 2361 1316 ﬁde
2390 1271 2590 1317 sanctae
2625 1263 2924 1326 Trinitatis,
2956 1278 3073 1331 quae
3119 1265 3206 1318 hic
3254 1265 3384 1318 solis

1813 1357 2028 1410 nomine
2056 1355 2405 1422 designatur;
2452 1354 2566 1406 sive
2604 1354 2659 1406 in
2712 1353 2816 1406 ﬁde
2874 1363 3074 1408 sancta:
3112 1355 3384 1415 Ecclesize,

1811 1460 1930 1516 qua:
1964 1447 2051 1500 hic
2075 1444 2213 1497 lunae
2251 1445 2467 1498 nomine
2497 1445 2894 1497 demonstratur
2945 1462 2957 1495 :
3010 1453 3067 1497 ut
3111 1460 3214 1498 non
3241 1456 3387 1499 erret

1812 1537 1895 1590 vel
1924 1536 2324 1591 seandalizetur
2370 1533 2503 1587 ﬁdes
2529 1541 2640 1586 tua.
2683 1532 2818 1585 Nam
2865 1534 3030 1587 motio
3073 1533 3190 1604 [Ρη
3220 1535 3383 1606 ustio]

1812 1625 2122 1680 scandalum
2151 1623 2437 1692 signiﬁcat.
2471 1621 2625 1692 [Item
2663 1622 2769 1675 duo
2807 1629 2934 1676 sunt
2960 1631 3226 1692 praecepta
3251 1626 3383 1678 cha-

1813 1717 2011 1778 ritatis,
2037 1716 2090 1769 id
2123 1723 2208 1768 est
2240 1714 2335 1766 Dei
2355 1721 2410 1766 et
2436 1711 2713 1782 proximi]
2759 1711 3013 1780 Quisquis
3049 1713 3213 1780 igitur
3240 1723 3389 1767 errat

1816 1807 1867 1859 in
1897 1807 2011 1874 ipsa
2038 1805 2338 1858 substantia
2361 1804 2629 1867 veritatis,
2652 1817 2682 1855 a
2702 1803 2813 1857 sole
2827 1804 3032 1866 uritur;
3052 1812 3108 1856 et
3125 1817 3225 1872 per
3245 1804 3387 1857 diem

1813 1897 2019 1957 uritur,
2053 1895 2177 1962 quia
2210 1895 2262 1947 in
2290 1895 2403 1962 ipsa
2431 1893 2691 1962 sapientia
2727 1901 2890 1946 errat.
2926 1893 3178 1960 Quisquis
3202 1893 3254 1944 in
3280 1893 3384 1945 Ee-

1810 1982 1973 2035 clesia
2005 1991 2059 2035 et
2089 1997 2251 2035 carne
2279 1981 2500 2043 Christi,
2533 1981 2622 2047 qui
2652 1988 2736 2033 est
2763 1989 2924 2048 caput
2973 1981 3246 2043 Ecclesiae,
3276 1995 3386 2034 non

1811 2071 2230 2135 scandalizatur,
2261 2087 2292 2123 a
2319 2071 2441 2124 luna
2484 2087 2590 2126 non
2627 2071 2822 2123 uritur.
2856 2069 2960 2123 Per
2984 2071 3120 2122 diem
3160 2071 3238 2123 sol
3281 2085 3385 2124 non

1797 2157 1923 2213 ἰιι-ει
1945 2169 2014 2223 te,
2049 2177 2209 2228 neque
2238 2159 2362 2212 luna
2395 2176 2487 2228 per
2509 2169 2725 2211 nectent.
2752 2160 2972 2224 Quare?
3001 2160 3134 2225 Quia

1881 2252 2040 2307 Vens.
2066 2251 2116 2302 7.
2144 2280 2216 2289 -
2239 2250 2490 2302 Dominus
2517 2249 2738 2302 custodit
2761 2258 2810 2301 te
2837 2249 2899 2301 ab
2931 2250 3071 2300 omni
3107 2249 3268 2312 malo,
3294 2265 3384 2302 cu-

1811 2340 2000 2392 stodiat
2042 2340 2269 2392 animam
2291 2348 2435 2391 tuam
2464 2338 2742 2391 Dominus.
2781 2337 2820 2389 A
2851 2337 3124 2390 scandulis
3167 2337 3221 2389 in
3250 2336 3386 2400 sole,

1812 2437 1913 2481 eta
1943 2429 2212 2482 scandalis
2241 2429 2293 2480 iu
2317 2427 2463 2480 luna.
2495 2427 2576 2479 Ab
2599 2427 2746 2479 omni
2777 2425 2916 2479 malo
2942 2432 2997 2479 te
3041 2424 3292 2488 custodit,
3337 2424 3391 2478 id

1812 2524 1915 2577 est,
1941 2517 2176 2569 animam
2207 2524 2353 2569 tuam
2383 2515 2450 2568 ab
2468 2514 2614 2568 omni
2656 2512 2994 2577 inﬁdelitate,
3035 2521 3094 2566 ut
3142 2513 3256 2581 ipsa
3285 2527 3391 2566 non

1814 2608 1971 2659 cedat
1992 2605 2317 2669 inﬁdelibus,
2347 2620 2452 2658 non
2479 2603 2756 2674 frangatur
2777 2602 3224 2656 tribulationibus.

1886 2696 2046 2748 Vens.
2089 2697 2142 2750 8.
2176 2725 2244 2734 --
2272 2695 2528 2746 Dominus
2571 2693 2829 2745 custodiat
2857 2693 3124 2745 introitum
3155 2701 3300 2743 tuum
3345 2701 3393 2744 et

1814 2785 2007 2837 exitum
2025 2793 2191 2844 tuum,
2209 2799 2271 2835 ex
2287 2783 2382 2834 hoc
2403 2798 2538 2834 nunc
2560 2790 2607 2834 et
2631 2781 2856 2850 usquein
2881 2781 3149 2833 strculum.
3168 2779 3390 2846 Quando

1811 2872 2106 2934 'tentamur,
2163 2872 2466 2935 intramus;
2522 2869 2734 2937 quando
2781 2869 3043 2920 vincimus
3109 2865 3388 2938 [tentatio—

1815 2960 1980 3030 nem],
2010 2961 2218 3014 eximus
2242 2958 2436 3028 [Edit.,
2464 2974 2493 3010 a
2517 2957 2816 3010 tentatioue
2841 2955 3070 3026 eximus]
3091 2975 3102 3008 :
3120 2957 3389 3010 custodiat

1815 3063 1943 3117 ergo
1979 3063 2077 3101 nos
2108 3048 2370 3100 intrantes
2400 3045 2658 3100 ad‘ﬁdem
2676 3085 2692 3109 ,
2721 3045 2986 3100 custodiat
3010 3060 3108 3098 nos
3131 3053 3392 3100 exeuntes

1817 3139 1884 3190 ad
1904 3138 2146 3205 praemia,
2180 3145 2234 3189 et
2261 3136 2360 3189 hoc
2394 3135 2446 3188 iu
2474 3133 2725 3188 saeculum
2762 3133 2852 3188 ubi
2901 3133 3075 3186 sancti
3118 3133 3393 3202 regnaturi

1819 3232 2080 3278 suntcum
2109 3222 2343 3277 Christo.

2299 3317 2617 3374 PSALMUS
2657 3317 2839 3371 CXXI.

1885 3411 2137 3464 Pervenit
2152 3411 2333 3477 itaque
2352 3409 2434 3462 vir
2451 3409 2554 3461 iste
2575 3409 2640 3461 ad
2667 3408 2879 3460 tertium
2908 3406 3239 3460 ascensionis
3258 3421 3380 3476 gra-

1818 3500 1942 3552 dum
1963 3539 1975 3561 ,
2014 3501 2064 3552 id
2090 3509 2172 3551 est
2202 3499 2253 3550 in
2284 3496 2602 3550 desiderium
2656 3495 2888 3548 caelestis
2925 3493 3275 3554 Hierusalem,
3319 3497 3387 3547 a!

1819 3603 1979 3655 quam
2012 3586 2111 3658 [in]
2134 3602 2228 3654 spe
2249 3586 2538 3638 ascendere
2571 3599 2629 3638 se
2655 3583 2941 3652 gaudebat,
2959 3583 3086 3637 licet
3109 3583 3283 3638 adhuc
3304 3585 3391 3636 hic

1821 3678 1875 3730 in
1908 3677 2135 3730 terrenis
2160 3677 2454 3738 laboraret;
2500 3673 2620 3726 ideo
2641 3673 2714 3725 ait
2744 3690 2759 3725 τ

1890 3768 2050 3820 Vens.
2081 3767 2131 3818 l.
2153 3796 2223 3804 ——
2247 3764 2473 3816 Ltrtatus
2493 3780 2607 3816 sum
2624 3765 2678 3816 in
2701 3764 2780 3816 his
2801 3779 2917 3833 (μιαν
2935 3763 3076 3815 dicta
3098 3771 3219 3815 sunt
3239 3763 3387 3826 mihi,

1821 3858 1874 3909 in
1893 3856 2103 3908 domum
2125 3855 2335 3906 Domini
2363 3854 2571 3906 ibimus.
2597 3852 2830 3906 Lanatus
2860 3867 2975 3906 sum
3007 3851 3060 3904 in
3090 3851 3386 3920 prophetis,

1822 3944 2030 3995 laetatus
2054 3957 2171 3995 sum
2195 3942 2246 3992 in
2273 3940 2546 4008 apostolis,
2577 3941 2685 3993 imo
2718 3949 2772 3992 et
2795 3941 2847 3991 in
2886 3939 3136 3992 omnibus
3161 3939 3383 4000 sanctis,

1823 4034 1914 4102 qui
1943 4033 2073 4085 mihi
2101 4033 2283 4085 dicunt
2308 4049 2320 4082 :
2354 4028 2419 4082 In
2445 4030 2656 4082 domum
2697 4028 2906 4080 Domini
2929 4029 3148 4090 ibimus;
3193 4029 3283 4096 qui
3311 4029 3391 4082 di-

1824 4130 1972 4184 cunt,
1995 4121 2214 4181 currite,
2253 4117 2502 4171 festinate
2538 4118 2589 4170 in
2620 4118 2832 4170 domum
2864 4117 3090 4178 Domini,
3119 4117 3170 4170 id
3197 4125 3302 4180 est,
3332 4117 3384 4169 in

1823 4209 2093 4262 ccclestem
2128 4204 2456 4261 Hierusalem
2486 4215 2788 4275 properate.

1894 4297 2053 4350 Vens.
2093 4296 2145 4347 2.
2190 4325 2258 4333 —
2298 4295 2507 4347 Stantes
2535 4305 2682 4347 erant
2729 4293 2882 4362 pedes
2920 4296 3084 4346 nostri
3124 4296 3179 4347 in
3232 4298 3382 4349 atriis

1825 4388 1950 4449 tuis,
1983 4384 2331 4438 Hierusalem.
2364 4382 2595 4446 Stantes,
2639 4383 2693 4436 id
2729 4391 2810 4435 est
2839 4391 3254 4449 permanentes;
3302 4402 3389 4452 pe-

1826 4474 1914 4525 des
1936 4475 2120 4536 nostri,
2147 4473 2196 4524 id
2219 4481 2322 4534 est,
2343 4472 2562 4538 praemia
2583 4472 2844 4526 bonorum
2870 4464 3092 4538 operum
3123 4491 3134 4524 :
3163 4474 3216 4525 in
3242 4475 3392 4528 atriis

1055 4575 1066 4608 :
1120 4558 1263 4611 Mors
1318 4560 1394 4610 illi
1433 4560 1570 4613 ultra
1624 4579 1724 4615 non
1754 4584 1802 4642 ο
1829 4562 1950 4622 tuis,
1986 4559 2312 4611 Hierusalem
2339 4598 2355 4623 ,
2391 4560 2443 4611 id
2468 4568 2576 4623 est,
2609 4560 2662 4612 in
2692 4561 3000 4614 cmlestibus
3045 4563 3392 4618 habitationi—
3489 4601 3498 4606 ρ

1827 4649 1943 4700 bus.
1976 4645 2126 4699 Atria
2177 4647 2305 4699 dicit
2357 4646 2548 4715 plurali
2580 4662 2800 4700 numero
2825 4688 2839 4711 ,
2895 4648 3009 4715 ipsa
3041 4649 3283 4710 Neritate
3307 4653 3389 4704 di-

1824 4749 1975 4792 cente
2010 4758 2020 4791 :
2054 4739 2119 4792 In
2152 4741 2302 4818 domo
2334 4741 2507 4797 Patris
2563 4745 2664 4796 mei
2702 4744 2876 4797 multa:
2925 4755 3043 4798 sunt
3099 4746 3389 4797 mansiones

1826 4831 2003 4899 (Joan.
2030 4847 2142 4894 xxv,
2173 4831 2249 4902 2).
2283 4831 2445 4896 Quasi
2478 4834 2579 4886 iste
2627 4843 2836 4888 amator
2879 4848 3109 4901 quaerat,
3157 4849 3277 4901 qua:
3318 4836 3389 4886 sit

1826 4919 1923 4972 ista
1948 4919 2276 4973 Hierusalem
2304 4960 2317 4983 ,
2349 4921 2551 4973 dictum
2577 4929 2660 4973 est
2687 4921 2736 4974 ei
2773 4935 2786 4973 :

1895 5009 2056 5063 Vens.
2093 5012 2145 5063 5.
2185 5041 2255 5049 —-
2292 5010 2619 5064 Hierusalem
2639 5027 2754 5079 qua
2773 5010 3067 5078 adificatur
3086 5018 3140 5062 ut
3176 5010 3353 5064 civitas
3373 5049 3389 5073 ,

1824 5097 1972 5162 cuius
2007 5101 2330 5168 participatio
2370 5101 2482 5168 ejus
2523 5103 2577 5153 in
2610 5092 2854 5170 idipsum.
2891 5101 3243 5164 Hierusalem,
3271 5116 3391 5168 qua

1824 5201 1886 5238 ex
1913 5187 2046 5239 vivis
2072 5186 2335 5254 lapidibus
2355 5190 2715 5253 construitur;
2734 5204 2853 5258 quae
2876 5187 3170 5242 aediﬁcatur
3181 5196 3239 5240 ut
3259 5189 3392 5242 civi-

1825 5282 1925 5336 tas,
1959 5291 2064 5328 non
2094 5278 2294 5330 terreni
2319 5279 2478 5346 regis,
2505 5279 2596 5333 sed
2621 5279 2882 5341 caelestis;
2930 5293 3035 5332 non
3057 5279 3389 5346 temporalis,

1826 5359 1917 5417 sed
1949 5373 2148 5418 :eterna
2193 5366 2546 5421 Hierusalem.
2601 5368 2766 5436 Cujus
2811 5369 3140 5437 participatio
3179 5369 3296 5437 ejus
3331 5370 3390 5424 in

1824 5453 2068 5521 idipsum.
2102 5455 2252 5520 Quod
2296 5472 2506 5523 semper
2539 5457 2678 5510 idem
2705 5467 2805 5521 est,
2855 5458 3083 5526 idipsum
3111 5465 3210 5512 est.
3254 5458 3388 5524 Quis

1825 5549 1928 5603 est,
1956 5544 2048 5612 qui
2082 5558 2291 5612 semper
2309 5545 2448 5599 idem
2476 5555 2559 5600 est
2578 5546 2898 5618 [Edit.Quid
2921 5553 3003 5601 est
3023 5547 3388 5617 quodsemper

1827 5630 1954 5701 est],
1980 5633 2084 5686 nisi
2110 5634 2268 5696 Deus,
2295 5634 2384 5702 qui
2407 5635 2574 5689 dixit:
2606 5635 2719 5705 Ego
2745 5651 2857 5690 sum
2883 5637 2971 5705 qui
2997 5651 3142 5698 sum;
3175 5635 3266 5705 qui
3292 5635 3386 5688 de-

1829 5722 2054 5783 scendit,
2084 5731 2144 5775 ut
2182 5725 2623 5792 ascenderemus;
2672 5728 2761 5796 qui
2810 5725 3148 5795 participavit
3190 5733 3389 5781 nostra:

1831 5809 2138 5866 mortalitati
2169 5811 2322 5883 [Ms.,
2366 5823 2547 5869 nostra
2595 5816 2942 5885 mortalitate]
2979 5815 3127 5887 (nam
3162 5814 3388 5872 Verbum
