4338 6406
706 489 824 542 ,6ἓῦ
1544 487 1602 540 Β.
1643 485 1705 540 F.
1747 483 1970 539 Al.le
2012 478 2139 536 SEU
2184 474 2313 532 ALC

2346 477 2455 532 iiNl
2493 477 2775 536 OPERUM
2813 481 2990 537 PARS
3021 481 3083 538 il.
3858 481 3962 535 6'25

722 621 843 656 curo
863 604 1058 672 [artum
1085 613 1158 655 est
1177 642 1192 664 ,
1246 614 1292 654 et
1323 577 1567 654 habitarit
1598 603 1651 653 in
1689 601 1855 668 nobis)
1892 608 1949 652 ut
1978 597 2299 667 participare
2329 595 2376 653 Α
2407 594 2511 649 illis
2531 597 2818 670 quatcnus]
2845 599 2980 653 hanc
3004 614 3190 669 pacem
3209 599 3527 669 percipiant,
3555 607 3609 654 et
3622 606 3970 667 pernmucant

722 708 998 762 possemus
1058 708 1168 747 suae
1221 693 1506 748 aeternitati
1565 691 1719 758 [Ms.,
1775 706 1870 745 sua
1930 683 2294 754 aeternitate]?
2397 688 2450 741 in
2475 689 2588 743 illa.

727 781 856 836 Nam
894 780 960 836 de
1007 780 1340 853 plenitudine
1386 779 1503 848 eius
1546 797 1736 835 omnes
1801 780 2126 848 accepimus.
2193 774 2293 841 Qui
2469 780 2628 834 Vens.
2663 781 2717 836 9.
2746 812 2816 822 —
2845 780 3066 853 Propter
3091 784 3303 835 domum
3341 781 3550 835 Domini
3585 781 3680 836 Dei
3708 782 3807 834 mei
3832 796 3994 857 φηιε-Δ

723 882 846 930 sunt
898 881 1075 928 autem
1133 873 1224 942 qui
1277 872 1551 929 ascensuri
1609 880 1734 925 sunt
1782 872 1835 924 in
1890 870 2046 924 istam
2103 867 2290 921 civitu-
2396 870 2491 922 sici
2539 869 2674 923 bona
2709 871 2821 924 tibi.
2879 871 2936 925 Id
2965 880 3070 935 est,
3110 880 3170 925 ut
3221 879 3485 940 augeatur
3533 885 3788 946 numerus
3833 863 3972 928 ﬁlio-

725 977 852 1026 tem,
891 964 959 1019 ad
993 963 1152 1018 istum
1197 960 1661 1033 participationem
1681 1001 1696 1026 ,
1725 967 2118 1028 consequenter
2141 970 2299 1026 expo-
2400 974 2516 1012 rum
2550 967 2787 1024 tuorum,
2811 969 3070 1017 utomnes
3099 962 3165 1016 ad
3197 969 3249 1015 te
3279 970 3522 1025 currant,
3549 971 3605 1016 et
3637 960 3782 1016 dicat
3803 978 3972 1016 unus-

724 1055 846 1115 suit,
881 1052 1067 1107 dicens
1099 1069 1113 1105 :
2399 1049 2626 1118 quisque
2669 1050 2826 1104 alteri
2856 1070 2868 1104 :
2898 1067 3086 1122 eamus
3123 1053 3176 1106 in
3225 1053 3442 1107 domum
3485 1052 3696 1106 Domini
3746 1050 3921 1125 [item]
3954 1068 3970 1108 :

798 1143 956 1197 Vens.
996 1141 1049 1194 ι.
1087 1172 1159 1181 ——
1204 1141 1342 1196 Illuc
1375 1142 1513 1194 enim
1533 1140 1873 1194 ascenderunt
1919 1139 2103 1201 tribus,
2134 1137 2298 1191 tribus
2414 1137 2608 1202 Venite,
2639 1141 2981 1195 ascendamns
3006 1141 3076 1194 ad
3125 1152 3352 1195 montem
3406 1141 3643 1207 Domini,
3689 1151 3738 1196 et
3784 1141 3853 1195 ad
3882 1142 3975 1194 do-

728 1235 964 1299 Domini,
1006 1235 1354 1289 testimonium
1392 1231 1561 1286 Israel
1607 1234 1673 1286 ad
1725 1231 2072 1299 conﬁtendum
2105 1229 2299 1281 nomini
2401 1246 2540 1283 mum
2567 1229 2661 1282 Dei
2680 1230 2868 1294 Jacob,
2891 1241 2941 1284 et
2960 1232 3162 1286 docebit
3191 1250 3282 1286 nos
3306 1235 3416 1288 uias
3439 1251 3582 1297 suas,
3609 1235 3732 1305 quia
3754 1235 3817 1287 de
3846 1233 3976 1290 Sion

729 1323 958 1376 Domini.
999 1321 1114 1377 Non
1152 1323 1324 1376 tribus
1361 1331 1518 1375 terra:
1545 1361 1559 1385 ,
1597 1320 1663 1375 de
1693 1321 1890 1390 quibus
1915 1318 2113 1372 dicitur
2167 1335 2178 1368 :
2234 1315 2300 1368 Et
2401 1320 2559 1373 exibit
2615 1320 2718 1383 lex,
2783 1327 2828 1374 e’t
2858 1324 3063 1376 verbum
3106 1323 3317 1378 Domini
3363 1325 3428 1378 de
3475 1324 3769 1379 Jerusalem
3820 1322 3975 1395 (lsai.

727 1414 968 1482 plangent
999 1428 1119 1465 eum
1143 1429 1316 1466 omnes
1345 1412 1510 1465 tribus
1538 1421 1712 1474 teme,
1746 1411 1836 1464 sed
1866 1410 2036 1463 tribus
2069 1407 2300 1469 Domini,
2405 1413 2556 1484 ",3).

729 1520 862 1572 quas
890 1504 1170 1559 duodecim
1215 1503 1440 1572 apostoli
1478 1502 1768 1572 iudicaturi
1800 1510 1990 1562 erunt,
2025 1499 2188 1569 379
2221 1513 2303 1553 sc-
2928 1502 3251 1559 PSALMUS
3274 1503 3480 1594 CXXII.

728 1609 1011 1653 cernentes
1057 1613 1152 1654 eos
1185 1600 1252 1653 ab
1283 1598 1421 1658 illis,
1485 1614 1602 1667 qua!
1663 1609 1786 1651 sunt
1846 1598 2016 1652 tribus
2065 1595 2300 1651 diaboli:
2478 1613 2786 1678 Videamus,
2817 1615 2944 1684 quid
2978 1616 3080 1670 is“,
3107 1616 3438 1670 ascensorin
3470 1616 3629 1670 domo
3670 1616 3768 1673 Dei
3810 1625 3980 1682 sum.
4021 1605 4026 1610 ‘

733 1692 924 1744 barum
954 1691 1096 1744 enim
1123 1691 1486 1746 testimonium
1522 1693 1575 1745 in
1629 1691 1812 1754 lsrael,
1860 1691 1913 1744 id
1955 1698 2058 1752 est,
2098 1690 2152 1742 in
2202 1687 2308 1780 illis
2407 1713 2459 1759 ει
2491 1707 2542 1758 in
2569 1715 2820 1775 qum-mm
2851 1706 3046 1778 [εάίεη
3070 1707 3352 1778 quantum]
3382 1707 3585 1762 “duci-.3
3608 1710 3830 1778 gradum
3858 1725 3984 1780 ροτ-

733 1783 821 1851 qui
842 1783 1021 1836 vident
1038 1783 1225 1837 Deum.
1242 1782 1323 1837 Ad
1345 1783 1473 1850 quid
1500 1782 1827 1835 ascendunt?
1846 1782 1926 1834 Ad
1944 1779 2306 1835 conﬁtendum
2409 1795 2630 1850 veniens
2667 1795 2803 1850 dm;
2833 1813 2846 1848 ε

733 1874 932 1928 nomini
959 1883 1070 1937 tuo,
1103 1873 1327 1928 Domine
1360 1891 1372 1925 :
1399 1874 1536 1927 sicut
1561 1873 1763 1926 dictum
1793 1882 1874 1927 est
1906 1888 1919 1924 :
1963 1871 2229 1939 Confessio
2259 1880 2304 1923 et

2482 1883 2644 1937 Vsus.
2673 1882 2720 1936 i.
2753 1914 2821 1923 -—-
2861 1886 2940 1938 Ad
2961 1895 3010 1939 te
3042 1886 3203 1940 levavi
3231 1889 3409 1944 oculos
3449 1905 3610 1954 meos,
3659 1889 3747 1959 qui
3779 1888 3984 1949 habitas

732 1961 1062 2028 pulchritudo
1086 1964 1139 2015 in
1163 1972 1435 2033 conspectu
1462 1963 1575 2032 ejus
1610 1962 1782 2033 (Psal.
1815 1978 1938 2026 xcv,
1977 1962 2053 2033 6).

2338 1947 2377 2005 Β
2407 1974 2461 2027 in
2501 1974 2646 2028 cado.
2692 1975 2952 2032 Levemus
2985 1979 3170 2033 oculos
3208 1987 3421 2034 nostros
3455 1995 3485 2033 a
3512 1947 3745 2034 terrenis
3771 1979 3839 2034 ad
3870 1995 3986 2034 cus—

804 2076 963 2129 V’cns.
990 2075 1040 2129 ὅ.
1066 2107 1135 2116 -
1160 2074 1294 2141 Quia
1318 2075 1426 2129 illic
1448 2076 1688 2130 sederunt
1714 2076 1859 2128 sedes
1874 2077 1928 2128 in
1944 2074 2170 2143 judicio,
2213 2067 2306 2125 'se-

2408 2065 2581 2131 lestia,
2611 2082 2642 2121 a
2665 2068 2820 2122 nobis
2844 2068 2912 2122 ad
2948 2068 3234 2126 Dominum
3280 2068 3666 2142 [Ms.,Deum];
3709 2069 3989 2138 displicea-

732 2166 820 2219 ales
851 2183 1006 2236 super
1031 2168 1242 2219 domum
1273 2165 1460 2220 Dauid.
1523 2168 1652 2232 Quae
1699 2175 1823 2221 sunt
1867 2167 1950 2221 hae
1980 2165 2152 2227 sedes,
2201 2163 2303 2217 nisi
2409 2174 2529 2214 mus
2549 2159 2724 2223 nobis,
2762 2168 2818 2212 ut
2855 2161 3164 2229 placeamus
3203 2161 3342 2227 Deo,
3392 2162 3483 2232 qui
3514 2163 3721 2217 habitat
3745 2161 3797 2216 in
3824 2161 3985 2224 ctelo,

736 2257 906 2311 sancti
954 2255 1180 2325 apostoli
1224 2264 1279 2310 et
1327 2256 1705 2325 praedicatores
1756 2258 1956 2319 mundi,
2019 2257 2072 2310 in
2113 2255 2309 2325 quibus
2411 2250 2515 2304 hoc
2564 2257 2667 2314 est,
2726 2251 2779 2305 in
2841 2252 3044 2306 unitate
3083 2262 3412 2307 sanctorum.
3469 2251 3623 2307 Sicut
3669 2248 3987 2322 spiritaliter

738 2349 885 2402 sedet
920 2349 1031 2416 ipse
1067 2347 1207 2402 Deus
1257 2349 1323 2403 ad
1373 2347 1723 2417 iudicandum
1779 2349 2000 2404 orbem?
2036 2348 2167 2403 Nam
2197 2349 2309 2417 ipse

740 2442 880 2493 Deus
914 2439 1047 2493 dixit
1076 2459 1088 2492 ι
1120 2439 1316 2494 (Italum
1338 2439 1466 2492 mihi
1493 2440 1638 2493 sedes
1660 2449 1734 2493 est
1772 2440 1907 2509 (Act.
1951 2456 2048 2505 vn,
2103 2439 2215 2511 49).
2244 2439 2311 2494 Et

741 2533 793 2584 in
823 2530 1035 2584 Psalmo
1062 2529 1187 2584 Caeli
1213 2540 1459 2583 enarrant
1486 2529 1705 2599 gloriam
1733 2530 1827 2583 Dei
1851 2530 2021 2601 (Psal.
2041 2547 2196 2594 xvm,
2225 2530 2307 2601 i):

742 2623 844 2686 Qui
872 2629 996 2674 sunt
1028 2621 1115 2674 isti
1143 2620 1285 2683 cali,
1321 2620 1423 2673 nisi
1471 2621 1642 2674 sancti
1684 2623 1931 2691 apostoli,
1965 2637 2192 2691 quorum
2229 2638 2314 2676 so-

746 2726 846 2763 nus
886 2710 1051 2762 exivit
1079 2709 1132 2763 in
1156 2711 1340 2764 orbem
1367 2710 1555 2764 terra?
1595 2710 1745 2766 Unde
1782 2713 1982 2767 dictum
2011 2721 2112 2779 est,
2137 2714 2314 2767 anima

742 2799 869 2865 justi
923 2798 1492 2869 sedesestsapientitn,
1543 2800 1595 2853 id
1621 2803 1803 2864 est,in
1857 2804 2033 2856 anima
2073 2801 2206 2870 justi
2233 2820 2320 2858 sa-

625 2925 636 2938 .
743 2891 938 2958 pientia
978 2889 1144 2944 sedet.
1190 2891 1312 2944 llaec
1341 2890 1601 2960 sapientia
1627 2892 1766 2945 Deus
1798 2903 1878 2947 est
1918 2894 2008 2962 qui
2039 2893 2175 2948 dixit
2205 2910 2218 2950 :
2250 2896 2318 2948 Et

743 2980 985 3034 habitabo
1017 2982 1069 3033 in
1097 2980 1224 3043 illis,
1266 2992 1312 3034 et
1335 2981 1415 3034 illi
1441 2984 1566 3035 mihi
1587 2994 1735 3037 erunt
1785 2986 1838 3038 in
1859 2986 2099 3056 populos,
2154 2997 2202 3041 et
2227 3005 2319 3058 ego

743 3087 831 3124 ero
855 3069 959 3124 illis
982 3071 1034 3123 in
1058 3070 1219 3124 Deum
1261 3071 1343 3141 (Il
1369 3072 1489 3126 Cor.
1513 3088 1564 3135 v,
1593 3073 1700 3145 16).
1731 3073 1891 3129 Sedes
1932 3094 2086 3146 super
2107 3079 2318 3132 domum

751 3157 942 3224 David,
974 3160 1027 3214 id
1063 3169 1165 3223 est,
1195 3178 1355 3232 super
1384 3162 1640 3217 familiam
1666 3163 1832 3219 David
1865 3165 2018 3239 [Ms.,
2047 3167 2272 3239 Christi]
2303 3184 2316 3220 :

746 3252 935 3305 domus
959 3251 1123 3305 David
1151 3252 1388 3307 Ecclesia
1416 3262 1517 3308 est.

817 3361 976 3414 Vsus.
1008 3359 1060 3414 6.
1092 3392 1155 3400 —
1183 3361 1380 3431 Rogata
1406 3379 1522 3432 quc
1550 3364 1618 3418 ad
1647 3383 1824 3435 pacem
1845 3378 1962 3422 sunt
1995 3369 2306 3432 Jerusalem,

747 3460 792 3499 et
826 3449 1144 3502 abundantia
1169 3449 1499 3520 diligentibus
1529 3464 1594 3507 te.
1648 3454 1872 3526 Rogate,
1908 3459 2115 3513 duobus
2141 3461 2314 3515 modis

749 3539 1061 3607 intelligitur
1093 3557 1105 3593 :
1137 3541 1215 3594 vel
1246 3542 1586 3614 interrogate,
1640 3548 1722 3601 vel
1774 3552 2096 3616 precamini;
2129 3552 2183 3605 id
2208 3561 2314 3616 est,

751 3635 1073 3701 interrogate
1121 3633 1201 3688 vel
1249 3638 1561 3704 precamini,
1586 3642 1852 3708 quomodo
1880 3645 2096 3712 possitis
2120 3645 2318 3700 habere

752 3736 936 3788 pacein
959 3722 1010 3775 in
1036 3721 1352 3779 Jerusalem.
1410 3727 1498 3780 Vel
1543 3728 1609 3781 ad
1649 3730 1767 3785 illas
1800 3733 1952 3788 sedes
1979 3750 2158 3795 sermo
2187 3736 2313 3791 diri-

749 3809 911 3878 gitur,
936 3818 994 3865 ut
1015 3811 1088 3874 illi
1114 3814 1170 3867 in
1185 3812 1389 3880 judicio
1410 3817 1740 3885 interrogent
1765 3822 1855 3887 qui
1879 3833 2001 3875 sunt
2031 3825 2120 3891 qui
2144 3825 2212 3879 ad
2233 3824 2321 3879 Je-

755 3898 989 3956 rusalem
1048 3902 1371 3967 pertineant,
1433 3904 1496 3957 de
1531 3907 1724 3972 quibus
1770 3910 1969 3963 dictum
2001 3922 2084 3965 est
2125 3931 2136 3964 :
2172 3914 2320 3968 Beati

752 3987 980 4055 paciﬁci,
1020 3991 1264 4057 quoniam
1281 3992 1388 4060 ﬁlii
1416 3994 1511 4047 Dei
1540 3998 1858 4052 vocabuntur
1896 4000 2108 4072 (Matth.
2139 4021 2192 4070 γ,
2240 4007 2316 4076 9).

751 4079 946 4131 lterum
980 4094 1155 4133 sermo
1182 4083 1248 4134 ad
1274 4083 1416 4136 illam
1439 4085 1686 4154 dirigitur
1707 4085 2003 4144 Jerusalem
2027 4108 2040 4145 :
2064 4093 2132 4146 Et
2157 4095 2323 4147 abun-

752 4172 936 4224 dantia
954 4171 1286 4239 diligentibus
1315 4185 1381 4237 te,
1412 4177 1464 4229 id
1484 4187 1589 4241 est,
1617 4182 1857 4235 omnium
1879 4184 2140 4240 honorum
2161 4188 2327 4242 abun-

755 4265 991 4318 dantiam
1010 4265 1228 4329 habent,
1281 4269 1370 4336 qui
1405 4271 1678 4326 cmiestem
1716 4273 1945 4345 diligunt
1981 4277 2278 4335 Jerusalem
2309 4302 2320 4336 :

756 4354 843 4406 hic
898 4354 1276 4412 abundantiam
1307 4361 1361 4413 in
1399 4378 1512 4430 spe,
1572 4365 1677 4420 illic
1725 4369 2107 4426 abundantiam
2164 4377 2215 4429 in
2249 4394 2322 4432 re.

765 4445 914 4502 [Indo
941 4461 1331 4519 consequenter
1357 4455 1433 4508 ait
1466 4475 1477 4509 :

830 4557 985 4614 Vens.
1009 4560 1061 4614 7.
1083 4593 1154 4602 —
1179 4563 1303 4619 Fiat
1327 4585 1434 4638 pax
1463 4571 1517 4623 in
1540 4575 1722 4628 virtute
1760 4586 1866 4640 tua,
1920 4589 1969 4632 et
1999 4581 2324 4638 abundantia

755 4652 810 4702 in
857 4653 1085 4707 turribus
1142 4657 1265 4710 tuis.
1310 4658 1366 4715 ld
1402 4669 1504 4725 est,
1551 4663 1606 4715 in
1636 4663 1920 4722 dilectione
1977 4678 2096 4736 tua;
2159 4676 2330 4729 virtus

758 4741 901 4794 enim
924 4749 1035 4832 tua,
1090 4760 1124 4798 ο
1156 4743 1475 4813 Jerusalem,
1532 4750 1821 4810 dilectione
1856 4758 1947 4812 Dei
2004 4772 2058 4814 et
2097 4765 2331 4832 proximi

757 4840 972 4884 constat
1017 4830 1175 4903 [ls.,
1195 4836 1408 4893 dilectio
1432 4849 1518 4894 est
1539 4842 1632 4897 Dei
1655 4854 1709 4898 et
1734 4848 1987 4920 proximi]
2018 4867 2031 4903 :
2053 4830 2152 4919 per
2172 4853 2328 4908 istam

761 4934 969 4986 pacein,
1010 4931 1185 4989 etper
1239 4925 1396 4980 istam
1448 4930 1700 4988 virtutem
1749 4937 2074 4996 abundantia
2126 4945 2228 4999 erit
2275 4947 2328 5000 in

761 5009 1000 5104 turribus
1045 5011 1170 5074 tuis,
1224 5013 1275 5066 id
1326 5026 1428 5082 est,
1469 5019 1521 5072 in
1576 5025 1802 5080 excelsis
1858 5030 1983 5094 tuis,
2029 5034 2119 5102 qui
2172 5037 2330 5104 paulo

762 5111 885 5158 ante
905 5103 1057 5155 sedes
1087 5104 1418 5162 dicebantur.
1445 5111 1589 5168 Multi
1619 5126 1742 5170 sunt
1777 5119 1829 5172 in
1856 5122 2076 5176 dextera
2104 5103 2328 5195 stantes,

763 5195 858 5249 sed
885 5199 1039 5267 pauci
1068 5203 1121 5254 in
1151 5202 1351 5270 judicio
1376 5205 1641 5261 sedentes.
1667 5209 1928 5266 Sedentes
1950 5213 2068 5270 ideo
2089 5214 2142 5270 in
2170 5220 2332 5272 turri-

761 5287 860 5338 bus
888 5288 1018 5351 tuis,
1057 5305 1090 5342 ο
1139 5288 1456 5357 Jerusalem,
1499 5297 1632 5351 dixit
1680 5296 1839 5368 huius
1890 5305 2040 5371 pacis
2093 5315 2148 5359 et
2175 5307 2331 5376 hujus

764 5378 1001 5436 ciuitatis
1020 5391 1229 5437 amator
1255 5399 1271 5437 :

829 5487 992 5572 Vsus.
1021 5492 1072 5549 8.
1104 5524 1173 5534 —
1202 5492 1420 5566 Propter
1445 5498 1635 5568 fratres
1658 5517 1796 5555 meos
1815 5505 1864 5557 et
1903 5507 2165 5572 proximos
2191 5524 2330 5564 meos

764 5579 1014 5649 loquebar
1036 5601 1217 5655 pacem
1231 5587 1296 5640 de
1321 5597 1388 5642 te.
1422 5587 1538 5645 Non
1561 5602 1786 5660 propter
1829 5609 1935 5659 me,
1967 5611 2077 5650 non
2111 5609 2330 5670 propter

763 5676 1006 5727 Rutenos
1043 5674 1296 5742 honores,
1348 5692 1454 5738 nun
1476 5691 1692 5750 propter
1724 5684 1937 5743 divitias
1969 5688 2170 5755 saeculi,
2236 5694 2330 5748 sed

764 5769 981 5827 propter
1034 5760 1232 5820 lratres
1283 5779 1434 5823 meos
1473 5776 1530 5824 et
1591 5773 1867 5842 proximos
1914 5793 2083 5841 meos,
2127 5780 2335 5836 scilicet

766 5846 906 5903 tilias
937 5857 1056 5906 tuos
1086 5849 1248 5926 [banc
1273 5871 1458 5928 pacem
1483 5856 1691 5928 loquor,
1722 5863 2342 5952 ωηο-κφᾳυλεέὲρ

2410 2340 2594 2394 oculos
2633 2340 2831 2406 levare,
2881 2341 2953 2395 ita
2990 2342 3304 2411 spiritaliter
3327 2343 3524 2397 crelum
3571 2341 3869 2411 intelligere
3888 2339 3986 2393 de-

2413 2434 2620 2486 bemus.
2668 2433 2764 2488 Ubi
2813 2435 3022 2489 habitat
3047 2434 3222 2501 ,Deus,
3247 2435 3318 2490 ibi
3348 2434 3367 2506 [
3393 2433 3558 2505 oculi]
3588 2433 3768 2489 cordis
3811 2431 3985 2488 nostri

2416 2522 2469 2575 iu
2500 2522 2766 2577 charitate
2790 2523 3000 2578 levandi
3037 2523 3230 2595 [Edit.,
3260 2525 3333 2579 ibi
3381 2524 3546 2580 corda
3593 2532 3776 2578 nostra
3807 2523 3990 2576 levan-

2416 2613 2506 2686 da]
2561 2623 2705 2676 sunt.
2737 2614 2874 2686 [Hoc
2897 2623 2955 2669 ut
2979 2615 3188 2672 ﬁrmius
3215 2617 3570 2687 intelligatur,
3615 2614 3860 2685 exemplo
3888 2614 3992 2669 iste

2417 2721 2627 2764 amatur
2654 2725 2711 2763 se
2741 2708 3063 2779 roboravit.]

2489 2799 2650 2854 Vens.
2682 2798 2736 2852 2.
2762 2829 2828 2838 —-
2868 2798 3001 2852 Ecce
3030 2799 3162 2852 sicut
3193 2798 3331 2852 oculi
3351 2815 3617 2854 servorum
3670 2799 3722 2851 in
3754 2788 3991 2850 matribus

2419 2891 2748 2946 dominorum
2770 2907 2982 2945 suorum
3019 2907 3036 2944 :
3072 2901 3118 2944 et
3141 2892 3273 2944 sicut
3324 2891 3461 2964 oculi
3520 2888 3726 2943 ancilla
3785 2889 3840 2942 in
3887 2905 3989 2940 ma-

2421 2982 2575 3057 nibus
2611 2981 2836 3035 domina:
2864 2997 3004 3045 suae,
3055 2982 3152 3038 itu.
3179 2980 3317 3035 oculi
3387 2982 3548 3035 nostri
3605 2979 3674 3032 ad
3711 2979 3992 3033 Dominum

2421 3068 2589 3126 Deum
2633 3082 2891 3136 nostrum,
2921 3073 3084 3126 donec
3133 3074 3443 3126 misereatur
3491 3072 3672 3125 nostri.
3701 3069 3835 3124 Cum
3867 3085 3995 3139 ergo

2424 3163 2578 3216 audis
2598 3162 2894 3225 Christum,
2927 3162 3040 3216 leva
3065 3163 3251 3217 oculos
3285 3171 3406 3217 tuos
3431 3161 3498 3215 ad
3531 3161 3812 3215 Dominum
3827 3161 3994 3215 Deum

2345 3291 2391 3351 c
2427 3261 2577 3306 tuum
2610 3270 2622 3304 :
2656 3267 2775 3305 cum
2813 3251 2966 3305 audis
3015 3252 3320 3316 Dominum,
3364 3251 3479 3305 leva
3516 3250 3700 3306 oculos
3766 3260 3885 3306 tuos
3927 3252 3994 3303 ad

2423 3340 2565 3413 [Dei]
2610 3341 2928 3410 sapientiam
2963 3351 3018 3394 et
3039 3341 3140 3401 Dei
3187 3342 3459 3396 virtutem.
3490 3341 3630 3396 Leva
3653 3341 3838 3396 oculos
3874 3348 3994 3394 tuos

2414 3435 2482 3489 ad
2519 3435 2789 3489 dominam
2827 3444 2996 3497 tuam,
3041 3433 3168 3502 quia
3190 3422 3377 3488 servus
3414 3441 3468 3487 et
3526 3433 3720 3487 ancilla
3747 3447 3808 3486 es
3838 3449 3851 3484 :
3876 3446 3994 3486 ser-

2416 3540 2532 3587 vus,
2589 3525 2715 3594 quia
2763 3524 2990 3594 populus
3038 3539 3126 3589 es;
3175 3524 3386 3588 ancilla,
3451 3525 3576 3593 quia
3615 3523 3854 3578 Ecclesia
3910 3538 3991 3576 es.

2421 3614 2527 3670 Sed
2566 3611 2681 3684 ipsa
2731 3615 2925 3670 ancilla
2987 3630 3180 3685 sponsa
3219 3615 3362 3671 iacta
3408 3624 3511 3670 est.
3564 3615 3714 3670 Unus
3738 3614 3996 3684 loquitur,

2418 3714 2473 3761 et
2497 3721 2689 3772 omnes
2711 3706 2764 3760 in
2810 3721 2919 3761 uno
2945 3706 3255 3775 loquuntur,
3308 3706 3430 3774 quia
3464 3721 3653 3761 omnes
3679 3721 3840 3760 unum
3871 3715 3996 3761 sunt

2422 3797 2475 3850 in
2528 3796 2746 3852 Christo
2776 3815 2788 3849 :
2818 3813 2955 3852 unus
2981 3797 3221 3867 populus.
3253 3815 3358 3852 una
3386 3799 3648 3863 Ecclesia,
3695 3814 3833 3852 unus
3866 3812 3996 3867 grex

2423 3887 2489 3941 ad
2540 3903 2705 3941 unum
2760 3897 3032 3958 pastorem
3066 3891 3361 3960 pertinens.
3408 3885 3573 3961 380
3630 3889 3807 3944 Donec
3845 3890 3996 3942 mise-

2425 3987 2600 4031 reatur
2623 3980 2806 4044 nostri,
2836 3977 2887 4032 id
2914 3989 3018 4045 est,
3049 3980 3221 4035 donec
3248 3981 3314 4034 ab
3345 3979 3502 4043 huius
3530 3981 3653 4034 vita
3696 3979 3998 4034 tribulatio-

2425 4066 2604 4131 nibus,
2650 4075 2706 4121 et
2757 4069 2825 4122 ab
2866 4068 3028 4136 hujus
3065 4070 3164 4124 via:
3189 4071 3453 4128 molestiis
3487 4070 3678 4126 liberet
3714 4085 3831 4135 nos,
3861 4079 3916 4126 et
3941 4071 3996 4124 in

2425 4163 2626 4210 aeterna
2651 4158 2824 4227 patria
2849 4159 3163 4223 constituat,
3209 4175 3345 4229 quos
3389 4160 3477 4216 hic
3530 4176 3624 4231 per
3675 4162 3998 4216 teutationes

2427 4246 2602 4301 varias
2646 4248 2861 4303 erudire
2910 4263 3014 4303 non
3037 4248 3255 4304 desinit.
3283 4250 3350 4304 Et
3377 4251 3508 4320 quid
3546 4252 3646 4306 iste
3683 4250 3879 4305 clamet
3899 4264 3996 4304 uu-

2427 4338 2657 4395 diamus.
2679 4375 2700 4415 χ
3060 4355 3064 4362 ·

2498 4433 2661 4487 Vsus.
2689 4433 2745 4486 5.
2785 4462 2856 4472 —
2887 4431 3138 4487 .iliserere
3164 4435 3328 4488 nostri
3351 4432 3502 4506 [Ms.,
3535 4433 3731 4505 nobis],
3759 4432 3995 4495 Domine,

2427 4521 2669 4572 miserere
2685 4522 2868 4582 nostri,
2892 4523 3015 4590 quia
3032 4521 3254 4575 multum
3270 4523 3444 4593 repleti
3465 4540 3643 4576 sumus
3658 4524 3992 4593 despectioue.

2357 4607 2684 4693 Dhiiserere
2723 4611 2913 4676 nostri,
2939 4621 2995 4664 ut
3037 4611 3196 4666 iidem
3237 4623 3440 4668 rectam
3493 4623 3802 4677 teneamus;
3840 4614 3998 4666 mise-

2433 4712 2554 4753 rere
2581 4700 2767 4762 nostri,
2800 4711 2856 4754 ut
2881 4715 3043 4770 opera
3072 4701 3194 4757 fidei
3232 4703 3606 4757 convenientia
3634 4702 3993 4771 perﬁciamus.

2431 4787 2562 4855 Quia
2587 4791 2812 4845 multum
2841 4793 3029 4861 repleti
3071 4809 3256 4848 sumus
3281 4794 3640 4863 despectione,
3687 4785 3741 4848 id
3761 4799 3862 4856 est,
3900 4792 4001 4847 hu-

2421 4879 2513 4947 jus
2554 4882 2735 4936 saculi
2765 4883 3176 4940 mutationibus.

2467 5019 2476 5024 .
2502 4974 2664 5028 Vens.
2698 4973 2752 5024 ι.
2780 5001 2851 5012 —-
2880 4972 2946 5027 Et
2973 4972 3240 5046 [multum]
3274 4975 3465 5045 repleta
3491 4986 3566 5031 est
3615 4977 3791 5030 anima
3818 4983 3994 5028 nostra

2429 5062 2760 5130 opprobrium
2803 5062 3186 5118 abundantibus
3242 5075 3292 5119 et
3335 5065 3592 5135 despectio
3636 5065 3888 5134 superbis.
3933 5063 4000 5118 Et

2381 5204 2388 5206 _
2430 5153 2521 5220 qui
2571 5161 2698 5206 sunt
2750 5153 2841 5221 qui
2894 5155 3240 5224 approbrinm
3295 5154 3498 5226 [nobis]
3546 5154 3769 5218 (uehunt,
3814 5165 3999 5209 conse-

2431 5251 2656 5310 quenter
2698 5245 2964 5311 exponit:
3017 5244 3365 5314 opprobrium
3421 5243 3821 5299 abundantibus
3890 5241 4000 5316 [bis

2431 5333 2522 5401 qui
2556 5332 2711 5401 huius
2759 5335 2941 5389 saeculi
2970 5333 3314 5390 felicitatibus
3340 5333 3624 5406 gaudent];
3649 5344 3704 5388 et
3726 5333 3999 5406 despectu)

2434 5424 2698 5490 superbis,
2751 5425 2840 5494 qui
2889 5425 2943 5478 in
2991 5423 3193 5478 divitiis
3228 5423 3342 5477 suis
3394 5422 3734 5495 [superbiunt
3766 5419 3846 5495 et]
3903 5422 3999 5478 de-

2433 5513 2662 5579 spiciunt
2684 5529 2946 5584 pauperes
2979 5513 3198 5576 Christi,
3231 5512 3299 5567 de
3340 5514 3536 5583 quibus
3574 5514 3816 5570 dicitur:
3849 5513 4000 5568 Beati

2434 5617 2703 5669 pauperes,
2743 5603 2989 5671 quoniam
3024 5603 3257 5671 ipsorum
3279 5611 3355 5656 est
3393 5618 3604 5672 regnum
3627 5601 3890 5656 calorum.

2923 5777 3246 5836 PSALIUS
3269 5779 3497 5836 CXXII}.

2492 5877 2570 5945 ,ᾖ
2585 5880 2790 5958 “nitito
2815 5876 3111 5945 Graduum,
3142 5879 3243 5934 hoc
3264 5886 3366 5944 est,
3403 5880 3454 5933 in
3493 5881 3762 5951 patientia
3809 5878 3994 5935 solidi-
