4338 6402
184 435 287 490 025

918 432 1323 492 EXEGETICA.
1363 465 1431 475 —
1468 432 1823 489 EXPOSITIO
1862 431 1927 485 IN
1968 430 2156 486 PSAL.
2200 432 2621 494 CRADIIALES.

3303 439 3409 495 ϐπ

187 559 313 611 tate,
372 555 580 602 amator
633 551 731 603 iste
793 558 962 613 stans,
1018 551 1131 603 haec
1171 549 1399 604 dicendo
1455 548 1822 604 decantat:A
1854 546 2287 599 servavimuszct
2306 545 2495 600 melius
2518 547 2658 615 quod
2684 546 2831 619 [1⁸η
2859 548 3039 622 quam]
3062 548 3407 620 perdidimus,

255 639 414 696 Vens.
442 640 494 702 ι.
530 640 582 692 2.
610 670 681 681 -
719 639 836 693 Nisi
880 642 1002 710 quia
1051 640 1303 717 Dominus
1338 648 1450 695 erat
1476 642 1530 693 in
1582 639 1747 702 nobis,

186 728 325 782 dicat
347 746 483 783 nunc
510 728 699 790 Israel,
755 731 853 784 nisi
897 732 1020 800 quia
1042 730 1298 785 Dominus
1351 729 1539 783 eratin
1580 729 1747 783 nobis.

190 818 303 872 Vox
328 818 436 873 ista
479 829 787 874 sanctorum
837 822 950 875 sive
997 830 1310 891 martyrum.
1362 820 1476 873 sive
1526 819 1752 874 tribula—

188 907 361 961 tiones
382 906 435 960 in
470 907 571 961 hoc
596 908 791 962 saeculo
816 908 1131 977 patientium
1165 909 1380 972 existit;
1430 908 1752 975 quasi’dicc-

189 1001 312 1047 ret:
352 994 456 1049 nisi
497 996 752 1051 Dominus
777 997 932 1051 nobis
957 1005 1099 1051 esset
1140 996 1370 1064 adiutor,
1412 1011 1751 1065 nequaquam

187 1082 284 1139 itas
308 1085 697 1153 tribulationcs,
749 1095 804 1143 et
842 1088 942 1142 has
965 1086 1263 1157 passiones,
1290 1093 1344 1165 et
1376 1086 1477 1139 has
1502 1100 1752 1154 persecu-

188 1176 361 1231 tiones
406 1180 673 1233 sustinere
723 1179 1123 1247 potuissemus;
1166 1176 1408 1245 sedquia
1444 1175 1533 1229 ille
1558 1176 1610 1230 in
1656 1192 1753 1230 no-

186 1268 267 1322 bis
310 1275 414 1332 cst,
462 1265 618 1321 facile
654 1268 833 1322 omnia
872 1268 1200 1335 pertransire
1237 1268 1497 1332 valemus,
1548 1281 1668 1336 quas
1694 1267 1751 1321 in

186 1357 287 1412 hoc
310 1356 505 1413 saeculo
532 1356 666 1411 dura
689 1357 957 1411 videntur.
986 1357 1096 1411 Hoc
1129 1359 1273 1412 dicat
1310 1359 1496 1423 Israel,
1527 1358 1627 1411 hoc
1644 1365 1747 1420 est,

182 1446 268 1501 vir
284 1448 470 1503 videns
494 1447 660 1501 Deum
722 1448 824 1503 hoc
857 1448 1076 1518 cogitet,
1116 1450 1241 1518 quia
1269 1450 1410 1504 Deus
1447 1450 1559 1503 hate
1586 1462 1746 1518 Opera

183 1536 337 1609 [ls.,
382 1539 486 1593 hoc
532 1537 716 1611 opere]
764 1540 814 1593 in
867 1539 959 1594 illo
1015 1541 1265 1609 complet.
1326 1540 1464 1593 Dum
1512 1541 1747 1609 insurge-

182 1636 313 1681 rent
342 1629 573 1681 homines
629 1629 685 1681 in
742 1646 853 1691 nos,
895 1628 1029 1697 forte
1079 1630 1214 1683 rivos
1260 1629 1591 1699 deglutiss'ent
1631 1646 1741 1682 nos.

178 1716 260 1771 Ad
279 1718 643 1773 devorandum
671 1734 785 1780 nos,
839 1727 894 1773 et
920 1719 1071 1786 quasi
1111 1720 1262 1775 vivos
1310 1720 1747 1791 glutiendnmin-

178 1806 487 1874 surgebant.
528 1805 659 1873 Quis
686 1807 877 1861 horum
906 1816 1013 1861 tam
1042 1808 1304 1864 immanes
1330 1820 1385 1863 et
1407 1818 1515 1864 tam
1568 1812 1744 1865 immi—

1854 635 2054 689 inventi
2083 651 2287 699 sumus,
2316 636 2431 705 ipsa
2456 638 2663 693 dicente
2695 639 2928 693 Veritate
2957 658 2968 692 :
3000 638 3101 705 Qui
3127 642 3411 711 perdiderit

1852 721 2082 775 animam
2129 738 2279 775 suam
2298 733 2507 793 propter
2530 740 2607 776 me
2638 726 2856 780 inueniet
2881 743 3014 781 eam.
3045 727 3111 783 Et
3134 728 3292 799 hujus
3313 732 3407 785 ad-

1851 812 2169 867 hortationis
2196 821 2250 885 et
2277 814 2563 883 patientia),
2614 824 2667 870 et
2699 818 2908 873 roboris
2977 814 3097 888 quis
3116 828 3199 875 est
3221 831 3409 878 auctor

1853 900 2003 973 μὴ..
2065 902 2238 973 actor]
2298 903 2456 974 381
2515 906 2567 959 in
2618 907 2792 970 nobis,
2841 908 2941 963 nisi
2998 910 3089 964 ille
3135 911 3223 980 qui
3278 910 3406 968 fecit

1848 992 2105 1046 ctelumet
2134 994 2370 1047 terram?
2394 992 2510 1061 Ipse
2525 994 2779 1064 quifecit,
2808 997 2920 1068 ipse
2949 984 3198 1067 redemit;
3226 1011 3279 1057 et
3300 1003 3415 1074 ipse

1848 1082 1940 1150 qui
1964 1083 2205 1145 redemit,
2231 1082 2342 1151 ipse
2369 1093 2674 1139 remanent
2707 1103 2719 1137 :
2770 1086 2867 1155 ipsi
2895 1089 3120 1144 dicimus
3158 1106 3413 1162 semper:

1851 1170 2190 1239 Adjntorinm
2223 1181 2458 1225 nostrum
2501 1173 2557 1228 in
2610 1175 2815 1228 nomine
2862 1175 3094 1241 Domini,
3152 1182 3240 1249 qui
3288 1182 3409 1249 fecit

1851 1259 2032 1314 ctrlum
2090 1270 2138 1314 et
2191 1271 2380 1315 terram
2398 1262 2550 1333 (vers.
2574 1262 2651 1334 8).

2340 1352 2659 1410 PSALMUS
2692 1354 2920 1411 CXXIV.

1918 1439 2072 1493 Modo
2115 1441 2299 1510 incipit
2338 1443 2403 1495 de
2428 1442 2716 1497 stabilitate
2738 1452 2951 1500 sternte
2996 1445 3290 1505 Jerusalem
3333 1452 3417 1505 di-

1846 1542 1991 1591 cere,
2022 1536 2076 1581 et
2103 1528 2167 1582 de
2195 1527 2409 1583 illorum
2426 1529 2619 1585 ﬁducia
2644 1539 2699 1585 et
2720 1532 3009 1591 stabilitate
3047 1534 3200 1607 [Ms.,
3232 1539 3414 1594 solidi-

1847 1618 2001 1690 tate],
2034 1620 2124 1689 qui
2156 1620 2222 1673 ad
2246 1634 2363 1673 eam
2395 1628 2516 1675 toto
2544 1622 2810 1677 desiderio
2838 1621 3109 1689 festinant,
3141 1628 3413 1685 dicentes:

1917 1710 2078 1763 Vens.
2114 1709 2162 1761 i.
2192 1740 2260 1748 —
2294 1709 2404 1775 Qui
2437 1711 2703 1778 conﬁdunt
2740 1713 2795 1765 in
2838 1712 3058 1767 Domino
3097 1716 3230 1769 sicut
3266 1733 3414 1771 mons

1848 1796 1997 1863 Sion,
2040 1814 2141 1851 non
2172 1798 2571 1851 commovebitur
2600 1800 2654 1852 in
2695 1810 2943 1853 trternum
2966 1842 2981 1865 ,
3011 1804 3100 1873 qui
3127 1804 3325 1859 habitat
3361 1808 3415 1859 in

174 1905 259 1952 tes
283 1899 683 1967 persecutiones
732 1900 1039 1963 sustineret,
1064 1900 1165 1954 nisi
1198 1900 1455 1954 Dominus
1501 1901 1738 1969 adjuvis-
1771 1902 1814 1958 Β
1842 1888 2151 1942 λεηιδιιιειη·
2180 1888 2338 1943 Fides
2362 1905 2480 1959 quae
2499 1890 2563 1944 ad
2590 1890 2621 1943 Ι]

1801 1905 1814 1957 ι
1842 1888 2151 1942 Jerusalem.
2180 1888 2338 1943 Fides
2362 1905 2480 1959 qum
2499 1890 2563 1944 ad
2590 1890 2755 1945 Deum
2781 1900 2884 1955 est,
2908 1893 3151 1949 stabilem
3180 1893 3309 1950 facit
3332 1898 3414 1950 vi-

174 1995 259 2042 set
297 2002 411 2052 eos,
463 1988 554 2058 qui
584 2004 856 2058 nunquam
906 1990 1228 2061 derelinquit
1274 1999 1551 2059 sperantes
1575 1990 1628 2043 in
1654 1991 1745 2044 se?

173 2080 341 2150 Igitur
368 2080 423 2133 in
464 2080 639 2149 primo
672 2079 876 2148 psalmo
904 2080 1181 2136 Graduum
1222 2080 1290 2136 de
1330 2081 1514 2136 dolosa
1564 2081 1741 2150 lingua

170 2178 229 2222 et
266 2168 464 2224 hianda
487 2168 802 2224 scductione
827 2184 884 2224 se
916 2170 1201 2225 liberatum
1226 2186 1346 2226 esse
1374 2180 1599 2227 testatus
1627 2180 1737 2237 est;

170 2273 316 2313 nunc
342 2267 523 2312 autem
557 2257 658 2331 [in]
683 2259 787 2314 hoc
822 2258 1029 2329 psalmo
1048 2260 1113 2315 de
1143 2269 1327 2329 aperta
1368 2264 1745 2330 persecutione

170 2356 231 2397 se
254 2342 588 2413 redemptum
611 2358 732 2398 esse
764 2359 863 2413 per
885 2345 978 2399 Dei
1001 2353 1055 2399 et
1085 2345 1295 2399 Domini
1318 2346 1743 2415 misericordiam

168 2444 408 2501 enarrat,
446 2444 711 2506 quatenus
739 2448 791 2490 et
826 2438 1111 2505 spiritales,
1161 2446 1217 2493 et
1262 2440 1570 2508 corporales
1627 2439 1744 2492 vin-

168 2534 318 2581 ceret
340 2526 765 2597 persecutiones,
799 2527 880 2580 vel
908 2528 962 2581 in
988 2528 1198 2583 occulta
1228 2530 1543 2592 tentatione,
1572 2529 1657 2583 vel
1688 2529 1741 2583 in

169 2625 356 2685 aperta
411 2616 800 2687 persecutione.
860 2615 1011 2682 Quod
1040 2631 1170 2671 vero
1218 2618 1269 2670 in
1306 2618 1743 2675 antecedentibus

171 2708 398 2776 psalmis
424 2693 577 2776 quasi
601 2723 707 2762 una
735 2722 963 2778 persona
984 2705 1220 2775 loquitur
1268 2706 1420 2777 μὴ..
1445 2706 1739 2779 loquatur],

167 2797 260 2852 hic
284 2811 413 2853 vero
458 2797 653 2867 plurali
689 2812 914 2853 numero
947 2799 1077 2853 dicit
1103 2817 1115 2851 :
1140 2798 1270 2853 illud
1316 2796 1582 2866 signiﬁcat
1617 2813 1743 2869 pro-

165 2894 289 2957 pter
303 2885 566 2941 unitatem
593 2887 836 2955 corporis
854 2886 1053 2941 Christi
1078 2902 1093 2941 :
1122 2888 1223 2942 hoc
1244 2887 1427 2952 etiam,
1451 2886 1575 2957 quia
1607 2888 1742 2941 mul-

171 2988 226 3033 ta
258 2984 384 3033 sunt
413 2978 651 3033 membra
682 2977 751 3031 ad
792 2986 952 3047 caput
977 2978 1127 3042 illud,
1179 2979 1322 3049 quod
1350 2987 1432 3034 est
1471 2977 1737 3045 Christus,

172 3065 522 3135 pertinentia.

193 3181 206 3194 ι
238 3158 399 3212 Vsus.
422 3158 479 3220 3,
508 3157 561 3210 4.
612 3187 679 3197 -—
726 3156 864 3211 Dum
916 3158 1227 3211 irasceretur
1274 3157 1424 3226 [uror
1467 3175 1645 3212 eorum
1686 3160 1741 3212 in

1845 1985 1982 2041 tam;
2015 1994 2114 2033 nec
2140 1978 2259 2032 ullis
2284 1980 2666 2035 tentationibus
2688 1982 2889 2036 moveri
2911 1989 3109 2052 potest,
3132 1984 3223 2055 qui
3252 1998 3414 2056 supra

1843 2068 2050 2123 ﬁrmam
2071 2079 2278 2139 petram
2293 2086 2447 2124 suam
2470 2073 2735 2127 construit
2756 2074 2989 2128 domum.
3011 2073 3142 2142 Quis
3161 2085 3245 2132 est
3263 2092 3417 2132 mons

1844 2158 1971 2214 Sion
1999 2160 2100 2213 nisi
2127 2158 2393 2223 Christus,
2424 2160 2515 2233 qui
2540 2168 2624 2213 est
2646 2162 2701 2213 in
2725 2163 2909 2216 rertiee
2934 2165 3210 2228 montium,
3240 2174 3289 2219 et
3306 2166 3413 2220 ele-

1843 2250 2046 2304 uabitur
2087 2266 2241 2318 super
2268 2248 2453 2313 colles,
2486 2259 2533 2301 et
2578 2250 2737 2318 ﬂuent
2774 2251 2842 2303 ad
2881 2268 2997 2305 eum
3041 2268 3214 2307 omnes
3241 2263 3413 2324 gentes

1844 2340 1997 2411 (Isni.
2033 2358 2090 2403 ιι,
2121 2340 2215 2410 2)?
2244 2339 2370 2395 Sion
2392 2350 2477 2395 est
2500 2340 2763 2406 Ecclesia,
2794 2342 2845 2395 in
2869 2356 2973 2411 qua
2998 2342 3269 2413 speculum
3290 2344 3414 2398 vita:

1840 2438 1895 2482 et
1922 2431 2237 2483 aeternitatis
2265 2431 2421 2493 visio,
2462 2429 2614 2498 cujus
2650 2439 2811 2501 caput
2852 2441 2937 2486 est
2972 2431 3238 2489 Christus.
3276 2435 3416 2490 Ecce

1842 2518 2034 2588 quaerit
2058 2518 2157 2571 iste
2181 2532 2438 2571 ascensor
2460 2518 2780 2587 spiritalium
2822 2522 3105 2589 graduum,
3123 2523 3318 2594 qualis
3347 2525 3418 2579 sit

1844 2610 1945 2664 ista
1967 2608 2284 2671 Jerusalem,
2312 2607 2365 2661 in
2398 2622 2503 2677 qua
2532 2616 2843 2663 sanctorum
2880 2610 3080 2665 chorus
3105 2612 3332 2676 habitat,
3361 2625 3417 2668 et

1842 2702 2195 2769 respondetur
2227 2700 2276 2753 ei
2305 2714 2320 2752 :

1914 2792 2075 2846 Vnus.
2104 2791 2158 2844 ἱ.
2181 2820 2251 2830 --
2281 2790 2483 2845 Montes
2509 2793 2564 2846 in
2594 2794 2813 2851 circuitu
2839 2794 2970 2864 ejus,
3002 2804 3049 2848 et
3078 2793 3328 2848 Dominus
3358 2796 3411 2848 in

1842 2882 2061 2935 circuitu
2084 2880 2263 2950 populi
2287 2882 2388 2941 sui,
2416 2896 2479 2933 ex
2507 2882 2603 2934 hoc
2636 2899 2772 2935 nunc
2797 2895 2845 2936 et
2878 2900 3036 2953 usque
3062 2884 3117 2937 in
3145 2882 3409 2938 scculum.

1840 2972 1931 3027 Isti
1986 2980 2197 3026 montes
2239 2982 2366 3026 sunt
2409 2971 2582 3039 angeli
2629 2970 2777 3043 [sunt
2815 2973 3083 3045 apostoli],
3128 2987 3251 3030 sunt
3287 2992 3415 3047 pro--

1840 3065 2045 3133 phette,
2086 3070 2142 3116 et
2172 3061 2549 3133 praedicatores
2592 3062 2798 3126 sancti,
2840 3064 2933 3139 qui
2974 3064 3224 3117 muniunt
3253 3066 3411 3119 istam

1840 3150 2158 3208 Jerusalem.
2200 3152 2264 3206 Et
2294 3166 2374 3208 ne
2417 3152 2518 3207 hoc
2557 3152 2649 3207 tibi
2676 3166 2900 3223 parvum
2925 3152 3230 3218 videretur,
3272 3156 3412 3224 quod

168 3263 281 3310 nos,
327 3246 553 3316 forsitan
604 3263 740 3315 aqua
801 3246 955 3318 [Ms.,
1006 3246 1140 3301 velut
1160 3245 1345 3319 aquas]
1397 3246 1743 3301 absorbuisset
1767 3243 1814 3305 C
1847 3240 1980 3295 tales
2004 3248 2216 3295 montes
2240 3238 2404 3299 habet
2431 3242 2484 3295 in
2522 3241 2772 3307 circuitu,
2798 3243 2979 3298 statim
3010 3243 3313 3314 subiunxit:
3344 3243 3413 3299 Et

167 3353 281 3392 uos.
342 3336 457 3392 Vox
523 3336 777 3405 martyris
827 3345 912 3391 est
955 3336 1313 3393 truculentum
1372 3335 1735 3407 persecutoris

167 3428 405 3482 animum
418 3424 748 3482 ostendentis
768 3442 781 3478 :
799 3424 1023 3481 forsitan
1045 3428 1189 3483 velut
1211 3443 1351 3499 aqua
1373 3427 1528 3501 [Hs.,
1545 3427 1733 3500 aquas]

168 3517 535 3573 absorbuisset
567 3532 683 3572 nos.
718 3516 871 3586 Aqua
920 3518 1173 3587 populum
1200 3520 1425 3591 impium
1449 3520 1735 3591 signiﬁcat,

167 3610 260 3678 qui
309 3610 505 3680 qucrit
557 3608 710 3681 μη,
762 3624 930 3679 aquas
963 3609 1052 3665 hic
1100 3611 1325 3681 populos
1358 3612 1737 3682 impiorumsi-

170 3700 411 3770 gniﬁcat,
442 3701 533 3770 qui
574 3700 845 3772 quaerunt]
893 3708 1108 3756 sanctos
1138 3700 1416 3757 devorare.

238 3790 397 3845 Vsus.
422 3790 477 3844 5.
514 3820 586 3830 —
611 3790 910 3846 Torrentem
949 3792 1277 3861 pes-transiuit
1322 3793 1498 3848 anima
1536 3803 1734 3861 nostra,

170 3879 392 3948 forsitan
416 3882 777 3950 pertransisset
801 3881 979 3935 anima
1021 3892 1199 3937 nostra
1227 3900 1415 3953 aquam
1441 3884 1740 3939 intolerabi-

167 3967 288 4025 lem.
319 3968 732 4025 humanitatem
777 3971 1165 4040 persecutionis
1198 3973 1464 4043 signiﬁcat
1485 3977 1738 4031 torrentis

1837 3332 2093 3387 Dominus
2113 3332 2170 3385 in
2198 3332 2421 3385 circuitu
2440 3332 2616 3403 populi
2644 3333 2747 3387 sui.
2779 3333 2920 3389 Ecce
2940 3334 3128 3405 quales
3156 3336 3415 3392 habemus

1836 3438 2039 3488 muros,
2067 3422 2255 3493 quales
2291 3423 2649 3490 munitiones,
2688 3424 2874 3494 quales
2908 3423 3218 3481 defensores
3248 3428 3263 3481 ε
3302 3427 3414 3482 Ia-

1836 3528 2059 3567 ueamus
2087 3513 2227 3566 intra
2262 3520 2412 3581 septa
2436 3511 2754 3579 Jerusalem,
2794 3524 2851 3571 et
2879 3532 2986 3572 non
3018 3518 3308 3575 timeamus
3329 3522 3414 3576 in»

1836 3602 1999 3658 sidias
2022 3601 2241 3666 diaboli.
2271 3617 2370 3657 nec
2392 3604 2619 3672 sagittas
2637 3602 2775 3669 eius,
2796 3606 2931 3661 tales
2953 3609 3212 3665 habentes
3235 3611 3414 3668 defeno

1834 3708 2025 3759 seres;
2061 3701 2116 3748 et
2141 3693 2243 3748 hoc
2270 3708 2376 3748 non
2410 3694 2483 3748 ad
2507 3702 2737 3764 tempus,
2774 3697 2868 3753 sed
2899 3698 2952 3752 in
2982 3707 3264 3766 atternum,
3288 3703 3411 3757 idco

1836 3784 1995 3839 dicit:
2032 3782 2113 3838 Es:
2139 3785 2234 3837 hoc
2263 3794 2398 3838 nunc
2423 3797 2471 3839 et
2501 3802 2660 3857 usque
2687 3787 2741 3841 in
2764 3787 3033 3842 sa'culum.
3062 3787 3317 3859 Sequitur
3343 3811 3381 3847 τί

1911 3875 2071 3931 Vsus.
2101 3876 2153 3931 5.
2181 3904 2253 3915 —
2280 3874 2418 3941 Quia
2444 3893 2546 3931 non
2570 3877 2885 3949 derelinquet
2928 3878 3181 3937 Dominus
3210 3883 3410 3952 virgam

1836 3976 2163 4036 peccatorum
2190 3983 2345 4037 super
2367 3976 2555 4021 sortem
2573 3968 2875 4038 justoram:
2910 3979 2965 4024 ut
3004 3988 3107 4027 non
3131 3974 3410 4029 extendant

172 4062 405 4118 nomine.
446 4062 653 4132 Aquam
702 4061 1113 4127 intolerabilem,
1144 4062 1249 4118 hoc
1294 4071 1397 4129 est,
1452 4066 1739 4125 ιηοιιεάίδί.
1827 4060 1963 4130 justi
2006 4061 2075 4113 ad
2105 4062 2426 4131 iniquitatem
2470 4078 2656 4116 manus
2679 4079 2822 4117 suas.
2870 4064 2998 4120 Sors
3020 4065 3293 4137 justorum
3332 4078 3414 4124 est

168 4153 271 4209 lem
320 4154 526 4209 rabiem
551 4155 855 4225 iniquorum
888 4154 1127 4226 perpessi
1171 4170 1383 4222 sumus;
1411 4164 1464 4212 et
1491 4158 1597 4214 nisi
1628 4160 1734 4217 Do-

170 4247 346 4303 minus
380 4255 525 4302 esset
575 4248 628 4302 in
666 4249 840 4314 nobis,
894 4247 1195 4305 nullatenus
1222 4250 1449 4307 evadere
1476 4252 1738 4323 potuisset

169 4337 431 4411 fragilitas
474 4345 653 4393 nostra
710 4340 808 4393 has
858 4341 1273 4397 immanissimas
1318 4343 1733 4413 persecutiones.

169 4428 246 4482 Ad
268 4427 479 4485 laudem
501 4426 604 4501 [se]
634 4427 939 4484 liberatoris
968 4430 1053 4485 sui
1097 4430 1200 4507 ista
1234 4432 1427 4489 victrix
1481 4435 1734 4491 adversa-

168 4520 368 4575 riorum
390 4519 607 4594 [cohors
626 4521 887 4578 convertit
905 4519 1095 4593 (Edit.,
1120 4526 1456 4584 concorditer
1477 4543 1735 4588 conversa

166 4609 316 4681 est)],
341 4609 525 4666 dicens
556 4630 570 4665 ε

238 4701 403 4756 Vsus.
431 4700 485 4755 ϐ.
534 4733 604 4743 -
648 4704 957 4761 Benedictus
994 4705 1270 4770 Dominus,
1310 4710 1398 4779 qui
1453 4725 1553 4763 non
1593 4711 1736 4765 dedit

164 4807 259 4845 nos
280 4791 336 4845 in
357 4790 647 4861 captionem
700 4793 938 4859 dentibus
975 4814 1181 4851 eorum.
1228 4798 1549 4854 Benedictus
1594 4798 1735 4853 Deus

163 4880 257 4949 qui
275 4879 413 4935 vicit
434 4876 723 4944 mundum;
746 4895 843 4949 per
862 4896 1020 4949 quem
1049 4900 1146 4939 nos
1164 4886 1443 4952 vincimus,
1459 4902 1552 4957 per
1574 4902 1733 4957 quem

164 4985 265 5025 nos
288 4969 502 5025 liberati
525 4984 711 5023 sumus
734 4984 765 5022 a
796 4980 1197 5039 persecutorum
1223 4975 1505 5033 dirissimis
1538 4976 1729 5050 [Edit.,

162 5072 194 5109 a
223 5059 597 5125 persecutione
618 5067 673 5115 et
701 5059 1007 5132 dirissimis]
1038 5061 1326 5119 dentibus:
1354 5075 1410 5121 et
1437 5068 1559 5133 hoc,
1606 5070 1733 5139 quia

166 5143 308 5199 Deus
338 5155 456 5199 erat
482 5147 534 5201 in
586 5148 759 5204 nobis.

235 5235 396 5291 Vnus.
423 5236 475 5287 7.
502 5266 572 5276 —
591 5239 781 5294 Anima
808 5251 982 5295 nostra
1009 5242 1141 5295 sicut
1169 5258 1349 5312 passer
1373 5256 1546 5314 erepta
1573 5257 1647 5301 est
1672 5248 1735 5301 de

162 5335 347 5399 laqueo
378 5330 691 5383 mentitust.
719 5332 914 5388 Passer
952 5335 1055 5388 iste
1093 5331 1338 5388 Christus
1363 5342 1447 5388 est
1472 5352 1487 5388 ε
1512 5345 1565 5390 et
1594 5338 1734 5393 sicut

167 5419 255 5475 ille
280 5419 542 5477 liberatus
566 5429 648 5477 est
678 5423 747 5477 ab
790 5426 935 5479 omni
985 5427 1283 5496 iniquitate,
1306 5434 1359 5480 et
1393 5442 1423 5481 a
1478 5442 1732 5496 ρει-δεου-

166 5509 309 5563 tione
333 5508 642 5578 impiorum,
672 5519 727 5565 et
752 5512 924 5567 victor
946 5516 1211 5585 gloriosus
1244 5515 1309 5570 ad
1336 5524 1615 5584 paternam
1645 5534 1731 5573 re-

163 5599 262 5653 diit
288 5597 470 5654 sedem
513 5618 524 5650 :
577 5601 655 5655 sic
703 5617 801 5657 nos
836 5616 933 5672 per
970 5604 1119 5659 illum
1157 5606 1368 5663 liberati
1421 5620 1628 5671 sumus,
1677 5617 1731 5662 et

164 5704 268 5744 non
294 5704 479 5745 unus
506 5689 617 5743 dati
645 5690 697 5745 in
729 5693 944 5763 laqueos
971 5696 1245 5754 diabolicae
1277 5699 1499 5763 fraudis,
1551 5714 1650 5755 nec
1672 5701 1725 5755 in

162 5796 352 5838 manus
367 5772 718 5839 ‘venantium.
750 5784 854 5839 Nos
880 5787 1040 5842 vitam
1069 5792 1411 5857 perdidimus,
1448 5792 1540 5847 sed
1572 5791 1725 5847 ﬁdem

1837 4159 1983 4205 stare
2007 4150 2073 4205 ad
2094 4151 2371 4207 dexteram
2400 4151 2496 4207 Dei
2535 4152 2588 4206 in
2625 4153 2710 4208 die
2744 4153 2931 4225 judicii
2961 4170 2975 4221 ;
3016 4171 3178 4227 super
3210 4167 3410 4213 sortem

1836 4254 1964 4293 vero
1992 4240 2227 4305 illorum,
2264 4243 2318 4296 id
2344 4251 2447 4306 est,
2472 4257 2633 4312 super
2657 4247 3125 4317 congregatiimem
3164 4247 3373 4303 illorum
3392 4289 3405 4311 .

1836 4345 1942 4384 non
1970 4331 2117 4383 venit
2141 4331 2288 4401 virga
2326 4332 2607 4401 impiorum
2628 4373 2641 4394 ,
2676 4334 2729 4387 id
2759 4344 2859 4398 est,
2888 4338 3151 4391 sententia
3181 4339 3268 4393 illa
3305 4348 3410 4393 tcr-

1835 4419 2004 4475 ribilis
2024 4439 2035 4471 :
2055 4419 2157 4485 Ite,
2175 4420 2459 4485 maledicti,
2475 4423 2529 4475 in
2549 4423 2718 4493 ignem
2740 4432 3007 4479 «ternum.
3036 4424 3105 4479 Ut
3125 4444 3227 4480 non
3238 4440 3409 4484 exten-

1836 4514 1961 4567 dant
1981 4513 2118 4583 justi
2138 4514 2206 4567 ad
2226 4514 2550 4584 iniquitatem
2580 4533 2765 4571 manus
2801 4534 2945 4573 suas.
2982 4517 3160 4587 Quare
3194 4522 3407 4588 hoc,'ut

1763 4599 1813 4661 Ι)
1838 4622 1940 4659 non
1982 4606 2257 4659 extendant
2289 4605 2425 4675 justi
2454 4607 2522 4659 ad
2551 4608 2876 4680 iniquitatem
2915 4628 3107 4667 manus
3137 4630 3261 4670 suas
3283 4615 3309 4669 7
3336 4614 3408 4673 Ut

1839 4698 1905 4751 ad
1933 4706 2141 4769 tempus
2171 4698 2345 4754 ferant
2362 4698 2495 4768 justi
2520 4700 2732 4771 iniquos
2753 4703 3110 4772 dominantes,
3135 4715 3191 4763 et
3208 4708 3407 4766 intelli-
3472 4744 3490 4759 κ

1837 4799 1969 4859 gant
1994 4806 2101 4846 non
2126 4807 2246 4847 esse
2284 4794 2709 4863 sempiternum;
2750 4795 2840 4851 sed
2889 4809 3193 4871 praeparent
3235 4818 3293 4860 se
3340 4806 3409 4862 ad

1835 4882 2210 4950 possidendam
2238 4886 2605 4943 hereditatem
2638 4890 3061 4963 sempiternam;
3103 4902 3228 4950 tunc
3262 4896 3405 4952 enim

1837 4974 2143 5028 destruetur
2165 4976 2341 5031 omnis
2368 4986 2609 5047 potestas
2638 4980 2955 5050 iniquitatis,
2979 4991 3037 5035 ut
3058 4984 3126 5038 sit
3150 4984 3408 5042 Dominus

1836 5064 2017 5119 omnia
2039 5066 2091 5119 in
2122 5065 2386 5120 omnibus.
2417 5067 2529 5123 Hoc
2563 5073 2815 5140 cogitent,
2845 5075 2949 5141 qui‘
2970 5082 3116 5127 recto
3142 5082 3263 5129 sunt
3283 5091 3403 5131 oor-

1835 5156 1933 5219 de,
1976 5156 2117 5224 quod
2146 5171 2248 5210 non
2278 5171 2490 5225 semper
2510 5158 2855 5214 dominantur
2895 5160 3108 5229 injusti,
3140 5162 3231 5217 sed
3254 5164 3400 5220 aufe-

1836 5259 1983 5302 retur
2024 5256 2261 5319 potestas
2287 5248 2497 5305 illorum
2542 5251 2611 5307 ab
2640 5252 2750 5317 eis,
2790 5261 2844 5305 et
2872 5254 3117 5323 regnabit
3145 5254 3401 5313 Dominus

1837 5336 2031 5411 [solus]
2058 5354 2217 5409 super
2244 5348 2459 5395 sanctos
2481 5357 2623 5397 suos.

1906 5428 2064 5483 Vsus.
2091 5428 2143 5482 4.
2169 5460 2238 5469 --
2261 5430 2328 5483 Et
2357 5431 2641 5501 benefaciat
2667 5434 2809 5489 bonis
2834 5444 2881 5489 et
2910 5436 3056 5489 rectis
3078 5433 3245 5487 corde.
3281 5433 3393 5499 llic,

1831 5527 1891 5571 ut
1920 5520 1974 5572 in
2006 5519 2110 5576 ﬁde
2137 5530 2191 5575 et
2218 5523 2358 5577 bono
2400 5538 2562 5595 opere
2603 5538 2954 5596 permaneant
2996 5526 3230 5591 stabiles,
3261 5536 3315 5583 et
3341 5529 3397 5585 in

1832 5609 2011 5667 futuro
2033 5612 2257 5683 gloriam
2285 5617 2551 5686 accipiant
2572 5621 2969 5688 sempiternam.

1902 5706 2060 5761 Vsus.
2089 5705 2141 5760 5.
2176 5738 2243 5747 —
2270 5707 2595 5767 Declinantcs
2623 5721 2794 5765 autem
2820 5712 2871 5765 in
2903 5712 3264 5784 obligationcm
3305 5721 3393 5771 ad-

1831 5798 1978 5851 ducet
1996 5797 2247 5854 Dominus
2271 5817 2383 5853 cum
2406 5802 2733 5871 operantibus
2760 5805 3097 5875 iniquitatem,
3116 5825 3218 5874 par
3240 5825 3390 5874 super
