4338 6412
736 404 840 458 627

1545 405 1606 458 Β.
1648 405 1710 459 F.
1751 402 1973 458 ALBlNl
2014 399 2145 457 SEU
2185 393 2460 462 ALCUIN]
2498 397 2780 455 OPERUM
2820 397 2996 453 PARS
3030 398 3092 454 ll.

3872 400 3977 456 6:18

729 516 920 572 Israel.
963 515 1063 583 Qui
1097 525 1392 586 operantur
1437 514 1808 584 iniquitatem,
1853 514 1908 568 id
1936 521 2049 576 est,
2078 525 2308 582 quorum
2336 509 2384 567 Α
2411 525 2488 576 ix,
2523 509 2613 582 6):
2644 521 2904 580 quantum
2931 511 3075 565 enim
3102 511 3330 582 quisque
3356 504 3617 580 seniinat,
3659 522 3862 569 tantum
3891 533 3977 571 rc—

730 608 873 663 lacta
901 607 1093 661 imitati
1119 615 1265 672 sunt,
1291 607 1384 676 qui
1409 605 1564 677 μισ..
1593 591 1743 676 quia]
1772 619 1959 658 eorum
1989 610 2309 672 praesentem

731 697 970 751 latitiam
997 704 1338 760 amaverunt,
1363 703 1420 748 et
1440 694 1617 748 futura
1643 694 1906 764 supplicia
1927 708 2033 748 non
2059 689 2305 746 credide-

730 794 878 841 runt.
924 785 1025 852 Qui
1052 800 1180 856 ergo
1209 786 1343 840 recti
1380 792 1507 840 sunt
1541 783 1735 848 corde,
1763 791 1821 837 et
1847 797 1954 836 non
2000 779 2304 840 declinant,

729 877 858 945 quid
903 876 1218 930 habebunt?
1251 873 1373 929 lam
1402 874 1683 928 veniamus
1706 872 1774 927 ad
1805 873 1978 942 ipsam
2017 868 2304 924 haeredita-

723 975 856 1020 tem.
886 964 1016 1031 Qua
1043 974 1129 1019 est
1147 965 1235 1019 illa
1259 963 1591 1019 htcreditas?
1627 962 1738 1016 Pax
1767 976 1930 1030 super
1959 958 2145 1014 Israel.
2177 957 2307 1024 Qua:

726 1054 870 1124 pax?
897 1054 1011 1118 Illa,
1038 1068 1158 1122 qua:
1179 1061 1470 1122 exsuperat
1497 1066 1712 1106 omnem
1735 1063 1974 1104 sensum.

1232 1141 1553 1198 PSALMUS
1589 1141 1799 1195 CXXV.

797 1233 1042 1288 Psalmus
1057 1233 1157 1286 iste
1175 1231 1451 1286 Graduum
1473 1219 1858 1299 redemptionis
1876 1236 2074 1282 nostra:
2093 1226 2305 1280 laudem

728 1332 999 1394 decantat,
1026 1331 1294 1400 quomodo
1314 1328 1524 1384 liberati
1552 1341 1739 1381 sumus
1757 1328 1824 1380 de
1849 1325 2160 1394 captivitate
2190 1321 2307 1378 dia-

729 1423 917 1477 bolicae
941 1423 1243 1491 potestatis,
1267 1429 1323 1476 et
1345 1428 1691 1489 peccatorum
1715 1427 2022 1474 nostrorum
2043 1415 2302 1472 vinculis:

728 1520 916 1566 cantat
941 1510 1128 1582 [enim]
1158 1512 1258 1565 iste
1280 1519 1490 1564 amator
1516 1507 1783 1563 libertatis
1811 1515 2041 1560 nostrae:

799 1603 961 1657 Vens.
1006 1602 1057 1654 l.
1093 1632 1163 1640 —
1194 1601 1261 1654 In
1289 1598 1627 1653 convertendo
1668 1597 1923 1650 Dominus
1961 1596 2303 1664 captivitatem

730 1689 883 1754 Sion,
911 1690 1036 1758 [acti
1064 1705 1243 1742 sumus
1283 1688 1416 1741 sicut
1444 1685 1731 1750 consolati,
1764 1685 1816 1739 id
1844 1692 1948 1750 est,
1988 1685 2300 1752 gaudentes.

729 1776 858 1832 Sion
899 1779 955 1832 in
1001 1777 1206 1849 angelis
1234 1788 1467 1841 aeterna,
1500 1775 1554 1830 in
1593 1775 1902 1829 hominibus
1946 1774 2158 1842 captiva
2199 1782 2298 1827 est.

2407 600 2589 670 eipiet.
2618 601 2752 655 Nam
2778 601 2890 671 ipsa
2919 602 3049 667 vita,
3094 601 3150 656 in
3193 617 3356 672 quam
3401 604 3736 671 intravimus,
3783 607 3978 662 misera

2405 698 2510 753 est,
2539 691 2836 761 lacrymosa
2865 700 2986 756 est,
3025 691 3402 761 laboribusque
3443 693 3620 763 plena.
3665 695 3788 751 ldeo
3821 697 3979 751 homo

2407 787 2565 833 natus
2591 779 2719 834 ﬂere
2745 781 2914 844 novit,
2946 780 3124 836 ridere
3148 797 3255 836 non
3281 783 3460 846 novit,
3499 785 3625 852 quia
3648 783 3717 838 ad
3744 785 3979 848 laborem

2405 875 2565 922 natus
2591 876 2698 932 est,
2733 883 2838 923 non
2867 869 2932 923 ad
2962 869 3224 924 lzetitiam.

2478 957 2640 1012 Vnus.
2671 957 2723 1011 6.
2750 989 2824 999 —
2852 958 3052 1014 Euntes
3080 960 3248 1026 ibant,
3274 971 3322 1015 rt
3351 964 3544 1033 ﬂebant
3563 1005 3579 1030 ,
3609 967 3862 1022 mittentes
3900 986 3983 1023 se-

2405 1047 2550 1100 mina
2575 1063 2694 1100 sua.
2720 1047 2824 1102 Iste
2848 1047 3061 1102 Gradus
3099 1051 3430 1105 canticorum
3457 1052 3525 1105 ad
3547 1068 3711 1122 opera
3750 1070 3848 1109 nos
3881 1057 3982 1110 mi-

2405 1139 2713 1194 sericordia:
2756 1141 3114 1208 exhortatur,
3148 1151 3211 1196 ut
3252 1159 3442 1200 eamus
3472 1153 3528 1200 et
3560 1163 3865 1216 quaeramus
3892 1151 3982 1205 cui

2405 1233 2543 1288 bene
2569 1233 2832 1289 faciamus
2873 1243 2929 1290 et
2971 1237 3364 1305 compatientes
3385 1239 3556 1293 simus
3583 1242 3816 1296 miseria:
3843 1243 3978 1297 alio-

2407 1335 2558 1386 rum;
2581 1322 3017 1392 sicutApostolds
3042 1325 3202 1379 dicit:
3226 1324 3380 1381 Flere
3401 1344 3519 1380 cum
3536 1329 3778 1397 ﬂentibus
3794 1329 3973 1401 (Rom.

2408 1425 2504 1475 xu,
2534 1410 2640 1482 l5).
2672 1410 2948 1466 Mittamus
2990 1413 3194 1466 semina
3238 1423 3422 1469 nostra
3451 1431 3613 1484 super
3641 1424 3983 1486 transeuntes

2406 1520 2594 1575 aquas,
2629 1506 2755 1574 quia
2788 1507 2840 1559 in
2870 1507 3038 1560 multo
3071 1515 3313 1576 tempore
3350 1508 3684 1563 inveniemus
3709 1493 3818 1563 illa.
3858 1509 3984 1564 Ideo

2406 1597 2686 1665 sequitur:
2739 1593 3003 1649 Venientes
3040 1607 3213 1650 autem
3258 1601 3454 1654 venient
3498 1600 3554 1654 in
3596 1600 3942 1655 multatione
3965 1643 3980 1664 ,

2404 1694 2669 1755 portantes
2697 1685 2993 1754 manipulos
3020 1703 3162 1740 suos.
3203 1687 3320 1753 Quo
3348 1689 3587 1753 venient,
3625 1689 3729 1744 nisi
3754 1690 3809 1743 in
3839 1704 3981 1758 prte-

2406 1775 2632 1828 sentiam
2660 1775 2854 1828 summi
2875 1773 3114 1830 iudicis?
3143 1774 3326 1848 [Quid]
3357 1779 3608 1846 portant?
3633 1793 3795 1848 opera
3824 1779 4005 1833 miser

735 1869 884 1926 Unde
904 1837 1152 1938 captiva?
1179 1837 1316 1934 Quia
1337 1837 1629 1920 venundati
1646 1866 1746 1919 sub
1764 1837 2191 1933 peccatoIUnde
2213 1881 2308 1918 ve-
2334 1837 2382 1896 B
2407 1865 2671 1920 ricordiaa.
2707 1865 2921 1919 Esurivi
2945 1869 3100 1927 enim,
3243 1837 3518 1934 Dominus,
3548 1881 3596 1924 et
3618 1837 3831 1926 dedistis
3853 1872 3984 1924 mihi

729 1959 975 2022 nundati,
1003 1958 1105 2011 nisi
1137 1955 1534 2011 consentientes
1557 1954 1826 2023 peccato?
1861 1953 2039 2008 Liberi
2068 1953 2196 2009 facti
2217 1971 2306 2009 su-

731 2065 871 2114 mus,
915 2049 1011 2104 sed
1044 2049 1399 2116 nosmetipsos
1420 2045 1757 2100 vendidimus
1793 2054 2014 2114 peccato
2057 2045 2306 2119 [propter

731 2141 1138 2195 consensionem
1159 2138 1370 2209 peccati
1392 2137 1446 2191 in
1467 2137 1640 2206 primo
1660 2145 1883 2206 parente
1905 2145 2089 2192 nostro
2109 2137 2302 2209 (Edit.,

730 2240 1012 2286 consortes
1044 2229 1172 2285 facti
1204 2237 1430 2299 peccato
1464 2228 1621 2297 primi
1651 2229 1891 2296 parentis
1913 2227 2104 2299 nostri)
2129 2227 2170 2299 ].
2199 2227 2305 2284 Sed

730 2323 784 2377 in
812 2323 1047 2378 secundo
1068 2323 1276 2378 liberati
1300 2326 1488 2376 sumus
1507 2329 1564 2375 et
1588 2321 1708 2376 ideo
1729 2319 2009 2376 consolati.
2025 2321 2140 2376 Non
2159 2323 2302 2378 enim

727 2430 915 2469 omnes
943 2415 1084 2469 illius
1110 2413 1347 2468 civitatis
1371 2412 1518 2466 cives
1540 2411 1742 2481 captivi
1770 2419 1914 2476 sunt,
1941 2412 2036 2466 sed
2063 2413 2156 2482 qui
2179 2413 2304 2468 inde

727 2506 1159 2575 peregrinantur,
1186 2504 1383 2575 captivi
1407 2513 1533 2560 sunt
1558 2521 1571 2556 :
1613 2501 1908 2557 consolatio
1930 2517 2057 2556 vero
2080 2504 2304 2558 misero-

728 2611 851 2650 rum
871 2604 956 2650 est
979 2604 1036 2650 et
1057 2597 1385 2667 gementium
1410 2611 1426 2660 ;
1463 2595 1626 2664 382
1657 2595 1749 2648 sed
1779 2594 1939 2648 modo
1966 2595 2081 2648 haec
2107 2610 2301 2649 conso-

729 2686 858 2742 latio
882 2687 1040 2739 estin
1069 2701 1185 2754 spe,
1210 2694 1337 2738 tunc
1363 2685 1468 2738 erit
1495 2685 1548 2737 in
1579 2699 1657 2748 re,
1689 2683 1815 2737 dum
1841 2684 2138 2740 videbimus
2166 2684 2303 2740 facie

728 2774 796 2827 ad
821 2772 1055 2827 faciem:
1095 2787 1265 2844 usque
1292 2787 1436 2827 nunc
1471 2773 1527 2826 in
1565 2771 1671 2827 ﬁde
1713 2772 2005 2839 credimus,
2034 2774 2170 2828 etin
2209 2790 2303 2844 spe

728 2877 998 2916 amamus.
1551 2845 1554 2851 Α

799 2952 960 3006 Vens.
998 2951 1054 3003 2.
1079 2980 1152 2990 —
1177 2949 1322 3004 Tunc
1345 2949 1592 3020 repletum
1628 2958 1703 3003 est
1728 2949 1923 3020 gaudio
1947 2967 2005 3004 os
2032 2961 2264 3006 nostrum
2283 2991 2299 3017 ,

726 3051 774 3094 et
799 3041 980 3109 lingua
1005 3051 1180 3094 nostra
1211 3040 1574 3095 exsultatione.
1603 3041 1660 3095 ln
1689 3043 1788 3096 hac
1810 3042 2177 3097 consolatione
2197 3045 2302 3097 hu-

718 3131 808 3201 jus
833 3130 1216 3200 redemptionis
1238 3139 1436 3185 nostra:
1456 3131 1717 3200 repletum
1742 3140 1827 3185 est
1849 3147 1912 3186 os
1930 3133 2108 3186 cordis
2129 3135 2300 3188 nostri

725 3221 922 3292 gaudio
942 3261 957 3284 ,
988 3229 1043 3274 et
1081 3221 1264 3290 lingua
1292 3221 1472 3276 cordis
1500 3221 1887 3281 exsultatione:
1931 3240 1993 3280 os
2032 3226 2211 3280 cordis
2246 3237 2302 3282 et

725 3315 907 3384 lingua
932 3315 1129 3379 cordis,
1164 3305 1270 3384 quo
1307 3313 1458 3386 [bls.,
1505 3314 1656 3386 qua],
1704 3331 1798 3371 ore
1833 3319 2034 3372 carnali
2082 3319 2297 3382 clauso,

725 3405 852 3459 dum
880 3407 1120 3470 oramus,
1151 3407 1445 3460 clamamus
1477 3407 1544 3460 ad
1570 3406 1738 3460 Deum
1766 3425 1778 3459 :
1805 3407 2142 3463 Tunadicent
2168 3412 2301 3464 inter

725 3509 922 3568 gentes,
952 3499 1305 3567 magniﬁcam
1331 3497 1582 3551 Dominus
1607 3498 1779 3566 facere
1804 3516 1921 3553 cum
1950 3500 2073 3555 illis.
2105 3501 2161 3556 id
2193 3512 2297 3568 est,

725 3589 1148 3646 misericordiam
1189 3589 1363 3642 facere
1403 3604 1525 3643 cum
1567 3590 1815 3644 omnibus
1842 3592 2131 3659 gentibus:
2173 3594 2300 3662 quia

725 3696 833 3736 non
864 3688 1071 3732 tantum
1106 3687 1264 3732 notus
1286 3677 1338 3730 in
1358 3675 1539 3733 Judtea
1567 3677 1728 3742 Deus,
1751 3679 1843 3731 sed
1867 3695 1898 3731 a
1929 3677 2122 3734 finibus
2145 3689 2300 3735 terra:

725 3771 910 3824 laudes
933 3768 1233 3821 audivimus
1257 3766 1524 3834 iustorum
1545 3768 1784 3822 dicentes
1799 3767 1952 3840 μὴ,
1961 3769 2092 3838 justi
2120 3771 2300 3824 dicen-

727 3858 816 3931 tis]
844 3878 855 3911 :
894 3857 1106 3911 Exaudi
1130 3873 1244 3920 nos,
1268 3855 1409 3910 Deus
1437 3857 1683 3911 salutaris
1713 3869 1906 3922 noster,
1927 3859 2042 3928 spes
2068 3861 2298 3915 omnium

724 3949 910 4017 [mium
936 3958 1107 4009 teme,
1141 3956 1187 3998 et
1215 3947 1270 3998 in
1295 3947 1433 3998 mari
1463 3946 1613 4014 longe
1652 3945 1822 4016 (Psal.
1856 3963 2001 4012 Latv,
2033 3947 2109 4019 6).
2138 3947 2299 4004 Dica-

725 4052 846 4091 mus
882 4035 1035 4107 [Ms.,
1065 4033 1274 4104 dicunt]
1309 4034 1489 4102 itaque
1516 4049 1743 4088 omnes:

795 4129 956 4181 Vnus.
984 4128 1037 4181 '5.
1061 4157 1131 4166 --
1152 4124 1506 4194 Magni/icavit
1535 4124 1786 4179 Dominus
1808 4126 1979 4194 facere
2009 4128 2293 4189 nobiscum,

725 4219 849 4286 facti
880 4234 1056 4270 sumus
1090 4215 1343 4268 lwtantes.
1367 4215 1787 4268 Misericordiam
1815 4214 1942 4268 fecit
1975 4217 2151 4282 nobis,
2181 4218 2300 4273 ideo

725 4308 852 4361 facti
881 4321 1065 4361 sumus
1090 4305 1351 4359 tutantes.

795 4401 955 4455 Vleas.
977 4397 1030 4451 4.
1055 4428 1125 4437 -
1153 4397 1419 4451 Convertet
1443 4397 1696 4452 Dominus
1722 4398 1868 4471 [Ms.,
1885 4398 2152 4468 Converte,
2184 4402 2296 4457 Do-

2401 1957 2760 2021 manducare;
2798 1959 2959 2023 sitivi,
2986 1969 3036 2012 et
3063 1960 3282 2014 dedistis
3318 1963 3447 2014 mihi
3472 1963 3661 2017 bibere.
3689 1962 3827 2030 Quid
3849 1980 3982 2034 ergo

2403 2048 2638 2102 audituri
2665 2050 2859 2102 erunt?
2890 2047 3089 2113 Venite,
3114 2050 3366 2104 benedicti
3390 2052 3568 2107 Patris
3593 2055 3714 2118 mei,
3735 2058 3986 2124 percipite

2403 2157 2617 2210 regnum
2654 2141 2790 2211 quod
2811 2142 2952 2196 vobis
2974 2152 3218 2212 paratum
3239 2154 3312 2198 est
3334 2145 3399 2199 ab
3421 2147 3621 2216 origine
3640 2148 3844 2212 mundi,
3868 2155 3978 2202 etc.

2404 2231 2618 2303 (Matth.
2644 2250 2771 2298 xxv,
2786 2235 2875 2297 54,
2895 2234 3006 2305 35).
3037 2234 3187 2290 Tunc
3211 2236 3316 2290 illis
3336 2237 3441 2291 hoc
3461 2238 3684 2299 dicetur,
3703 2239 3794 2308 qui
3816 2254 3982 2308 opera

2401 2324 2786 2379 misericordiae
2833 2325 2993 2378 modo
3041 2324 3328 2394 diligenter
3377 2326 3563 2382 volunt
3607 2329 3872 2384 seminare
3922 2330 3982 2384 in

2401 2429 2690 2484 pauperes.

2895 2503 3216 2561 PSALMUS
3252 2504 3481 2564 CXXVI.

2473 2592 2598 2648 HEBC
2621 2593 2850 2657 cantica,
2880 2603 2940 2647 ut
2967 2610 3106 2664 saepe
3132 2597 3383 2661 diximus,
3407 2598 3810 2653 ascendentium
3831 2606 3975 2654 sunt.

2401 2686 2642 2754 Qualiter
2671 2686 3118 2742 ascendentium?
3157 2685 3378 2742 Scilicet
3399 2689 3628 2744 amando
3650 2689 3842 2747 Deum.
3875 2687 3980 2755 Qui

2401 2778 2570 2835 Deum
2604 2787 2771 2844 amat,
2799 2778 3072 2842 ascendit;
3095 2779 3188 2847 qui
3216 2778 3466 2862 sazcnlum
3493 2787 3656 2844 amat,
3680 2781 3843 2836 cadit.
3870 2781 3980 2834 Sed

2401 2869 2559 2938 hujus
2583 2869 2771 2939 psalmi
2796 2867 2951 2923 titulo
2979 2869 3219 2923 additum
3247 2877 3367 2923 est:
3399 2868 3673 2924 Canticum
3702 2870 3977 2926 Graduum

2403 2958 2722 3014 Salomonis.
2750 2958 3056 3022 Videamus,
3088 2973 3186 3012 cur
3208 2973 3403 3013 nomen
3443 2958 3745 3014 Salomonis
3778 2960 3832 3014 in
3875 2959 3980 3014 hoc

2401 3046 2770 3100 tantummodo
2812 3044 2974 3117 [loco]
3008 3047 3248 3101 additum
3279 3049 3367 3100 sit.
3417 3046 3669 3102 Salomon
3712 3048 3981 3118 interpre-

2405 3144 2549 3190 tatur
2577 3136 2854 3205 paciﬁcus.
2887 3135 3018 3201 Quis
3053 3135 3179 3207 [est]
3220 3136 3320 3189 iste
3347 3134 3630 3202 paciﬁcus,
3677 3137 3779 3192 nisi
3817 3152 3978 3192 verus

2403 3228 2655 3283 Salomon
2681 3227 2937 3282 Dominus
2956 3236 3138 3281 noster
3153 3225 3311 3281 Jesus
3331 3226 3600 3293 Christus,
3626 3229 3718 3298 qui
3738 3230 3977 3284 caelestia

2398 3329 2454 3376 et
2499 3321 2776 3376 terrestria
2825 3319 3129 3390 paciﬁcavit
3173 3320 3227 3373 in
3275 3322 3535 3388 sanguine
3582 3337 3712 3380 suo.
3761 3331 3818 3376 et
3850 3319 3981 3376 fecit

2397 3420 2624 3480 utraque
2649 3425 2844 3474 unum,
2876 3407 3008 3463 duos
3039 3409 3143 3463 sibi
3169 3411 3404 3478 parietes
3439 3409 3770 3479 coniungens
3810 3409 3865 3462 in
3895 3425 3979 3463 se-

2397 3505 2535 3574 ipso,
2559 3517 2768 3558 summo
2789 3500 3031 3571 angulari
3059 3501 3252 3570 lapide.
3278 3500 3412 3555 Nam
3439 3500 3678 3556 Ecclesia
3707 3499 3817 3570 [de]
3842 3501 3976 3555 duo-

2397 3596 2498 3649 bus
2524 3592 2755 3662 populis,
2786 3592 2838 3646 id
2861 3599 2966 3654 est,
2996 3591 3424 3646 circumcisionis
3443 3598 3500 3645 et
3526 3591 3774 3660 praeputii
3802 3606 3973 3660 copu-

2397 3679 2528 3736 lavit
2570 3683 2624 3735 in
2667 3696 2832 3735 unum
2877 3680 3055 3744 ovile,
3098 3689 3159 3734 nt
3204 3681 3275 3734 sit
3302 3694 3440 3733 unus
3483 3687 3670 3748 pastor
3710 3688 3767 3733 et
3810 3695 3978 3733 unum

2398 3773 2554 3827 ovile.
2597 3773 2674 3827 De
2702 3772 2806 3826 isto
2831 3786 2963 3826 vero
2985 3768 3272 3824 Salomone
3311 3769 3368 3823 in
3394 3769 3569 3840 capite
3601 3767 3758 3838 hujus
3785 3769 3977 3839 psalmi

2397 3863 2596 3917 dicitur
2619 3879 2632 3914 :

2472 3953 2630 4007 Vnus.
2661 3953 2712 4004 l.
2743 3982 2816 3992 —
2840 3951 2962 4005 Nisi
2998 3951 3249 4006 Dominus
3275 3949 3608 4020 (edi/icaverit
3647 3949 3882 4012 domum,
3920 3950 3975 4001 in

2397 4058 2585 4098 vanum
2619 4042 2858 4096 laborant
2897 4041 3017 4114 [Ms.
3046 4083 3061 4106 ,
3107 4041 3530 4112 laboraverunt],
3575 4042 3666 4111 qui
3709 4040 3974 4108 a’diﬁcant

2396 4148 2532 4186 eam.
2560 4130 2673 4185 Nisi
2698 4131 2956 4187 Dominus
2973 4132 3202 4186 tediﬁret
3219 4131 3515 4186 Ecclesiam
3538 4131 3741 4199 absque
3762 4132 3972 4186 macula

2396 4232 2453 4278 et
2497 4239 2649 4296 ruga,
2695 4223 2748 4276 in
2779 4239 2977 4276 vanum
3020 4223 3230 4277 laborat
3267 4222 3447 4276 omnis
3478 4221 3816 4290 praedicator.
3869 4221 3971 4288 Qui

2397 4322 2523 4369 sunt
2548 4313 2641 4384 qui
2670 4313 2725 4366 in
2757 4326 2951 4364 vanum
2989 4311 3255 4376 laborant,
3288 4311 3392 4365 nisi
3429 4311 3667 4366 haeretici
3696 4311 3787 4380 qui
3818 4310 3970 4364 labo-

2397 4413 2521 4460 rant
2539 4404 2834 4459 Ecelesiam
2858 4417 3204 4472 congregare,
3232 4402 3326 4458 sed
3343 4404 3545 4470 absque
3569 4401 3823 4465 Domino;
3847 4400 3968 4455 ideo

723 4489 905 4560 mine],
925 4489 1268 4559 captivitatem
1308 4493 1535 4540 nostram
1583 4489 1714 4541 sicut
1754 4500 1954 4544 torrens
1993 4492 2048 4546 in
2090 4499 2290 4546 austro.
2328 4511 2375 4570 ι)
2397 4512 2594 4552 vanum
2623 4504 2707 4551 est
2727 4511 2861 4565 opus
2882 4495 3112 4561 illorum.
3145 4497 3224 4550 Ex
3261 4511 3366 4564 quo
3393 4495 3619 4562 populus
3647 4494 3821 4550 ﬁdelis
3842 4497 3970 4549 aedi-

725 4579 1014 4634 Torrentes
1058 4577 1311 4630 dicuntur
1335 4574 1555 4629 ﬁumina
1603 4576 1890 4639 hiemalia;
1931 4595 2125 4648 magno
2153 4582 2294 4634 enim

665 4731 682 4744 1
726 4672 923 4738 impetu
953 4666 1243 4734 repentinis
1264 4665 1418 4733 aquis
1448 4665 1660 4733 impleta
1687 4675 1925 4720 currunt.
1950 4668 2144 4724 Auster
2171 4686 2298 4724 vero

723 4767 915 4811 ventus
939 4757 1141 4811 calidus
1166 4764 1270 4820 est,
1296 4765 1351 4808 et
1375 4755 1572 4826 glacies
1603 4755 1845 4810 solvens:
1873 4758 2143 4828 signiﬁcat
2168 4775 2296 4816 vero

726 4849 985 4922 Spiritum
1024 4857 1269 4902 sanctum
1300 4848 1389 4916 qui
1428 4848 1681 4902 duritiam
1711 4859 2052 4918 peccatorum
2083 4861 2302 4907 nostro~

725 4960 867 5007 rum,
913 4956 1032 5011 qua:
1067 4940 1182 4992 zelo
1221 4937 1435 5009 [Forte,
1463 4938 1612 5008 gelu]
1645 4939 1970 4994 inﬁdelitatis
2005 4944 2294 4996 constricta

724 5043 822 5094 est,
844 5032 1001 5086 solvit
1025 5040 1080 5084 et
1106 5030 1295 5093 siccat,
1320 5037 1374 5082 et
1394 5028 1655 5082 convertit
1675 5030 2036 5096 captivitatem
2058 5037 2295 5082 nostram

727 5125 778 5175 in
811 5123 1068 5175 laetitiam.

796 5213 956 5266 Vnus.
997 5211 1047 5262 5.
1079 5240 1148 5250 ——
1179 5209 1280 5273 Qui
1324 5213 1578 5263 seminam
1620 5210 1670 5262 in
1713 5211 1989 5279 lacrymis,
2024 5212 2076 5264 in
2102 5211 2294 5281 gaudio

724 5312 928 5356 metent.
966 5301 1111 5354 Beati
1141 5301 1228 5368 qui
1254 5298 1446 5367 lugent,
1474 5300 1718 5366 quoniam
1751 5301 1848 5367 ipsi
1870 5300 2293 5355 consolabuntur.

725 5394 855 5445 Item
881 5407 893 5440 :
928 5389 1075 5441 Beati
1103 5390 1476 5451 misericordes,
1500 5389 1740 5457 quoniam
1766 5389 1860 5455 ipsi
1888 5389 2292 5442 misericordiam

726 5486 1098 5548 consequentur
1120 5477 1329 5546 (Matth.
1366 5495 1417 5541 v,
1449 5478 1504 5536 5.
1533 5477 1606 5547 7).
1642 5475 1920 5530 Seminant
1945 5480 1997 5531 in
2021 5478 2289 5548 lacrymis,

726 5570 816 5635 qui
852 5568 1032 5636 lugent
1059 5581 1152 5619 sua
1181 5574 1395 5633 peccata
1424 5583 1437 5631 ;
1479 5567 1744 5620 seminant
1769 5562 1820 5619 in
1847 5567 1998 5632 valle,
2022 5569 2110 5637 qui
2135 5570 2293 5622 mise-

727 5658 969 5711 ricordia:
995 5672 1156 5725 opera
1183 5655 1404 5718 faciunt,
1437 5656 1646 5708 dicente
1679 5656 1933 5726 Apostolo
1957 5658 2102 5722 :.Qui
2133 5660 2288 5710 semi-

728 5759 813 5802 ntt
847 5750 896 5800 in
927 5749 1287 5811 benedictione,
1319 5747 1381 5799 de
1409 5747 1755 5802 benedictione
1790 5749 2004 5814 arripiet
2041 5746 2125 5813 (II
2165 5744 2284 5799 Cor.

2397 4588 2589 4644 ﬁcatus
2615 4596 2718 4654 est,
2747 4596 2930 4643 custos
2966 4596 3048 4642 est
3091 4587 3260 4654 ipsius
3289 4585 3546 4640 Dominus
3586 4595 3770 4641 noster
3810 4585 3967 4641 Jesns

2396 4676 2696 4742 Christus,.
2717 4679 2808 4746 qui
2840 4675 3088 4737 :ediﬁcat,
3134 4674 3225 4742 qui
3253 4683 3565 4738 conservat,
3594 4676 3683 4745 qui
3711 4676 3962 4744 protegit,

2395 4770 2487 4839 qui
2519 4775 2858 4829 mmunerat;
2883 4765 2968 4820 ille
2994 4765 3139 4820 solus
3161 4767 3214 4820 in
3239 4767 3487 4820 omnibus
3508 4776 3562 4820 et
3587 4766 3880 4821 aediﬁcator
3906 4773 3963 4819 et

2394 4866 2591 4913 custos.
2623 4857 2746 4913 ldeo
2766 4857 2899 4912 dixit
2928 4858 2982 4911 in
3012 4856 3254 4925 sequenti
3285 4870 3442 4911 versu
3467 4877 3480 4910 :
3526 4857 3645 4911 Nisi
3668 4855 3830 4926 383
3853 4855 3959 4908 Do-

2394 4949 2564 5001 minus
2586 4949 2884 5002 custodierit
2912 4948 3189 5009 civitatem,
3214 4945 3408 5014 frustra
3430 4946 3606 5015 vigilat
3632 4945 3720 5014 qui
3739 4945 3960 4998 custodit

2394 5055 2528 5091 eam.
2559 5038 2664 5091 Ista
2684 5046 2766 5092 est
2791 5037 3010 5098 civitas,
3041 5033 3105 5088 de
3142 5050 3246 5104 qua
3276 5037 3466 5103 sepius
3497 5036 3549 5087 in
3578 5035 3661 5088 his
3687 5032 3959 5089 Graduum

2393 5127 2612 5196 psalmis
2643 5134 2911 5186 cantatur,
2937 5124 3190 5192 spiritalis
3214 5126 3396 5191 utique
3421 5122 3736 5177 Jerusalem.

2466 5218 2623 5270 Vens.
2657 5216 2711 5268 2.
2737 5244 2806 5251 -
2841 5211 3038 5266 Vanum
3078 5223 3151 5266 est
3193 5213 3331 5265 vobis
3375 5211 3495 5283 [bls.
3517 5253 3531 5276 ,
3576 5213 3628 5264 in
3672 5227 3856 5265 vanum
3883 5220 3956 5263 est

2396 5307 2504 5377 vos]
2532 5315 2651 5358 ante
2676 5303 2841 5357 lucem
2863 5320 3092 5373 surgere.
3119 5301 3176 5354 ln
3204 5317 3396 5356 vanum
3426 5314 3509 5356 est
3537 5304 3678 5357 enim
3701 5303 3842 5354 intus
3864 5300 3958 5354 ho-

2394 5395 2523 5449 mini
2554 5394 2755 5462 absque
2783 5396 2959 5448 divina
2986 5393 3158 5462 gratia
3186 5392 3448 5447 laborare.
3488 5389 3804 5463 [Prmveniat
3837 5405 3958 5459 gra-
3989 5443 3996 5449 ς

2394 5485 2490 5548 tia,
2515 5486 2606 5538 sed
2637 5486 2992 5555 subsequatur
3021 5483 3318 5537 obedientia
3339 5524 3354 5547 ,
3386 5492 3509 5536 tunc
3535 5496 3638 5534 non
3667 5480 3873 5535 laborat
3901 5480 3952 5532 in

2392 5573 2630 5646 vanum].
2667 5573 2875 5640 Surgite
2901 5581 3169 5640 postquam
3198 5572 3451 5634 sederitis,
3495 5571 3582 5638 qui
3626 5569 3950 5624 manducetis

2391 5681 2575 5732 panem
2605 5662 2817 5715 doloris.
2865 5659 2920 5713 Si
2967 5662 3125 5717 vultis
3160 5662 3216 5716 in
3245 5660 3456 5714 excelso
3491 5675 3610 5715 esse
3629 5703 3642 5724 ,
3673 5667 3842 5714 estote
3869 5657 3951 5711 hic

2393 5753 2637 5817 humiles,
2668 5752 2755 5805 ubi
2794 5752 3006 5808 humilis
3046 5751 3144 5806 fuit
3188 5751 3295 5816 ille,
3327 5751 3415 5820 qui
3441 5767 3539 5820 pro
3570 5751 3721 5806 nobis
3751 5765 3952 5818 pauper
