4338 6434
165 512 267 569 629

915 515 1318 574 EXEGETICA.
1350 547 1420 559 —
1455 516 1814 576 EXPOSITIO
1849 520 1918 577 IN
1955 521 2147 578 PSAL.
2187 523 2617 582 GRADUALES.

3262 527 3364 580 650

163 626 261 681 luit
289 623 485 694 lamus,
512 635 572 684 ut
594 628 669 686 ibi
690 628 888 685 excelsi
908 630 1044 694 sitis,
1072 632 1162 686 ubi
1183 631 1270 687 ille
1287 632 1436 689 sedet
1452 633 1520 688 ad
1542 634 1718 688 dexte-
1743 637 1795 697 Α
1818 633 2114 690 volentibus
2147 642 2202 690 et
2247 637 2551 693 nolentibus
2582 635 2766 693 audire
2793 639 3012 694 verbum
3042 639 3155 702 Dei,
3202 640 3364 694 etiam

163 733 275 772 ram
311 717 405 773 Dei
441 718 637 774 Patris.
683 717 956 775 Surrectio
986 721 1362 778 exaltationem
1409 723 1712 794 signiﬁcat,

162 807 330 862 sessio
356 806 710 865 humilitatem
739 809 997 880 designat.
1025 809 1156 864 Aliis
1177 809 1309 865 locis
1335 813 1502 866 sessio
1531 811 1719 866 intelli-

163 899 305 968 gitur
329 899 398 962 ah
424 899 628 954 honore
643 898 938 968 iudicandi,
969 908 1029 955 ut
1054 899 1194 954 illic:
1232 900 1482 955 Sedebitis
1513 917 1598 954 vos
1629 919 1718 954 su-

161 1004 252 1056 per
273 988 418 1043 sedes
437 989 708 1043 duodecim
735 988 943 1060 (Matth.
976 1007 1089 1056 xu,
1129 989 1242 1062 28).
1278 991 1408 1045 Item
1429 992 1596 1046 sessio
1617 993 1716 1046 hu-

165 1075 442 1132 militatem
485 1075 750 1147 signiﬁcat
771 1115 787 1142 ,
818 1085 877 1132 ut
907 1076 1015 1132 illic
1039 1096 1053 1132 :
1093 1078 1245 1132 Iesus
1269 1079 1516 1149 fatigatus
1541 1096 1607 1133 ea:
1631 1081 1717 1132 iti-

163 1181 282 1220 nere
301 1164 507 1220 sedebat
529 1167 614 1219 sic
631 1182 785 1236 super
805 1165 995 1235 fontem
1019 1163 1196 1235 (Joan.
1222 1180 1298 1229 tv,
1323 1164 1399 1234 6).
1428 1165 1561 1220 Nam
1588 1175 1643 1220 et
1662 1167 1718 1220 in

162 1257 268 1313 alio
290 1257 493 1328 psalmo
519 1257 748 1312 dicitur:
788 1257 1025 1320 Domine,
1056 1266 1110 1309 tu
1131 1248 1409 1325 cognbvisti
1440 1257 1713 1312 sessionem

162 1364 351 1413 meam,
381 1357 429 1402 et
455 1347 873 1401 resurrectionem
899 1363 1066 1400 meam
1096 1345 1316 1416 (Psalm.
1343 1363 1580 1402 cxxxvnt
1597 1389 1612 1413 ,
1639 1348 1715 1416 2),

164 1433 218 1488 id
251 1443 358 1500 est,
407 1434 760 1490 humilitatem
796 1449 972 1489 meam
1017 1441 1071 1487 et
1117 1435 1490 1490 exaltationem
1522 1449 1715 1490 meam.

164 1520 234 1578 Ut
251 1537 381 1593 ergo
401 1522 805 1592 intelligeretur,
834 1522 901 1576 ad
920 1536 1078 1591 quam
1099 1525 1387 1590 pertineret
1409 1525 1524 1578 haec
1553 1525 1720 1579 sessio

161 1612 410 1677 formam,
433 1611 634 1668 addidit
667 1613 848 1667 statim
871 1629 886 1666 :
932 1611 1036 1678 Qui
1059 1613 1385 1668 manducatis
1410 1632 1595 1685 panem
1627 1617 1722 1670 do-

162 1703 308 1758 lor's.
340 1701 660 1757 Manducant
701 1715 893 1770 panem
920 1701 1133 1765 doloris,
1175 1702 1266 1771 qui
1293 1714 1509 1772 gemunt
1537 1705 1591 1757 in
1620 1705 1723 1758 hac

161 1789 602 1860 peregrinatione.
632 1786 916 1843 leestem
957 1800 1083 1856 ergo
1123 1789 1382 1844 desiderio
1411 1789 1722 1844 anhelemns

159 1881 423 1950 patriam:
456 1879 545 1935 hic
571 1869 886 1943 humiliatio,
916 1876 1023 1932 illic
1045 1879 1331 1945 exaltatio;
1365 1881 1454 1935 hic
1478 1880 1717 1950 peregri-

1814 723 2001 778 amicis
2034 733 2091 778 et
2133 724 2381 782 inimicis.
2410 725 2498 780 Ille
2521 733 2629 782 stat
2655 725 2733 798 [in
2766 734 2916 796 porta
2943 725 3136 796 (Edit.,
3163 727 3365 795 impor-

1816 809 1986 883 tune)]
2016 821 2076 866 ut
2108 827 2296 868 omnes
2321 814 2557 878 audiant,
2584 825 2638 870 et
2656 831 2843 871 omnes
2863 815 3206 870 aediﬁcentur.

2289 901 2606 959 PSALMUS
2639 904 2890 960 CXXVII.

1885 989 2046 1045 Venit
2086 991 2154 1045 ad
2195 992 2459 1046 canticum
2491 993 2834 1050 beatitudinis
2868 997 3093 1050 istorum
3122 990 3373 1056 ascensor

1813 1075 2124 1144 Graduum,
2171 1088 2226 1133 et
2257 1080 2364 1145 ait,
2402 1081 2542 1136 unde
2574 1083 2645 1138 sit
2688 1083 2788 1138 ista
2814 1085 3086 1139 beatitudo
3131 1085 3373 1154 [sibiqua

1816 1164 1984 1238 dixit]
2009 1184 2023 1220 :

1889 1253 2048 1309 Vsus.
2087 1254 2136 1307 l.
2163 1285 2228 1295 —
2257 1256 2407 1310 Beati
2425 1275 2618 1324 omnes,
2647 1263 2736 1329 qui
2755 1263 2930 1316 timent
2963 1262 3258 1328 Dominum,
3285 1269 3369 1333 qui

1817 1342 2083 1396 ambulant
2105 1342 2160 1396 in
2178 1345 2270 1397 viis
2299 1345 2431 1414 ejus.
2457 1345 2582 1401 Haec
2604 1363 2726 1401 vera
2751 1347 2902 1420 [Ms.,
2930 1351 3076 1421 vero]
3105 1354 3373 1407 beatitudo

1818 1429 1872 1481 in
1899 1431 2088 1485 timore
2117 1429 2327 1488 Domini
2357 1436 2628 1498 consistit,
2657 1446 2712 1490 et
2737 1437 2790 1490 in
2821 1439 3188 1494 observatione
3229 1457 3368 1509 prae—

1818 1526 2091 1588 ceptorum
2119 1521 2278 1576 illius.
2305 1523 2409 1577 Iste
2435 1533 2520 1578 est
2542 1528 2726 1591 timor,
2749 1525 2815 1580 de
2834 1542 2940 1595 quo
2963 1528 3016 1580 in
3040 1527 3143 1581 alio
3167 1527 3368 1596 psalmo

1818 1607 2047 1662 dicitur:
2092 1607 2267 1662 Timor
2300 1609 2511 1666 Domini
2538 1623 2748 1667 sanctus
2781 1632 3084 1682 permanens
3118 1617 3172 1668 in
3208 1633 3370 1669 δατη-

1819 1695 1928 1750 lum
1960 1697 2140 1751 steculi
2166 1697 2334 1768 (Psal.
2363 1716 2519 1765 xvnt,
2551 1699 2657 1772 l0).
2687 1701 2836 1755 Alius
2865 1711 2948 1756 est
2981 1705 3140 1758 timor
3164 1712 3377 1772 propter

1820 1801 2066 1855 pmnam,
2104 1786 2241 1842 alius
2283 1797 2366 1844 est
2393 1789 2625 1860 'propter
2657 1804 2930 1845 amorem:
2970 1790 3134 1862 38‘.
3171 1793 3270 1845 iste
3298 1801 3379 1846 est

1821 1874 2026 1940 beatus,
2063 1876 2155 1946 qui
2189 1885 2409 1947 propter
2446 1880 2760 1934 charitatem
2800 1881 2949 1934 timet
2991 1879 3297 1944 Dominum,
3326 1892 3380 1934 et

162 1947 328 2034 natio,
353 1967 462 2023 illic
487 1969 680 2037 patria.
703 1965 1055 2022 Humiliemur
1071 1967 1169 2021 sub
1189 1970 1392 2036 potenti
1416 1947 1576 2023 manu
1601 1947 1718 2034 Dei,
1751 1947 1795 2007 Β
1821 1964 1875 2016 in
1897 1965 2160 2021 charitate
2186 1967 2302 2036 ejus
2326 1978 2586 2039 praecepta
2613 1971 2877 2024 observat.
2916 1970 2986 2026 Ut
3012 1970 3099 2025 ille
3121 1971 3232 2038 ipse
3262 1971 3336 2024 ait
3361 1989 3372 2021 :

163 2065 222 2112 ut
254 2071 355 2111 nos
387 2054 585 2110 exultet
611 2055 664 2110 in
701 2061 940 2124 tempore
962 2053 1300 2110 visitationis.
1324 2054 1488 2120 Quasi
1515 2071 1722 2125 quaere-

165 2152 246 2201 ret
269 2146 371 2200 iste
395 2152 624 2208 amator,
649 2143 860 2212 quando
881 2150 1025 2199 esset
1049 2143 1152 2198 ista
1180 2145 1518 2208 resurrectio,
1547 2144 1598 2197 id
1618 2153 1721 2209 est,

163 2235 440 2298 exaltatio,
463 2233 813 2304 respondetur
833 2234 883 2288 ei
905 2247 921 2286 :

233 2327 396 2380 Vna.
421 2325 478 2380 5.
502 2352 573 2364 -
592 2320 722 2376 Cum
743 2322 938 2376 dederit
958 2322 1157 2377 dilectis
1183 2325 1291 2378 suis
1315 2340 1550 2378 somnum
1566 2366 1581 2390 ,
1610 2341 1723 2378 ecce

162 2414 441 2469 hereditas
465 2411 677 2466 Domini
696 2427 716 2466 :
751 2411 851 2480 ﬁlii
879 2428 1072 2467 merces
1101 2413 1300 2482 fructus
1326 2417 1533 2470 ventris.
1566 2415 1723 2470 Som-

163 2520 267 2558 nus
288 2504 379 2558 hic
406 2509 632 2558 mortem
658 2500 946 2570 signiﬁcat.
986 2499 1181 2573 [Sicut]
1219 2502 1466 2558 Christus
1494 2520 1600 2559 non
1642 2513 1725 2560 est

162 2593 428 2649 exaltatus
456 2592 558 2647 nisi
595 2598 716 2662 post
757 2597 985 2646 mortem
1002 2629 1019 2656 ,
1046 2590 1121 2645 ita
1146 2605 1325 2647 nostra
1346 2593 1598 2649 exaltatio
1619 2610 1724 2649 non

162 2683 270 2738 erit
297 2681 489 2754 [Edit.,
519 2681 646 2754 est],
686 2681 790 2736 nisi
832 2689 951 2750 post
986 2687 1251 2736 mortem:
1289 2685 1416 2751 quia
1454 2683 1598 2739 illius
1636 2700 1723 2740 re-

164 2773 431 2829 sumtio
463 2787 567 2826 non
594 2770 696 2826 fuit
720 2771 822 2826 nisi
849 2779 1006 2824 antea
1043 2779 1342 2826 moreretur
1363 2811 1378 2836 ,
1414 2786 1514 2826 nec
1541 2782 1724 2829 nostra

95 2904 100 2909 .
164 2863 271 2917 erit
318 2860 643 2915 resurrectio
686 2859 789 2914 nisi
838 2867 995 2914 antea
1036 2861 1347 2914 moriamur.
1393 2860 1555 2926 Quasi
1598 2875 1726 2915 vero

165 2957 436 3019 qtuereres
457 2948 648 3003 iterum
675 2947 752 3019 [et
787 2947 1011 3020 diceres]
1039 2966 1052 3003 :
1091 2947 1294 3015 Quibus
1315 2949 1565 3006 dilectis?
1594 2951 1721 3005 Ait:

169 3037 326 3110 [Hec
353 3035 450 3108 est]
475 3036 750 3091 hereditas
776 3036 1016 3103 Domini,
1041 3039 1142 3106 ﬁlii
1169 3057 1360 3094 merces
1387 3040 1583 3110 fructus
1611 3058 1727 3096 ren-

165 3126 282 3180 tris.
319 3124 450 3199 Qua:
473 3133 556 3181 est
588 3125 869 3180 hereditas
898 3125 1040 3180 ista?
1073 3128 1164 3181 illa
1192 3131 1397 3200 utique,
1420 3132 1486 3185 de
1512 3147 1616 3201 qua
1647 3132 1729 3186 di-

169 3214 312 3269 citur
335 3233 348 3268 :
393 3213 611 3270 Postula
649 3232 681 3268 a
706 3231 808 3279 me,
833 3225 881 3269 et
910 3215 1044 3269 dabo
1069 3217 1161 3269 tibi
1183 3229 1356 3286 gentes
1376 3221 1728 3274 liazreditatem

168 3319 314 3363 tuam
343 3307 525 3378 (Psal.
567 3325 630 3375 ιι,
675 3309 750 3381 8).
780 3309 880 3376 Qui
903 3316 1028 3364 sunt
1057 3309 1156 3378 ﬁlii
1190 3327 1383 3364 merces
1426 3310 1571 3381 [Ms.,
1594 3329 1728 3365 mer-

168 3397 310 3470 cis]?
336 3397 522 3453 Sancti
551 3400 756 3454 scilicet
777 3415 963 3455 omnes
985 3439 998 3464 ,
1039 3415 1173 3468 quos
1207 3401 1451 3456 Christus
1484 3417 1581 3456 suo
1608 3418 1732 3468 san-

168 3488 330 3559 guine
353 3485 655 3555 acquisivit.
686 3487 914 3542 Fructus
939 3490 1149 3554 ventris,
1174 3490 1226 3544 id
1256 3500 1338 3544 est
1384 3489 1613 3561 [fructus
1640 3491 1734 3546 Ec-

171 3579 368 3635 clesiae.
392 3577 686 3634 Hereditas
709 3586 763 3632 et
789 3579 883 3632 lilii
909 3587 962 3634 et
992 3570 1199 3635 fructus
1220 3597 1383 3635 unum
1409 3581 1726 3651 signiﬁcant,

132 3712 136 3714 .
173 3670 226 3724 id
253 3669 381 3742 est],
417 3670 653 3725 omnium
688 3679 992 3724 sanctorum
1029 3673 1492 3742 congregationem
1525 3672 1692 3744 Uidit.
1713 3713 1728 3738 ,

175 3759 560 3832 congregatio],
591 3758 689 3828 ﬁlii
706 3775 916 3825 merces,
947 3760 1146 3817 fructus
1166 3764 1372 3815 ventris.
1406 3762 1606 3817 Deinde
1631 3763 1729 3816 ad-

167 3846 344 3919 iungit
368 3867 382 3904 :

245 3941 407 3993 Vens.
435 3940 490 3992 ι.
514 3969 584 3979 -
609 3939 756 3994 Sicut
784 3941 986 4011 sagitta
1010 3941 1064 3994 in
1088 3956 1246 3996 manu
1278 3940 1516 4011 potentis,
1539 3940 1614 3992 ita
1633 3938 1732 4008 ﬁlii

173 4043 526 4081 excusserunt.
551 4026 768 4097 Sagitta:
786 4031 1010 4098 apostoli
1031 4040 1174 4095 sunt,
1191 4047 1418 4100 quorum
1439 4046 1602 4086 sonus
1620 4031 1734 4085 exi-

174 4118 250 4172 vit
275 4117 330 4172 in
352 4130 563 4172 omnem
584 4123 806 4182 terram,
831 4118 897 4172 de
916 4133 1073 4172 manu
1099 4120 1331 4187 potentis
1358 4121 1531 4185 missi,
1552 4121 1604 4175 id
1625 4128 1729 4183 est,

170 4207 413 4272 Christi;
450 4205 536 4260 Ita
573 4206 672 4275 ﬁlii
711 4223 1041 4262 excussorum
1090 4207 1187 4278 [illi
1236 4209 1336 4276 ipsi
1379 4212 1606 4278 apostoli
1636 4213 1730 4269 lilii

171 4305 297 4353 sunt
319 4295 711 4368 excussorum],
753 4296 804 4351 id
829 4305 932 4362 est,
962 4295 1053 4350 ﬁlii
1092 4297 1492 4367 prophetarum,
1523 4303 1613 4368 qui
1645 4317 1730 4355 se-

172 4394 319 4441 creta
362 4394 418 4450 et
459 4385 711 4455 mysteria
751 4386 1129 4441 incarnationis
1162 4385 1389 4450 Christi,
1431 4395 1485 4440 et
1531 4397 1730 4443 sancta:

173 4481 511 4530 sacramenta
552 4473 821 4540 Ecclesiae,
860 4473 955 4530 Dei
987 4474 1128 4530 dono
1162 4474 1334 4546 [Ms.,
1364 4475 1430 4530 de
1473 4477 1725 4548 idoneo],

172 4561 407 4618 celestis
429 4561 664 4644 thesauri
690 4571 1041 4618 excusserunt
1072 4572 1128 4619 et
1168 4566 1223 4619 in
1259 4565 1432 4621 lucem
1458 4568 1724 4636 produxe-
1750 4590 1806 4651 ι)

173 4661 302 4709 runt
339 4668 371 4707 a
417 4642 624 4709 saxulis
662 4653 951 4723 mysteria:
999 4654 1190 4708 horum
1232 4655 1325 4710 ﬁlii
1370 4666 1496 4713 sunt
1541 4657 1684 4730 [Με.
1714 4703 1729 4726 ,

173 4741 368 4815 erant]
396 4742 642 4812 apostoli,
680 4738 804 4812 quia
829 4741 971 4812 quod
994 4741 1068 4796 illi
1095 4743 1149 4796 in
1174 4743 1458 4814 mnigmate
1490 4762 1731 4813 pronun-

176 4835 469 4896 tiaverunt,
499 4835 602 4889 hoc
633 4833 858 4903 apostoli
899 4833 954 4888 in
993 4831 1206 4888 Christo
1251 4835 1403 4902 quasi
1451 4834 1730 4890 historiam

174 4912 618 4994 pradicaverunt.
822 4936 824 4973 ξ

243 5012 409 5066 Vsus.
431 5007 482 5063 5.
496 5009 766 5062 —Beatus
791 5007 868 5097 vir
885 5013 974 5080 qui
993 5010 1215 5081 implevit
1240 5013 1554 5069 desiderium
1583 5033 1734 5070 suum

175 5119 239 5158 ea:
262 5102 388 5176 ipsis
409 5116 430 5154 :
459 5112 564 5154 non
588 5097 930 5177 confundetur
957 5114 1073 5151 cum
1101 5097 1339 5180 loquetur
1370 5103 1593 5158 inimicis
1626 5107 1734 5160 suis

174 5192 231 5243 in
249 5198 420 5260 porta.
449 5187 535 5242 Ex
554 5187 698 5260 ipsis,
724 5187 776 5240 id
801 5194 903 5250 est,
925 5201 991 5239 ex
1016 5185 1375 5252 apostolorum
1401 5194 1737 5259 pmdicaiio.

175 5277 354 5342 nibus,
379 5279 471 5347 qui
503 5285 674 5332 totum
713 5291 865 5332 suum
901 5275 1218 5330 desiderium
1247 5291 1312 5331 ex
1341 5278 1431 5334 illa
1459 5280 1735 5353 [Αἴδηψο-

176 5363 319 5442 rum]
352 5361 732 5434 praedicatione
774 5364 986 5434 implet,
1020 5373 1082 5418 et
1120 5375 1266 5419 amat
1310 5367 1578 5436 caelestia,
1629 5388 1737 5426 non

177 5464 431 5520 terrena;
471 5462 692 5521 aeterna,
721 5473 828 5512 non
857 5455 1186 5527 temporalia.
1239 5457 1344 5513 lste
1381 5475 1485 5514 non
1514 5462 1737 5516 confun-

176 5547 349 5614 detur,
365 5561 489 5602 cum
509 5543 753 5613 loquetur
779 5547 1008 5601 inimicis
1029 5547 1139 5600 suis
1161 5545 1212 5598 in
1237 5557 1410 5615 porta.
1431 5549 1588 5605 Porta
1613 5568 1737 5606 vero

176 5637 424 5695 Christus
451 5647 566 5694 est:
596 5637 684 5705 qui
712 5635 982 5693 Christum
1010 5638 1258 5706 praedicat
1276 5675 1291 5702 ,
1321 5640 1412 5708 qui
1446 5641 1500 5694 in
1525 5641 1737 5696 Christo

177 5731 432 5803 loquitur,
459 5729 552 5798 qui
583 5728 636 5781 in
679 5725 892 5781 Christo
920 5738 1129 5792 manet,
1158 5743 1263 5782 non
1301 5727 1656 5785 confundetur
1682 5734 1735 5787 in

177 5833 432 5880 uernum
461 5837 472 5874 :
507 5819 600 5874 sed
625 5816 875 5886 praedicat
898 5826 1190 5886 opportune
1215 5819 1536 5888 importune,
1560 5820 1611 5876 id
1633 5831 1734 5888 est,

1822 2050 1880 2124 Si
1903 2051 2117 2123 diligitis
2141 2071 2240 2119 me,
2271 2057 2520 2110 mandata
2548 2075 2660 2112 mea
2686 2068 2880 2112 servate
2912 2058 3088 2129 (Joan.
3120 2073 3233 2122 xxv,
3264 2058 3372 2127 l5).

1890 2142 2050 2209 Vtilis.
2081 2143 2136 2198 2.
2161 2173 2233 2186 -
2262 2143 2486 2198 Labores
2513 2146 2779 2214 fructuum
2805 2141 3016 2201 tuorum
3042 2148 3379 2201 manducabis

1821 2233 1969 2304 [Ms.,
2000 2236 2266 2305 fructuum
2305 2252 2554 2290 manuum
2589 2239 2844 2308 tuarum],
2873 2240 3054 2292 beatus
3091 2255 3164 2303 es,
3188 2249 3236 2294 et
3261 2239 3382 2293 bene

1819 2326 1914 2377 tibi
1955 2327 2072 2380 erit.
2119 2326 2234 2382 Non
2271 2315 2481 2383 labores
2511 2327 2800 2381 manducat
2835 2326 3080 2394 quisque,
3115 2327 3209 2380 sed
3241 2330 3384 2395 quod

1818 2429 1885 2469 ex
1911 2415 2093 2470 labore
2114 2417 2382 2482 nascitur,
2414 2417 2470 2472 id
2507 2425 2622 2481 est,
2651 2414 2876 2470 fructus.
2907 2414 3089 2469 Sancti
3115 2423 3380 2483 martyres

1821 2505 2194 2558 laboraverunt
2219 2505 2272 2557 in
2303 2505 2406 2559 hoc
2430 2505 2646 2574 seculo,
2683 2513 2741 2559 ut
2770 2503 2998 2558 fructum
3019 2503 3142 2556 vitae
3165 2511 3377 2556 aeterna:

1822 2594 2144 2665 acciperent,
2183 2600 2243 2647 ut
2272 2593 2556 2662 impleatur
2584 2596 2640 2648 in
2683 2597 2788 2650 illis
2807 2637 2822 2659 ,
2851 2597 2992 2664 quod
3021 2595 3218 2650 dictum
3259 2602 3341 2648 est
3369 2615 3378 2645 :

1832 2685 1934 2740 Vos
1975 2686 2118 2751 estis,
2157 2685 2247 2755 qui
2281 2685 2632 2755 permansistis
2673 2700 2872 2738 mecum
2919 2687 2974 2738 in
3019 2687 3388 2739 tentationibus

1822 2775 1971 2839 meis,
1996 2783 2046 2828 et
2063 2789 2156 2843 ego
2183 2774 2398 2844 dispono
2421 2774 2559 2827 vobis
2580 2789 2809 2843 regnum,
2837 2774 2968 2826 sicut
2986 2773 3236 2842 disposuit
3257 2776 3384 2826 milii

1825 2862 1988 2915 Pater
2011 2879 2155 2916 meus
2185 2863 2462 2936 [regnum],
2495 2873 2553 2918 ut
2571 2864 2736 2918 edatis
2769 2873 2816 2917 et
2845 2864 3028 2918 bibatis
3065 2880 3217 2932 super
3243 2877 3384 2916 men-

1822 2965 1936 3002 sam
1965 2965 2133 3002 meant
2150 2950 2207 3002 in
2240 2966 2394 3018 regno
2421 2969 2534 3004 meo
2554 2952 2705 3020 (Luc.
2725 2941 2872 3016 lxx",
2900 2952 3010 3024 28).
3038 2952 3226 3006 Beatus
3249 2969 3301 3006 es
3335 2964 3380 3006 et

1825 3039 1948 3092 bene
1972 3038 2065 3092 tibi
2090 3038 2208 3090 erit.
2235 3037 2333 3092 llic
2361 3039 2548 3093 beatus
2573 3040 2624 3093 in
2647 3055 2762 3107 spe,
2787 3042 2894 3095 illic
2913 3043 3050 3096 bene
3078 3043 3172 3095 tibi
3202 3043 3305 3096 erit
3328 3043 3379 3095 in

1829 3144 1902 3190 re,
1928 3129 2054 3182 dum
2084 3126 2287 3181 videbis
2316 3125 2450 3180 facie
2479 3127 2546 3182 ad
2575 3127 2787 3191 faciem,
2835 3145 2992 3197 quem
3034 3131 3119 3184 hic
3153 3146 3302 3185 amas
3333 3132 3384 3182 in

1831 3220 2010 3273 corde.

1902 3308 2062 3361 Vens.
2093 3309 2146 3361 5.
2174 3337 2244 3347 -
2268 3304 2413 3361 Uxor
2433 3316 2524 3361 tua
2547 3308 2677 3360 sicut
2701 3308 2813 3360 vitis
2843 3306 3111 3359 abundans
3134 3309 3186 3359 in
3210 3307 3386 3358 lateri~

1830 3397 1924 3450 bus
1946 3396 2130 3450 domus
2155 3404 2279 3449 tute.
2313 3397 2457 3453 Uxor
2478 3395 2675 3451 Christi
2702 3397 2938 3451 Ecclesia
2975 3407 3054 3450 est
3093 3395 3347 3466 [Ecclesia
3370 3439 3382 3458 ,

1829 3484 1969 3556 quae]
1998 3492 2053 3539 et
2084 3499 2296 3552 sponsa,
2325 3499 2443 3552 qua:
2471 3485 2702 3538 abundat
2729 3483 2904 3538 fructu
2937 3486 3059 3538 boni
3083 3485 3274 3552 Operis.
3318 3483 3383 3537 In

1830 3575 2077 3628 lateribus
2102 3575 2288 3628 domus
2324 3583 2447 3626 tute.
2497 3573 2585 3626 illa
2612 3582 2737 3628 sunt
2762 3574 2926 3627 latera
2973 3575 3024 3628 in
3071 3575 3227 3629 domo
3269 3573 3382 3636 Dei,

1829 3681 1948 3734 qua:
1971 3666 2244 3719 adhaerent
2269 3665 2483 3718 Christo
2509 3665 2730 3719 ﬁrmius.
2759 3663 2887 3716 Filii
2906 3665 2982 3717 tui
3007 3666 3140 3717 sicut
3179 3664 3386 3718 novella:

1829 3752 2081 3806 olivarum
2106 3752 2162 3804 in
2188 3753 2419 3804 circuitu
2435 3767 2623 3806 mensa:
2641 3761 2763 3805 tum.
2792 3752 2908 3807 Non
2931 3763 3011 3807 est
3035 3752 3134 3806 alia
3158 3755 3212 3806 in
3237 3753 3388 3809 Chri—

1829 3850 1914 3911 sto
1941 3858 2101 3907 uxor,
2134 3843 2270 3896 alius
2311 3842 2481 3906 ﬁlius,
2512 3843 2610 3896 sed
2643 3857 2830 3896 omnes
2855 3858 3017 3895 unum
3061 3844 3115 3896 in
3154 3843 3386 3898 Christo.

1830 3930 1999 3998 Quam
2028 3942 2152 3987 ante
2187 3948 2407 3987 uxorem
2443 3932 2773 3995 nominavit,
2820 3946 2963 3985 nunc
3006 3932 3299 3987 nominavit
3335 3945 3388 3989 et

1831 4023 1998 4078 ﬁlium
2023 4021 2183 4094 [Ms.,
2224 4020 2418 4093 ﬁlios],
2457 4021 2581 4089 quia
2613 4035 2746 4074 uxor
2791 4029 2847 4078 et
2888 4020 2983 4074 ﬁlii
3029 4021 3262 4078 Ecclesia
3308 4037 3391 4081 est

1831 4115 2050 4169 Christi.
2083 4101 2230 4170 Sicut
2253 4113 2463 4168 novella:
2491 4112 2761 4167 olivarum.
2796 4112 2989 4186 [Oliva]
3021 4129 3206 4183 pacem
3230 4116 3393 4187 signi-

1832 4206 1974 4259 ﬁcat.
2008 4203 2131 4258 ideo
2164 4203 2257 4258 ﬁlii
2302 4205 2355 4257 in
2399 4205 2633 4257 novitate
2668 4204 2886 4272 spiritus
2915 4219 3020 4259 non
3048 4205 3101 4258 in
3127 4215 3392 4260 vetustate

1829 4293 2021 4346 littera:
2046 4293 2311 4360 inpacem
2332 4293 2531 4348 Christi
2557 4302 2834 4351 transeunt
2863 4291 3013 4363 [Ms.,
3046 4295 3341 4367 transeant]
3374 4317 3383 4348 :

1830 4379 1897 4432 In
1933 4380 2153 4432 circuitu
2181 4397 2370 4433 mensa:
2391 4390 2516 4433 tute.
2546 4381 2722 4435 Mensa
2745 4381 2943 4435 Christi
2970 4381 3244 4452 Scriptura
3268 4401 3389 4439 san—

1831 4478 1914 4525 cta
1941 4477 2042 4534 est,
2065 4470 2202 4524 unde
2224 4469 2512 4538 pascimur,
2544 4471 2683 4523 unde
2712 4471 3072 4535 intelligimus,
3101 4475 3225 4540 quid
3251 4491 3392 4528 amc-

1830 4574 1969 4624 mus,
1989 4566 2039 4614 et
2065 4558 2193 4629 quid
2217 4557 2600 4622 desideremus,
2626 4558 2692 4611 ad
2719 4572 2874 4625 quem
2896 4558 3187 4614 habeamus
3207 4562 3389 4616 oculo;

1834 4650 2056 4705 levatos.

1903 4743 2063 4798 Vens.
2095 4741 2146 4794 4.
2175 4772 2246 4782 -
2267 4741 2404 4797 Ecce
2437 4743 2512 4796 sic
2540 4741 2865 4796 benedicetur
2889 4744 3051 4795 omnis
3082 4743 3232 4795 homo
3252 4783 3265 4806 ,
3303 4747 3391 4811 qui

1831 4831 1973 4882 timet
2002 4829 2302 4882 Dominum.
2334 4829 2584 4885 Recurrit
2623 4831 2690 4884 ad
2718 4831 3034 4898 principium
3060 4832 3268 4897 psalmi,
3300 4834 3390 4885 ubi
3499 4884 3502 4887 .

1831 4917 1936 4970 ait:
1963 4915 2111 4968 Beati
2132 4931 2326 4980 omnes,
2352 4917 2441 4984 qui
2466 4917 2643 4968 timent
2664 4915 2960 4968 Dominum.
2987 4916 3134 4970 Nunc
3152 4920 3389 4984 exponit,

1832 5023 1950 5076 qua:
1977 5005 2046 5060 sit
2077 5006 2180 5059 ista
2209 5005 2480 5060 beatitudo
2500 5045 2513 5068 ,
2548 5019 2666 5072 qua:
2697 5005 2901 5057 timenti
2937 5005 3102 5058 Deum
3133 5007 3351 5060 debetttr
3376 5050 3388 5069 ,

1834 5100 1916 5154 vel
1941 5098 2208 5169 quomodo
2247 5095 2638 5152 benedicendus
2661 5097 2750 5161 sit,
2781 5098 2870 5165 qui
2911 5097 3076 5151 Deum
3107 5099 3273 5151 timet.
3303 5101 3392 5152 Ait

1836 5193 1978 5246 enim
2003 5209 2015 5243 :

1907 5283 2065 5336 Vens.
2091 5281 2144 5334 5.
2175 5311 2244 5320 —
2270 5279 2544 5333 Beuedicut
2575 5289 2622 5331 te
2654 5279 2902 5333 Dominus
2933 5297 2993 5332 ex
3031 5277 3183 5334 Sion.
3226 5291 3271 5331 ct
3315 5284 3384 5331 ri-

1836 5373 1980 5435 deas,
2010 5387 2126 5441 gua:
2152 5371 2283 5423 bona
2303 5380 2420 5423 sunt
2448 5370 2499 5421 in
2515 5369 2804 5422 Jerusalem
2827 5370 3056 5421 omnibus
3080 5368 3254 5418 diebus
3278 5371 3389 5423 vitu-

1836 5471 1959 5513 tute.
2005 5460 2087 5513 Ea;
2127 5457 2287 5523 Sion,
2323 5444 2472 5522 dixit,
2515 5458 2776 5511 benedicat
2822 5468 2868 5510 te
2913 5457 3197 5518 Dominus,
3231 5457 3281 5509 id
3307 5471 3382 5510 est

1836 5550 2195 5620 speculatione
2233 5549 2352 5600 vita:
2381 5556 2613 5600 aeternae.
2653 5547 2739 5599 illa
2785 5557 2865 5600 est
2904 5562 3024 5601 vera
3065 5546 3389 5609 benedictio,

1836 5654 1952 5706 qua:
1981 5653 2076 5691 nos
2105 5637 2230 5689 facit
2253 5637 2414 5688 vitam
2439 5636 2742 5689 desiderare
2765 5645 3035 5689 mmmam.
3065 5634 3185 5688 ideo
3207 5637 3388 5703 adjun-

1838 5731 1914 5782 xit
1942 5747 1952 5782 :
1997 5725 2061 5779 Ut
2093 5727 2261 5779 videas
2283 5726 2436 5788 bona,
2467 5741 2581 5794 qua:
2605 5736 2722 5778 sunt
2751 5727 2802 5778 in
2831 5724 3120 5778 Jerusalem
3155 5729 3388 5780 omnibus
3459 5786 3466 5794 ⁸

1837 5821 2012 5874 diebus
2044 5819 2152 5872 vita:
2179 5826 2300 5881 tua',
2326 5816 2377 5870 id
2396 5824 2494 5881 est,
2525 5827 2718 5872 aeterna
2736 5818 2893 5881 bona,
2922 5833 3023 5871 non
3047 5821 3350 5889 temporalia
3374 5839 3383 5870 :
