4338 6424
722 449 818 503 Gil

1576 443 1636 495 ll.
1680 443 1740 496 Ρ.
1786 441 2007 496 Αιυικι
2049 439 2177 494 ΞΕΕ
2220 437 2496 495 ΑιιευιΝι
2528 442 2811 499 OPERUM
2851 442 3030 498 PARS
3065 443 3127 497 Il.

3869 435 3984 492 ϐὅὶ

719 574 1086 634 permansura,
1130 574 1234 614 non
1258 555 1588 625 transitoria,
1625 569 1744 624 qua:
1776 554 1975 609 suntin
1999 550 2293 606 Jerusalem
2322 553 2371 610 Α
2400 553 2711 622 priusquam
2744 555 2798 608 in
2820 553 3026 622 judicio
3053 552 3366 623 puniantur,
3414 551 3693 615 arescunt,
3734 564 3836 605 non
3867 551 3978 605 ιη..

719 651 944 708 cmlesti.
994 648 1248 704 Omnibus
1275 647 1456 700 diebus
1479 647 1594 700 vitm
1631 655 1756 709 tute,
1793 657 2008 713 semper
2033 641 2143 696 eris
2167 656 2294 712 gau—

719 745 872 809 dens,
904 757 1115 810 semper
1142 739 1347 794 videbis
1389 739 1527 792 bona
1550 779 1563 801 ,
1597 736 1648 791 id
1687 744 1799 799 est,
1846 734 2009 788 totius
2037 732 2296 788 bonitatis

719 843 993 889 auctorem
1023 831 1318 887 Christum.

792 925 951 980 VERS.
982 922 1033 977 6.
1064 953 1136 962 —
1161 919 1228 974 Et
1255 920 1426 979 rideas
1451 919 1589 988 ﬁlios
1614 918 1843 986 ﬁliorum
1865 926 2094 978 tuorum,
2117 929 2294 985 pacem

691 1035 874 1096 ,δείρειν
895 1015 1083 1071 Israel.
1115 1015 1234 1069 Filii
1267 1014 1340 1068 tui
1375 1021 1501 1068 sunt
1542 1027 1704 1082 opera
1749 1012 1919 1074 bona,
1964 1022 2082 1077 qiue
2123 1005 2293 1068 facis;

721 1109 815 1162 ﬁlii
844 1107 1072 1162 ﬁliorum
1100 1113 1335 1168 tuorum,
1364 1103 1569 1158 fructus
1607 1105 1868 1156 bonorum
1903 1111 2150 1166 operum,
2178 1109 2297 1163 qute

721 1196 950 1251 videnda
997 1203 1051 1248 et
1095 1193 1397 1262 recipienda
1427 1198 1551 1246 sunt
1592 1191 1646 1244 in
1689 1188 1869 1242 futura
1894 1185 2038 1247 vita,
2075 1183 2164 1236 ubi
2192 1196 2296 1250 pax

720 1286 824 1340 erit
869 1298 1030 1354 super
1075 1297 1262 1339 omnes
1307 1281 1474 1335 Deum
1511 1279 1751 1332 videntes
1776 1295 1811 1330 :-
1829 1283 1884 1330 et
1929 1275 2045 1329 hzec
2078 1288 2180 1341 pax
2215 1277 2300 1324 est

722 1371 987 1435 Christus,
1025 1386 1144 1440 qua:
1181 1376 1467 1438 exsuperat
1512 1381 1728 1420 onmem
1778 1378 2014 1420 sensum.
2063 1361 2152 1414 llla
2192 1367 2294 1428 pax

722 1460 990 1515 custodiat
1017 1459 1177 1514 corda
1209 1468 1392 1510 nostra
1424 1455 1476 1507 in
1500 1462 1837 1525 perpetuum.

1189 1545 1509 1603 PSALMUS
1554 1543 1830 1600 CXXVI".

799 1645 957 1698 Vens.
1009 1643 1060 1695 1.
1090 1671 1160 1681 -
1188 1639 1438 1696 Decimus
1485 1639 1584 1692 iste
1627 1635 1866 1706 psalmus
1907 1632 2181 1688 Graduum
2225 1631 2296 1683 ita

723 1731 909 1801 incipit
931 1749 944 1784 :
988 1730 1136 1802 Stepe
1159 1734 1579 1800 expugnaverunt
1610 1741 1690 1778 me
1717 1741 1747 1777 α
1762 1724 2033 1793 juventute
2060 1736 2196 1782 mea,
2219 1717 2301 1770 di-

722 1834 804 1877 cat
834 1840 972 1877 nunc
1010 1821 1198 1876 Israel.
1236 1820 1351 1874 Vox
1391 1825 1476 1873 est
1505 1816 1759 1872 Ecclesiae
1785 1811 2103 1868 sustinentis
2138 1808 2298 1862 falsos

2396 640 2584 696 bentes
2612 643 2893 698 humorem
2921 643 3046 698 boni
3071 643 3268 712 operis.

2470 734 2632 788 Vens.
2666 734 2718 788 7.
2742 765 2811 774 —
2837 733 2914 788 De
2940 751 3042 804 qua
3070 749 3175 786 non
3209 731 3438 801 implebit
3465 747 3678 784 manum
3706 745 3856 785 suam
3881 731 3977 800 qui

2395 834 2567 888 metet,
2592 835 2640 878 et
2658 825 2830 878 sinum
2852 840 3005 878 suum
3025 825 3115 893 qui
3133 820 3429 891 manipulos
3451 819 3675 889 colliget.
3709 818 3981 874 Messores

2397 921 2523 966 sunt
2550 912 2748 983 angeli,
2775 913 2842 967 de
2868 927 3097 981 quorum
3126 911 3378 980 Operibus
3405 923 3510 963 non
3557 907 3780 978 implent
3820 908 3980 964 sinus

2397 1017 2544 1067 suos,
2565 1003 2693 1071 quia
2718 1002 2924 1056 zizania
2949 1010 3089 1062 sunt,
3117 1008 3169 1054 et
3192 1014 3296 1053 non
3322 999 3596 1052 triticum:
3624 997 3718 1051 sed
3742 997 3794 1050 in
3818 994 3983 1051 fasci-

2397 1094 2546 1147 culos
2571 1094 2804 1163 ligantur
2829 1102 2883 1148 et
2907 1093 3028 1162 igne
3055 1092 3445 1146 comburuntur
3469 1099 3688 1145 teterno.

2469 1186 2630 1239 Vens.
2661 1186 2714 1240 8.
2739 1213 2812 1224 —--
2856 1183 2926 1236 Et
2975 1198 3080 1235 non
3121 1181 3383 1244 dixerunt,
3435 1180 3524 1250 qui
3571 1170 3984 1249 pra'terierunti

2397 1278 2696 1332 Benedictio
2725 1275 2937 1329 Domini
2980 1289 3136 1344 super
3174 1289 3280 1337 vos,
3330 1271 3685 1326 benediximus
3731 1269 3874 1324 vobis
3921 1268 3985 1321 in

2399 1369 2606 1422 nomine
2635 1365 2867 1422 Domini.
2923 1363 3289 1428 Transeuntes
3330 1369 3457 1416 sunt
3483 1375 3581 1430 per
3607 1359 3766 1428 hujus
3795 1357 3982 1413 sa'cnli

2402 1459 2541 1512 viam
2571 1456 2864 1526 prophetrc,
2895 1452 3216 1524 patriarchae
3254 1461 3309 1506 et
3331 1448 3555 1520 apostoli
3582 1467 3595 1504 :
3625 1463 3851 1519 quorum
3879 1447 3981 1502 be-

2399 1546 2633 1601 nedictio
2660 1543 2876 1614 proﬁcit
2909 1545 2963 1597 in
2994 1543 3117 1596 ﬁliis
3147 1540 3420 1605 Ecclesiae,
3463 1555 3570 1594 non
3602 1539 3655 1594 in
3687 1537 3834 1593 falsis
3863 1538 3983 1592 fra-

2399 1635 2594 1701 tribus,
2641 1635 2732 1704 qui
2778 1640 3086 1703 expugnant
3129 1630 3466 1685 Ecclesiam:
3516 1644 3624 1684 non
3665 1629 3795 1684 dant
3834 1629 3987 1684 enim

2399 1725 2828 1782 benedictionem
2852 1737 3015 1793 super
3040 1721 3330 1790 perituros,
3357 1719 3453 1774 sed
3479 1731 3642 1788 super
3665 1731 3986 1782 mansurus;

2399 1827 2456 1872 et
2479 1831 2643 1887 quam
2667 1814 3098 1871 benedictionem
3125 1811 3291 1865 dant?
3317 1808 3646 1863 Benedicuat
3674 1806 3895 1879 [inquit]
3927 1807 3988 1862 in

724 1915 938 1978 fratres,
986 1920 1042 1968 et
1095 1912 1149 1966 in
1199 1908 1444 1979 exempla
1494 1909 1675 1978 priora
1716 1903 2049 1973 respicientis
2102 1900 2296 1973 [Edit.,
2331 1887 2437 1963 Βη

2283 1940 2296 1962 .
2331 1887 2621 1965 Bnomine
2666 1906 2913 1972 Domini,
2961 1905 3088 1976 quia
3138 1904 3315 1957 omnis
3354 1898 3656 1954 benedictio
3707 1907 3761 1954 et
3805 1899 3989 1954 omnis

724 2005 968 2074 exemplo
993 2043 1007 2058 .
1040 2043 1055 2056 .
1087 2043 1101 2057 .
1127 1998 1442 2073 reSpiciens]
1463 2041 1477 2064 ,
1522 2009 1576 2052 et
1613 2013 1775 2067 super
1813 1996 1924 2064 ipsa
1961 1991 2300 2060 exhortautis

722 2093 986 2164 exemplis
1014 2094 1231 2148 Patrum
1261 2090 1642 2147 invincibiliter
1664 2088 1929 2142 sustinere
1957 2105 1971 2140 :
2013 2085 2138 2155 quia
2171 2085 2301 2140 olim

724 2192 1026 2254 expugnata
1053 2182 1178 2255 [est]
1202 2182 1462 2246 Ecclesia,
1483 2188 1544 2234 et
1564 2193 1671 2234 non
1693 2176 1926 2240 noviter,
1951 2176 2044 2230 sed
2068 2190 2300 2255 semper,

726 2250 1002 2340 ali—initio,
1039 2250 1354 2344 quo-coepit
1395 2286 1537 2326 esse.
1570 2268 1705 2321 Nam
1750 2266 1884 2320 Abel
1915 2265 2153 2320 Ecclesia
2205 2250 2305 2318 fuit

725 2367 946 2431 Christi,
974 2365 1068 2421 sed
1099 2380 1129 2419 a
1154 2363 1323 2418 fratre
1345 2367 1683 2432 expugnatus
1706 2365 1823 2424 est;
1865 2357 2111 2413 similiter
2136 2355 2304 2410 Jacob

727 2455 966 2512 Ecclesia
988 2453 1189 2509 Christi
1219 2453 1346 2518 fuit,
1392 2451 1486 2508 sed
1523 2467 1555 2505 a
1591 2449 1761 2504 fratre
1801 2447 1942 2501 Esau
1971 2455 2304 2516 expugnatus

725 2556 840 2612 cst;
882 2546 1043 2602 etiam
1072 2552 1127 2598 et
1169 2543 1345 2598 Moses
1388 2543 1442 2597 in
1483 2539 1723 2596 Ecclesia
1766 2536 1970 2593 Christi
2009 2537 2305 2608 saepissime

724 2644 1062 2708 expugnatus
1099 2641 1183 2688 est
1224 2649 1254 2688 a
1292 2632 1510 2704 populo,
1550 2631 1637 2686 cui
1679 2628 1910 2700 prmfuit.
1953 2626 2176 2682 Occisus
2205 2627 2306 2680 fuit

728 2730 975 2785 Christus
1009 2743 1038 2782 a
1069 2742 1361 2799 synagoga,
1388 2725 1482 2779 sed
1529 2739 1633 2778 non
1660 2728 1946 2791 superatus
1987 2717 2194 2790 [Edit.,
2221 2731 2305 2772 se-

730 2819 991 2893 paratus].
1033 2819 1172 2874 Ecce
1196 2818 1340 2872 enim
1366 2813 1626 2884 exemplis
1661 2812 1887 2866 docebat
1925 2825 2023 2864 nos
2049 2808 2307 2863 adversus

729 2912 894 2966 falsos
936 2908 1132 2963 fratres
1170 2906 1381 2963 fortiter
1425 2903 1710 2960 sustinere.
1755 2901 1946 2957 Dicant
1981 2915 2171 2956 omnes
2213 2901 2304 2969 qui

731 3005 900 3060 Deum
920 3000 1077 3072 pleno
1098 2998 1260 3055 corde
1288 2996 1518 3068 diligunt
1553 2995 1828 3064 Deumque
1851 2994 2033 3048 videre
2061 2993 2302 3061 cupiunt,

729 3104 782 3149 ct
808 3095 988 3149 dicant
1014 3093 1204 3146 iterum
1228 3109 1239 3143 :

2405 1999 2758 2054 sanctiﬁcatio
2784 2014 2882 2068 per
2908 2011 3104 2051 nomen
3133 1994 3342 2048 Domini
3374 1994 3661 2048 roboratur
3695 2000 3751 2046 et
3787 1991 3992 2047 conﬁr-

2407 2100 2551 2146 tnatu
2560 2107 2604 2143 l‘.

2895 2174 3216 2230 PSALMUS
3264 2172 3496 2229 CXXIX.

2479 2271 2641 2322 Vens.
2671 2269 2719 2321 l.
2735 2297 2804 2307 —
2832 2266 3088 2336 Sequitur
3108 2279 3239 2319 vero
3258 2263 3498 2333 psalmus
3515 2261 3813 2325 Graduum,
3833 2258 3992 2328 cujus

2405 2363 2726 2434 principium
2753 2369 2874 2416 est:
2899 2359 2977 2414 De
3001 2357 3277 2430 profundis
3303 2355 3525 2410 clamavi
3545 2353 3616 2409 ad
3635 2362 3706 2419 te,
3728 2352 3954 2408 Domine
3970 2368 3991 2408 .°

2407 2455 2654 2519 Domine,
2680 2452 2873 2508 exaudi
2902 2465 3074 2505 uocem
3103 2464 3295 2502 meam.
3331 2445 3415 2500 Ad
3443 2446 3606 2513 istum
3635 2444 3818 2515 itaque
3842 2443 3993 2513 psal-

2407 2561 2554 2601 mum
2583 2543 2739 2616 [Ms.,
2760 2541 2830 2597 ab
2848 2541 2952 2596 isto
3055 2535 3285 2610 psalmo]
3317 2533 3759 2590 consideratiouis
3788 2531 3994 2602 gradus

2407 2645 2522 2700 est,
2554 2644 2611 2689 et
2638 2632 2918 2701 cuiusdam
2943 2628 3177 2700 querelae
3204 2627 3386 2688 statio,
3419 2631 3480 2678 ut
3507 2621 3859 2692 intelligamus
3887 2620 3988 2684 ita,

2411 2731 2468 2784 in
2498 2744 2605 2799 quo
2635 2726 2903 2799 profundo
2931 2737 3118 2777 sumus
3137 2761 3150 2786 ,
3184 2729 3240 2774 et
3267 2717 3408 2772 unde
3437 2715 3672 2770 clamare
3705 2710 3856 2766 nobis
3888 2723 3988 2764 ue-

2409 2837 2560 2877 ccsse
2604 2827 2706 2874 est.
2762 2813 3114 2889 [Profundum
3142 2809 3336 2876 (Edit.,
3365 2803 3650 2878 profunda)
3680 2799 3849 2873 enim]
3899 2806 3990 2854 est

2408 2914 2563 2970 nobis
2589 2913 2698 2966 vita
2729 2911 2834 2964 ista
2866 2904 3127 2963 mortalis.
3163 2899 3414 2969 Quisquis
3443 2912 3499 2954 se
3530 2897 3581 2952 in
3610 2892 3873 2966 profundo
3901 2892 3987 2946 in-

2409 3005 2694 3068 tellexerit,
2717 3001 2934 3062 clamet,
2956 3003 3154 3068 gemat,
3177 2993 3429 3064 suspiret,
3451 2990 3622 3045 donec
3643 2986 3709 3042 de
3725 2981 3992 3056 profundo

2410 3105 2655 3162 eruatur,
2685 3103 2739 3150 et
2765 3093 2947 3148 veniat
2974 3091 3042 3145 ad
3068 3104 3211 3152 eum,
3241 3087 3332 3157 qui
3361 3099 3525 3155 super
3551 3092 3740 3136 omnes
3768 3076 3992 3147 abyssos

803 3185 961 3241 Vens.
992 3183 1046 3236 2.
1085 3212 1157 3223 —
1200 3180 1270 3235 Su
1285 3197 1346 3250 pe
1383 3184 1803 3248 expugnaverunt
1852 3189 1933 3226 me
1970 3191 2001 3226 a
2036 3172 2309 3240 juventute
2335 3217 2383 3280 ϐ
2414 3192 2516 3247 θεά(

2274 3186 2309 3280 ,g
2335 3217 2383 3280 ο
2414 3192 2597 3256 sedet,
2637 3198 2692 3243 et
2721 3201 2884 3280 super
2905 3183 3195 3280 Cherubin!
3223 3189 3280 3235 et
3301 3192 3462 3280 super
3485 3173 3664 3276 omnia
3691 3185 3810 3280 qua:
3833 3181 3987 3280 crea~l

727 3296 864 3341 mea,
887 3276 1073 3330 etenim
1100 3289 1203 3325 non
1229 3277 1505 3341 potuerunt
1536 3267 1682 3320 mihi.
1717 3265 1844 3320 Sive
1870 3265 1924 3318 in
1955 3263 2168 3327 Vetere,
2195 3263 2307 3318 sive

729 3373 783 3426 in
803 3369 950 3423 Novo
971 3365 1335 3427 Testamento,
1351 3370 1405 3416 et
1423 3375 1693 3430 nunquam
1709 3364 2002 3430 potuerunt
2018 3357 2312 3427 praevalere

728 3458 883 3521 mihi,
917 3465 976 3510 ut
1005 3453 1362 3510 consentirem
1388 3452 1486 3506 eis.

800 3549 964 3604 Vens.
1007 3547 1060 3601 5.
1096 3575 1167 3585 -
1211 3541 1382 3614 Supra
1435 3542 1652 3595 dorsum
1708 3555 1878 3592 meum
1925 3537 2310 3607 fabricaverunt

730 3655 1044 3718 peccatores,
1074 3642 1506 3713 prolongauerunt
1545 3635 1841 3706 iniquitates
1869 3650 2013 3688 suas.
2057 3631 2312 3686 Fabrica-

733 3741 923 3792 vcrunt
954 3733 1202 3789 toleranti
1233 3730 1361 3786 mihi
1389 3745 1548 3800 supra
1569 3729 1819 3787 dorsum;
1858 3731 2154 3794 posuerunt
2179 3721 2309 3775 mihi

733 3828 1126 3890 tribulationes,
1151 3824 1243 3880 sed
1267 3837 1368 3892 ego
1388 3819 1599 3890 portavi
1625 3834 1738 3884 eas,
1757 3817 1927 3873 donec
1947 3814 2310 3884 corrigantur,

731 3931 787 3976 et
812 3922 890 3975 sic
917 3919 1163 3973 desinant
1199 3913 1450 3992 persequi
1485 3927 1590 3976 me,
1627 3919 1683 3967 et
1705 3909 1786 3965 vel
1813 3909 1864 3964 in
1886 3907 2064 3980 385
2080 3906 2186 3961 ﬁne
2213 3922 2312 3960 ex-

732 4015 1010 4070 cutiantur
1038 4026 1068 4064 a
1107 4009 1269 4064 dorso
1299 4023 1456 4063 meo:
1494 4021 1594 4075 ego
1630 4019 1800 4074 usque
1835 4003 1888 4056 in
1929 4001 2089 4055 ﬁnem
2118 3999 2310 4061 tolero,

732 4105 830 4161 sed
856 4117 1025 4173 usque
1046 4103 1103 4154 in
1123 4101 1283 4154 tinem
1304 4105 1712 4168 persequentur.
1741 4093 2191 4162 Prolongacerunt
2214 4090 2315 4144 ini-

731 4200 953 4270 quitates
995 4212 1142 4261 snas,
1172 4193 1298 4264 quia
1333 4209 1438 4246 non
1475 4200 1558 4246 est
1601 4199 1811 4259 tempus
1852 4189 1906 4242 in
1941 4189 2045 4243 hoc.
2085 4187 2311 4252 sarculo,

734 4305 840 4358 quo
883 4287 1123 4342 Ecclesia
1167 4284 1364 4341 Christi
1409 4282 1833 4353 persecutionem
1872 4295 1979 4333 non
2019 4279 2255 4345 patiatur
2283 4293 2315 4331 a

737 4383 886 4438 falsis
911 4381 1186 4435 fratribus.

812 4475 969 4529 Vens.
1000 4472 1053 4538 ι,
1085 4471 1136 4526 5.
1167 4501 1236 4511 ——
1270 4469 1375 4525 Sed
1419 4468 1669 4523 Dominus
1704 4466 1882 4537 justus
1924 4463 2157 4518 concidet
2195 4480 2312 4516 cer-

2413 3281 2509 3344 vit,
2534 3294 2640 3334 non
2668 3276 2842 3332 solum
2872 3271 3206 3343 temporalia,
3235 3268 3328 3324 sed
3349 3267 3514 3321 etiam
3536 3259 3871 3334 spiritualia:
3899 3258 3992 3313 sed

2413 3372 2538 3426 inde
2563 3384 2732 3438 usque
2758 3367 2826 3421 ad
2849 3363 3173 3435 profundum
3204 3355 3364 3426 hujus
3383 3357 3506 3410 vita:
3528 3349 3791 3425 pervenit,
3811 3359 3873 3406 ut
3892 3362 3994 3436 nos

2415 3434 2672 3516 liberaret
2696 3457 2766 3511 ab
2788 3434 2893 3510 hoc
2917 3451 3184 3525 profundo
3225 3448 3476 3513 miserim,
3516 3453 3572 3502 et
3609 3460 3710 3500 nos
3731 3434 3997 3498 ‘incitaret

2414 3555 2482 3609 ad
2511 3566 2635 3606 eum
2663 3551 2918 3612 clamare,
2963 3547 3054 3615 qui
3095 3551 3182 3599 est
3211 3540 3457 3597 Salvator
3480 3552 3642 3593 verus
3679 3544 3735 3590 et
3772 3533 3990 3589 dicere:

2417 3645 2662 3712 Domine,
2692 3640 2932 3702 Domine,
2961 3634 3156 3690 exaudi
3185 3648 3356 3688 vocem
3385 3644 3574 3684 meam.

2493 3711 2651 3790 Vens.
2681 3731 2735 3784 2.
2761 3760 2832 3770 -
2866 3726 3028 3782 Fiant
3054 3741 3214 3780 aures
3235 3733 3337 3778 tute
3364 3717 3681 3774 intendentes
3709 3715 3764 3769 in
3791 3711 3988 3767 oratio-

2416 3840 2532 3879 nem
2562 3823 2695 3877 servi
2723 3821 2820 3874 tui.
2872 3818 3178 3874 Geminatio
3221 3810 3507 3875 clamoris,
3556 3803 3874 3878 signiﬁcatio
3911 3808 3994 3858 est

2414 3912 2807 3984 deprecationis
2832 3909 3058 3963 intimae.
3092 3903 3348 3972 Sequitur
3371 3913 3537 3956 vero:

2456 3982 2652 4059 ,Vsns.
2685 4003 2740 4056 5.
2767 4028 2837 4039 --
2887 3995 2946 4052 Si
2992 3993 3292 4064 iniquitates
3337 3987 3706 4051 observaveris,
3753 3982 3990 4043 Domine.

2416 4093 2670 4155 Domine,
2717 4089 2832 4161 quis
2878 4083 3196 4141 sustinebit?
3249 4081 3437 4151 Aperit
3476 4079 3543 4134 de
3581 4090 3690 4147 quo
3729 4068 3991 4160 profundo

2416 4185 2696 4248 clamaret;
2721 4157 2773 4236 id
2802 4188 2906 4243 est,
2927 4177 2994 4232 de
3015 4182 3361 4246 peccatorum
3390 4182 3609 4226 suorum
3641 4166 3856 4237 abysso,
3875 4157 3994 4234 qua

2417 4273 2814 4328 inundaverunt
2856 4282 3016 4336 super
3052 4271 3221 4334 caput
3259 4262 3413 4331 ejus:
3451 4256 3752 4328 intelligens
3783 4266 3992 4310 omnem

2418 4367 2583 4422 vitam
2614 4365 2752 4418 hanc
2785 4355 3170 4414 tentationibus
3200 4352 3434 4423 plenam.
3487 4347 3612 4402 Ideo
3641 4345 3776 4401 dixit
3802 4363 3815 4398 :
3866 4342 3992 4410 Quis

2419 4456 2688 4512 sustinebit
2714 4455 2737 4507 Ρ
2787 4451 2844 4506 Si
2883 4448 3149 4517 justitiam
3180 4443 3550 4500 tantummodo
3577 4440 3790 4511 iudicas
3818 4435 3992 4516 nobis,

738 4569 868 4621 rit-es
896 4573 1259 4636 peccatorum;
1308 4560 1697 4629 confundantur
1738 4569 1785 4611 et
1830 4563 2198 4610 convertantur
2229 4572 2312 4608 re-
2346 4563 2398 4623 υ
2421 4557 2476 4604 et
2502 4562 2606 4600 non
2632 4540 3032 4597 miserationem
3057 4544 3297 4609 praestes,
3319 4533 3497 4589 nullus
3516 4542 3598 4588 est
3618 4530 3712 4602 qui
3733 4527 3995 4584 sustinere

2556 4635 2563 4636 κ
2743 4631 2754 4636 -
3037 4625 3054 4636 ν
3172 4623 3205 4636 ,ς
3240 4623 3327 4636 ιιι..
3360 4623 3372 4634 ο
3563 4635 3572 4636 κ
3598 4619 3615 4636 ι
3648 4616 3817 4636 _.__2-
3847 4612 3991 4636 _-L!-

737 4670 963 4711 trorsum
995 4671 1189 4716 omnes,
1227 4653 1314 4720 qui
1344 4651 1564 4704 oderunt
1597 4649 1745 4704 Sion.
1791 4647 1846 4700 ld
1874 4656 1977 4709 est,
2005 4645 2314 4714 superbiam

740 4747 952 4802 illorum
982 4748 1242 4799 conteret.
1295 4739 1396 4794 Per
1423 4738 1686 4794 cervicem
1735 4735 2042 4806 superbiam
2092 4735 2315 4790 istorum

741 4839 1002 4908 designat.
1054 4832 1460 4903 Confundantur
1505 4839 1552 4884 et
1603 4836 1932 4882 revereantur
1972 4841 2179 4888 omnes,
2227 4826 2316 4896 qui

742 4928 963 4980 oderunt
994 4925 1142 4979 Sion.
1188 4919 1600 4978 Confundantur
1628 4920 1680 4973 in
1709 4918 1932 4986 judicio,
1966 4924 2318 4971 revereantur

744 5021 798 5072 in
823 5014 1120 5089 profundis.
1161 5013 1263 5075 Qui
1295 5013 1513 5065 oderunt
1553 5010 1683 5064 Sion
1719 5007 1872 5080 [Sion
1906 5016 1990 5062 est
2011 5006 2315 5076 Ecclesia]:

745 5111 798 5164 id
835 5118 951 5169 est,
1002 5107 1092 5178 qui
1137 5106 1364 5159 oderunt
1406 5102 1699 5156 Ecclesiam
1727 5141 1743 5161 ,
1775 5092 1843 5153 iet
1887 5099 2077 5153 nolunt
2101 5098 2320 5152 obedire

746 5200 911 5255 verbo
932 5199 1047 5252 Dei.
1082 5197 1218 5252 Sunt
1239 5195 1381 5249 enim
1411 5195 1464 5247 in
1491 5191 1746 5254 Ecclesia,
1771 5191 1864 5243 sed
1891 5189 1998 5242 ﬁcti
2031 5186 2244 5252 fratres,
2268 5197 2317 5240 et

747 5294 871 5350 odio
894 5291 1088 5346 habent
1111 5289 1247 5343 bene
1269 5293 1552 5356 operantes
1576 5285 1628 5338 in
1654 5298 1735 5337 ea.
1763 5281 1919 5354 [Vide
1943 5276 2321 5351 (Edit.,Uude)

747 5382 898 5458 quid]
927 5381 1172 5450 sequitur
1195 5379 1258 5433 de
1286 5377 1512 5445 bis,lqni
1542 5377 1771 5429 oderunt
1790 5372 2136 5427 Ecclesium:

820 5475 983 5527 Vens.
1014 5472 1065 5526 6.
1090 5501 1160 5511 —
1202 5469 1360 5522 Fiant
1398 5478 1649 5534 tanquam
1682 5464 1858 5531 fenum
1887 5472 2157 5523 tectorum,
2186 5457 2325 5528 quod

749 5569 1050 5635 priusquam
1077 5560 1345 5622 evellatur,
1371 5559 1576 5612 arescit.
1610 5554 1780 5627 [Perit
1797 5553 1939 5606 enim
1961 5549 2137 5604 omnis
2158 5548 2324 5619 gloria

752 5654 1173 5725 superbientium
1206 5651 1258 5706 in
1289 5650 1390 5703 hoc
1421 5646 1615 5701 saeculo
1635 5644 1672 5717 ;]
1705 5651 1761 5710 et
1780 5642 1917 5703 sicut
1943 5637 2122 5692 fenum
2155 5646 2326 5691 tecto-

755 5760 873 5798 rum
904 5746 1017 5800 siue
1049 5743 1229 5798 radice
1258 5748 1359 5800 est,
1391 5746 1442 5790 et
1474 5737 1578 5790 cito
1607 5744 1822 5792 aresat,
1857 5732 1932 5784 sic
1968 5731 2038 5784 illi
2067 5731 2173 5784 cito
2204 5744 2326 5799 per--

757 5846 918 5891 eum:
971 5833 1109 5903 quod
1158 5833 1472 5900 priusquam
1516 5825 1792 5886 cvellatnr,
1837 5822 2064 5884 arescit;
2116 5820 2166 5870 id
2214 5826 2327 5879 est,

2424 4635 2628 4706 possit,
2664 4631 2790 4702 quia
2821 4641 3010 4684 omnes
3037 4623 3207 4699 [sunt]
3238 4623 3329 4678 ﬁlii
3359 4623 3489 4677 iraa:
3522 4619 3617 4674 sed
3647 4616 3821 4686 magis
3847 4612 3994 4669 nobis

2425 4705 2550 4798 spes
2586 4732 2671 4778 est
2706 4723 2773 4778 de
2811 4717 3249 4776 miserationibus
3282 4714 3423 4776 tuis,
3462 4718 3518 4765 et
3553 4723 3659 4763 non
3693 4707 3760 4763 de
3793 4705 3995 4762 meritis

2426 4819 2647 4876 nostris.

2500 4911 2660 4963 Vens.
2693 4905 2832 4958 b.—
2855 4901 2993 4967 Quia
3022 4901 3163 4970 apud
3193 4907 3240 4953 te
3269 4897 3568 4969 prapitiatio
3598 4902 3694 4958 est,
3721 4901 3769 4946 et
3798 4895 3996 4960 propter

2428 5004 2588 5072 legem
2612 5009 2755 5052 tuam
2777 4994 3002 5050 sustinui
3030 5002 3100 5056 te,
3130 4991 3363 5045 Domine.
3402 4987 3718 5057 Propitiatio
3740 4977 3896 5054 [haec]
3917 4987 3996 5034 est

2429 5071 2646 5162 sanguis
2666 5087 2883 5149 Christi,
2909 5086 3000 5156 qui
3031 5087 3136 5138 nos
3155 5082 3403 5135 liberavit
3426 5095 3456 5134 a
3484 5078 3742 5135 servitute
3772 5071 3992 5136 timoris,

2430 5149 2560 5254 qua:
2580 5183 2631 5236 in
2664 5181 2778 5249 lege
2809 5149 3127 5231 fuit'veteri.
3167 5170 3408 5226 Sustinui
3440 5180 3508 5230 te,
3545 5165 3785 5230 Domine,
3817 5163 3868 5218 id
3897 5149 4020 5244 εει(

2431 5251 2641 5344 speravi
2691 5270 2744 5322 in
2793 5275 2866 5327 te,
2908 5261 3152 5325 Domine,
3185 5261 3323 5315 sicut
3360 5260 3414 5313 in
3454 5256 3560 5310 alio
3596 5253 3800 5324 psalmo
3835 5251 3990 5306 dicit:

2433 5336 2753 5428 Exspectans
2776 5350 3063 5420 exspectavi
3092 5348 3393 5408 Dominum,
3414 5356 3459 5398 et
3486 5344 3702 5413 respexit
3727 5359 3807 5394 me
3833 5336 3993 5408 (ρωι.

2433 5464 2619 5511 xxxix,
2647 5447 2737 5515 2):
2771 5441 3077 5514 exspectavi
3105 5454 3203 5509 per
3227 5451 3401 5506 spem,
3433 5441 3489 5490 et
3515 5432 3745 5502 respexit
3783 5441 3869 5482 me
3904 5440 3993 5498 per

2438 5533 2879 5595 misericordiam.

2506 5629 2668 5681 Vens.
2697 5625 2748 5679 5.
2777 5654 2847 5664 --
2879 5618 3143 5677 Sustinuit
3168 5615 3344 5669 anima
3371 5631 3484 5668 mea
3515 5615 3572 5666 in
3610 5609 3814 5664 verbum
3841 5617 3994 5668 tuum,

2439 5722 2676 5780 Domine,
2717 5715 2938 5787 speravit
2985 5712 3161 5764 anima
3210 5726 3324 5762 mea
3372 5709 3425 5760 in
3471 5704 3711 5757 Domino.
3767 5699 3822 5755 In
3867 5693 3995 5766 quod

2443 5813 2658 5867 verbum
2705 5803 3001 5863 sustinuit?
3056 5801 3109 5855 In
3150 5799 3411 5860 Verbum,
3462 5794 3601 5865 qum!
3647 5806 3772 5848 caro
3810 5788 3995 5840 factum
