4338 6404
214 451 315 506 633

971 448 1485 506 EXEGETICA.~—
1524 449 1881 531 EXPOSITIO
1919 450 1983 504 ΙΝ
2025 451 2213 505 PSA]...
2254 452 2685 509 GRADUMS.

3321 450 3422 504 638

214 570 329 623 est,
376 558 613 629 speravit
648 557 825 613 anima
861 572 1011 619 mea;
1063 573 1158 626 per
1193 558 1334 625 quod
1364 557 1595 615 Verbum
1641 558 1770 611 mihi
1798 562 1844 617 Α
1873 559 2152 619 veritatis;
2203 560 2319 614 ideo
2358 561 2678 614 retribuetur
2709 561 2789 614 eis
2832 561 2884 615 in
2926 560 3204 614 animabus
3231 558 3426 631 anlit..

213 651 390 704 omnia
433 649 680 703 dimisisti
722 660 963 718 peccata.
1016 647 1119 704 Sed
1164 650 1337 703 adhuc
1379 657 1560 718 sperat
1590 651 1771 702 anima

213 754 328 793 mea
360 739 416 793 in
444 738 687 792 Domino.
737 736 872 803 Quid
902 738 1122 806 sperat?
1167 738 1554 791 Remissionem
1580 752 1772 804 pecca-

216 834 390 879 torum
412 826 669 895 recipere.
703 824 807 879 Sed
827 826 991 895 386
1009 825 1182 879 adhuc
1203 826 1365 879 vitam
1391 834 1641 879 aeternam
1668 840 1773 891 non

216 924 369 972 teneo
393 934 406 969 :
437 924 493 970 et
510 915 633 985 quia
657 913 828 969 fecisti
852 915 991 983 quod
1020 916 1331 983 promisisti,
1355 930 1510 983 spero
1534 923 1583 968 te
1608 914 1772 969 factu-

215 1021 331 1060 rum
361 1020 483 1062 esse
508 1005 651 1076 quod
678 1006 853 1059 adhuc
880 1014 1073 1069 restat,
1101 1014 1161 1058 ut
1187 1014 1307 1074 post
1333 1006 1773 1059 resurrectionem

211 1095 448 1150 omnium
472 1097 639 1149 vitam
664 1105 917 1150 mternam
948 1097 1226 1165 accipiam.

279 1184 442 1239 Vsus.
473 1183 525 1238 6.
550 1214 622 1224 -—
664 1185 707 1237 Α
736 1184 972 1238 custodia
998 1185 1255 1237 matutina
1283 1198 1444 1252 usque
1480 1182 1548 1235 ad
1577 1191 1774 1235 noctem

210 1282 376 1342 speret
400 1271 568 1327 Israel
590 1275 645 1327 in
668 1273 912 1327 Domino.
951 1272 1200 1327 Custodia
1222 1275 1481 1341 matutina
1506 1271 1776 1342 [Christus

212 1364 507 1418 resurrexit
531 1363 720 1433 (Edit.,
762 1372 846 1417 est
872 1362 1135 1426 Christus,
1183 1364 1272 1432 qui
1317 1362 1675 1433 resurrexit”,
1721 1364 1773 1415 in

212 1467 319 1520 quo
346 1467 535 1506 omnes
563 1453 926 1513 resurrecturi
946 1466 1159 1514 smnus;
1208 1452 1326 1505 ideo
1366 1467 1425 1505 ex
1472 1450 1559 1503 illa
1590 1466 1772 1503 resur-

211 1539 464 1595 rectionis
491 1554 602 1595 sua:
628 1539 805 1609 vigilia
836 1554 1004 1609 usque
1033 1537 1099 1591 ad
1125 1546 1332 1591 noctem
1350 1578 1363 1597 ,
1400 1538 1453 1591 id
1480 1546 1582 1599 est,
1615 1536 1773 1590 ﬁnem

210 1632 395 1687 mundi
414 1646 601 1685 omnes
626 1632 800 1684 sancti
822 1638 1038 1698 sperent
1065 1630 1119 1683 in
1152 1627 1403 1683 Domino;
1436 1637 1490 1681 et
1514 1628 1625 1681 haec
1656 1644 1777 1695 spes

210 1722 333 1775 inde
358 1721 660 1776 certissima
686 1728 797 1782 est,

281 1810 444 1864 Vsus.
475 1810 527 1865 7.
549 1840 620 1851 —
657 1809 794 1876 Quia
819 1810 956 1879 apud
986 1809 1266 1863 Dominum
1294 1811 1649 1863 misericordia
1676 1818 1772 1872 est,

1873 647 2139 719 manibus]
2176 648 2384 703 illorum
2410 666 2423 701 :
2455 648 2590 715 Quia
2618 659 2830 718 propter
2860 647 3222 703 inﬁdelitatem
3260 648 3431 703 schis-

1874 739 2033 792 matis
2058 740 2110 791 in
2136 739 2310 792 anima
2340 747 2677 794 recesserunt
2704 756 2733 792 a
2763 739 2888 802 ﬁde,
2918 740 3035 793 ideo
3064 739 3116 792 in
3141 742 3317 793 anima
3342 753 3429 792 re-

1873 828 2078 895 cepturi
2106 836 2282 889 erunt,
2310 828 2567 895 quidquid
2594 836 2922 882 meruerunt.

1946 920 2106 973 Vens.
2138 920 2191 973 ὅ.
2216 949 2287 958 -
2317 918 2499 988 Speret
2527 918 2693 974 Israel
2728 920 2781 972 in
2807 920 3050 983 Domino,
3086 920 3175 987 qui
3202 928 3285 973 est
3308 933 3429 985 spes

1873 1010 2109 1060 omnium
2138 1008 2301 1061 Deum
2328 1009 2641 1063 videntium.
2694 1009 2779 1063 Ex
2805 1010 2898 1062 hoc
2925 1026 3059 1063 nunc
3102 1021 3147 1071 et
3189 1025 3346 1078 usque
3374 1010 3429 1062 in

1872 1099 2264 1165 sempiternum,
2295 1095 2346 1151 id
2371 1104 2483 1159 est,
2510 1112 2678 1167 usque
2712 1098 2779 1152 ad
2804 1098 3190 1161 aeternitatem,
3236 1098 3290 1151 in
3327 1113 3429 1166 qua

1876 1185 2191 1249 videbimus,
2222 1186 2272 1239 in
2299 1200 2455 1254 quem
2482 1202 2622 1239 nunc
2649 1200 2947 1253 speramus.

2365 1273 2681 1329 PSALMUS
2719 1273 2950 1329 CXXXI.

1946 1366 2104 1420 Venit
2140 1366 2228 1419 hic
2269 1365 2500 1433 przevius
2529 1372 2723 1417 nostra:
2754 1362 2903 1434 [Hs.,
2934 1362 3137 1434 noster]
3166 1362 3433 1417 ascensio-

1875 1454 1978 1515 nis,
2010 1461 2063 1507 et
2092 1452 2157 1505 ad
2185 1446 2404 1520 gradum
2437 1452 2878 1515 mansuetudinis,
2914 1452 2966 1505 in
2999 1467 3104 1519 qua
3134 1449 3432 1519 exemplum

1875 1542 2027 1597 nobis
2056 1540 2377 1595 sanctissimi
2408 1539 2573 1593 David
2600 1540 2895 1608 proposuit,
2922 1542 3074 1608 quasi
3105 1556 3171 1595 ex
3196 1557 3291 1595 sua
3316 1556 3436 1610 per-

1875 1648 2005 1687 sona
2035 1631 2218 1686 dicens
2240 1648 2251 1682 :

1944 1721 2104 1774 Vens.
2137 1720 2187 1772 ί.
2214 1748 2282 1758 -
2326 1718 2604 1781 Memento,
2650 1718 2889 1784 Domine,
2935 1717 3126 1783 Dauid,
3172 1728 3219 1771 et
3269 1720 3435 1771 omnis

1876 1809 2287 1863 mansuetudinis
2311 1809 2443 1875 ejus.
2478 1808 2643 1861 David
2668 1823 2825 1861 manu
2852 1806 3008 1863 fortis
3036 1809 3434 1875 interpretatur,

207 1908 257 1951 et
286 1899 496 1968 copiosa
522 1899 663 1967 apud
689 1915 806 1952 eum
836 1898 1134 1967 redemptio.
1178 1896 1281 1952 Per
1310 1898 1458 1957 illum
1484 1899 1663 1966 itaque
1694 1913 1778 1952 re-
1810 1898 1853 1958 Β
1878 1900 1969 1969 qui
2006 1900 2157 1968 juxta
2189 1898 2464 1952 historiam
2495 1896 2731 1965 pepercit
2766 1895 2983 1949 inimico
3014 1895 3272 1965 quaerenti
3312 1895 3433 1948 ani—

209 1986 411 2055 dempti
437 2000 644 2050 sumus,
673 2001 771 2057 per
794 1985 944 2040 illum
970 1984 1323 2039 resurrecturi
1348 1992 1550 2038 sumus“.

282 2078 445 2133 Vens.
476 2075 530 2131 8.
553 2107 622 2117 —
649 2075 769 2147 Ipse
799 2079 1013 2131 redimet
1043 2076 1213 2131 Israel
1239 2093 1303 2131 ea:
1327 2077 1561 2130 omnibus
1588 2077 1781 2146 iniqui-

207 2167 403 2221 tutibus
429 2168 560 2233 suis.
609 2166 736 2239 [Ubi
769 2168 1221 2235 superabundavit
1254 2154 1557 2238 peccatum}
1590 2182 1778 2237 super—

209 2256 497 2312 abundavit
534 2258 744 2328 gratia:
783 2256 955 2328 gratia
992 2257 1137 2311 enim
1170 2258 1263 2311 Dei
1301 2257 1492 2311 salvati
1530 2266 1657 2311 sunt
1686 2271 1783 2328 per

209 2346 390 2413 ﬁdem,
421 2347 491 2403 ab
516 2346 767 2402 omnibus
798 2346 1169 2416 iniquitatibus
1200 2348 1331 2400 suis.
1372 2345 1572 2401 Omnes
1597 2345 1783 2402 ﬁdeles

210 2436 427 2492 nomine
456 2435 609 2508 [ιιι.
639 2436 858 2507 nomen}
886 2434 1102 2490 lsraelis
1127 2433 1401 2504 designat,
1442 2438 1784 2504 quia‘omnes

208 2540 305 2594 per
349 2527 623 2595 copiosam
673 2524 1097 2595 redemptionem
1151 2524 1361 2578 Domini
1408 2522 1534 2576 Jesu
1582 2522 1782 2579 Christi

212 2615 472 2685 redempti
510 2624 638 2669 sunt
673 2615 741 2670 ab
767 2614 1015 2669 omnibus
1045 2614 1414 2682 iniquitatibus
1449 2612 1579 2665 suis.
1630 2612 1782 2667 Scire

212 2706 467 2766 debemus
494 2704 636 2775 quod
666 2705 719 2759 in
751 2704 1181 2775 aliquibuslocis
1221 2704 1274 2757 in
1316 2703 1399 2757 his
1438 2701 1657 2770 psalmis
1693 2716 1784 2755 so-

213 2807 344 2871 nant
370 2796 531 2850 verba
554 2795 710 2865 quasi
738 2794 806 2849 de
830 2794 1035 2856 multis,
1077 2794 1217 2848 sicut
1250 2792 1337 2847 ubi
1372 2793 1446 2846 ait
1475 2811 1487 2844 :
1535 2790 1783 2845 Miserere

214 2891 377 2948 nostri
420 2883 799 2964 [Isn‘nobis],
848 2883 1089 2950 Domine,
1138 2886 1382 2939 miserere
1430 2884 1613 2947 nostri,
1658 2883 1782 2954 quia

215 2976 435 3032 multum
484 2976 659 3049 repleti
705 2991 882 3029 sumus
928 2973 1248 3045 despectione
1277 2974 1446 3045 (Psal.
1476 2990 1618 3028 cxxu
1644 3012 1660 3036 ,
1704 2971 1780 3043 5).

217 3069 273 3124 In
299 3070 569 3139 aliquibus
595 3070 732 3125 sicut
757 3068 823 3123 de
848 3081 975 3131 uno,
1005 3065 1095 3119 ubi
1125 3064 1235 3118 ait:
1270 3064 1346 3117 De
1373 3063 1647 3134 profundis
1677 3062 1786 3117 cla-

215 3159 349 3213 mavi
375 3158 444 3211 ad
471 3167 540 3222 te,
564 3156 803 3211 Domine.
844 3156 911 3210 Et
938 3156 1041 3209 hoc
1069 3152 1233 3225 [ideo]
1261 3154 1388 3222 quia
1421 3151 1572 3205 multi
1598 3166 1784 3205 sumus

1879 2005 2023 2045 mam
2052 2003 2244 2043 suam:
2280 1986 2588 2057 signiﬁcans
2616 1984 2887 2039 Christum
2930 1994 3168 2038 nostrum
3213 1982 3437 2038 bellato-

1882 2092 2013 2151 rem,
2041 2077 2133 2145 qui
2158 2075 2596 2144 superbissimum
2621 2071 2833 2131 Goliath
2861 2072 3087 2142 propria:
3115 2069 3441 2128 fortitude

1878 2166 2053 2237 lapide
2090 2165 2413 2236 prostravit,
2462 2172 2516 2217 et
2562 2163 2744 2226 nobis,
2790 2179 2913 2219 cum
2950 2163 3152 2219 inimici
3179 2178 3437 2224 essemus,

1880 2263 2190 2310 mansuetus
2225 2262 2308 2309 est
2342 2240 2533 2316 factus,
2583 2260 2643 2306 ut
2686 2268 2784 2307 nos
2830 2251 2946 2320 ejus
2991 2252 3233 2321 exemplo
3266 2253 3440 2308 edocti

1880 2349 2145 2402 mansueti
2169 2347 2337 2401 simus
2359 2353 2414 2400 et
2439 2350 2615 2399 mites.

1954 2438 2115 2495 Vsus.
2150 2438 2272 2494 2-5.
2295 2467 2367 2478 —
2404 2435 2554 2493 Sicut
2585 2436 2784 2507 jurarit
2821 2434 3067 2499 Domino,
3110 2444 3279 2490 votum
3312 2435 3440 2489 oocit

1881 2526 1991 2580 Dee
2020 2526 2202 2581 Iacob.
2241 2523 2434 2581 iurare
2463 2525 2587 2588 Dei,
2618 2532 2703 2579 est
2729 2524 3097 2594 promissionis
3123 2538 3232 2578 sua:
3258 2530 3441 2578 votum

1881 2617 2164 2672 ostendere
2186 2615 2337 2689 μίση
2357 2615 2743 2686 promissiones
2763 2631 2887 2670 suas
2906 2601 3232 2686 ostendere].
3261 2612 3443 2668 Votum

1884 2710 2013 2762 novit
2039 2707 2148 2761 Deo
2172 2707 2358 2763 Iacob.
2392 2707 2530 2775 Quid
2556 2716 2641 2763 est
2666 2716 2846 2761 votum
2872 2706 3071 2762 Christi
3091 2748 3105 2770 ,
3136 2707 3238 2761 nisi
3266 2714 3325 2760 ut
3354 2722 3441 2761 re-

1881 2795 2111 2853 dimeret
2138 2795 2432 2849 humanum
2472 2796 2678 2865 genus"?
2730 2794 2882 2849 Unde
2917 2794 2993 2849 ait
3026 2792 3079 2847 in
3117 2793 3441 2863 Evangelia:

1850 2882 2166 2955 Opus387
2180 2885 2558 2948 consummavi,
2580 2884 2718 2953 quod
2744 2868 2930 2937 dedisti
2957 2884 3084 2937 milii
3108 2883 3285 2952 (Joan.
3311 2898 3445 2945 XVII.

1883 2972 1960 3040 4).
1998 2970 2189 3027 Votum
2214 2974 2345 3027 novit
2372 2971 2479 3026 Deo
2503 2971 2688 3027 Iacob.
2739 2972 2797 3026 In
2836 2971 3181 3040 sequentibus
3222 2970 3436 3029 demum

1885 3072 2020 3117 strat
2048 3062 2175 3132 quid
2200 3062 2435 3117 vovisset
2458 3061 2587 3125 Deo,
2628 3061 2681 3115 id
2714 3068 2818 3125 est,
2857 3071 2916 3115 ut
2956 3060 3217 3114 inveniret
3252 3058 3444 3131 [Edit.,

1886 3151 2169 3223 invenerit]
2193 3151 2593 3209 tabernaculum
2619 3151 2729 3205 Deo
2754 3149 2938 3215 Iacob,
2956 3151 3007 3205 id
3030 3160 3133 3225 est,
3154 3150 3445 3206 Ecclesium

218 3252 270 3305 in
307 3249 595 3311 membris,
636 3263 801 3304 unum
831 3255 1008 3301 autem
1040 3246 1093 3300 in
1122 3244 1334 3299 Christo
1361 3261 1372 3295 :
1415 3251 1469 3321 et
1502 3256 1687 3295 omnes
1728 3241 1781 3293 in
1810 3230 1858 3291 C
1887 3249 2146 3300 sanctam,
2178 3243 2243 3294 de
2271 3256 2379 3309 qua
2405 3242 2601 3295 dicitur
2628 3242 2683 3295 in
2712 3240 2817 3297 alio
2843 3240 3080 3309 psalmo:
3113 3239 3278 3306 Quam
3304 3255 3451 3293 amu-

218 3355 323 3392 uno
357 3337 667 3408 loquuntur,
713 3346 771 3390 et
811 3352 949 3391 unus
979 3336 1032 3389 in
1058 3334 1305 3391 omnibus
1339 3332 1595 3403 loquitur.
1648 3330 1788 3385 Dicit

216 3428 358 3483 enim
386 3428 487 3483 iste
514 3439 805 3482 ascensor:

713 3535 1032 3593 PSALMUS
1075 3535 1287 3590 CXXX.

286 3629 449 3685 Vens.
482 3629 530 3682 Ι.
552 3659 625 3668 -
662 3626 897 3689 Domine,
928 3640 1032 3678 non
1058 3622 1443 3676 est~exaltatum
1476 3639 1566 3677 cor
1590 3638 1784 3685 meum,

217 3736 375 3790 neque
392 3719 517 3774 elati
539 3710 817 3773 sunt'oculi
838 3717 957 3771 mei.
983 3713 1319 3769 Sacrilicium
1340 3714 1450 3767 Deo
1468 3713 1787 3767 humilitatis

217 3807 373 3863 offert
417 3807 472 3861 in
515 3809 601 3864 bis
627 3809 808 3862 verbis
832 3848 847 3869 .
898 3808 1038 3863 sicut
1076 3806 1128 3860 in
1169 3804 1274 3858 alio
1311 3802 1516 3873 psalmo
1548 3801 1781 3872 legitur:

221 3896 576 3970 [Sacri/icium
606 3895 736 3967 Deo]
760 3897 972 3964 spiritus
997 3894 1393 3958 contribulatus,
1444 3893 1497 3947 id
1536 3901 1638 3954 est,
1684 3892 1785 3947 hu-

220 3988 453 4042 miliatus
478 3984 647 4058 (Psal.
677 4002 724 4047 ι,
756 3986 865 4057 19).
898 3986 1065 4056 Magis
1094 3987 1274 4055 itaque
1300 3988 1479 4041 audita
1511 3994 1593 4041 est
1618 3986 1791 4040 humi-

216 4078 398 4134 liantis
422 4076 573 4150 [ιι.
595 4074 882 4147 humiliati]
909 4075 1174 4145 publicani
1198 4076 1393 4137 oratio,
1414 4091 1575 4144 quam
1604 4090 1790 4144 super-

215 4172 413 4226 bientis
439 4170 718 4226 Pharistei.
761 4168 941 4240 Neque
968 4166 1090 4221 elati
1116 4176 1236 4221 sunt
1263 4166 1397 4219 oculi
1427 4167 1549 4218 mei.
1589 4165 1789 4220 Oculos

214 4261 398 4318 cordis
432 4261 602 4315 elatos
646 4276 751 4316 non
785 4274 905 4315 esse
948 4258 1112 4321 dixit,
1159 4255 1251 4311 sed
1295 4255 1619 4318 humiliatos,
1661 4256 1788 4324 quia

218 4349 460 4405 omnium
488 4347 750 4402 bonorum
777 4348 1017 4403 custodia
1042 4356 1125 4403 est
1150 4346 1444 4401 humilitas.
1481 4344 1659 4415 Neque
1680 4360 1789 4397 om-

218 4440 392 4494 bulat'i
415 4440 469 4493 in
507 4440 731 4508 magnis,
760 4454 921 4506 neque
952 4440 1007 4490 in
1026 4437 1347 4491 mirabilibus
1376 4452 1530 4505 super
1552 4451 1653 4489 me.
1681 4434 1791 4489 Nec

218 4531 439 4599 quaesivi
457 4572 473 4596 ,
501 4539 562 4585 ut
588 4543 811 4600 magnus
837 4542 1009 4582 essem
1045 4528 1185 4581 inter
1212 4528 1476 4590 homines,
1505 4536 1600 4580 aut
1625 4528 1789 4580 mira-

222 4619 345 4675 bilis
371 4618 615 4691 l‘aciendo
640 4621 789 4691 signa
829 4626 884 4673 et
919 4616 1174 4673 miracula
1200 4634 1213 4668 :
1245 4617 1369 4685 quia
1396 4616 1543 4685 signa
1572 4625 1791 4684 propter

222 4688 466 4766 inﬁdeles
488 4712 611 4765 data
636 4688 779 4777 sunt,
815 4727 919 4767 non
948 4718 1166 4781 propter
1194 4708 1399 4771 ﬁdeles,
1430 4716 1487 4759 ut
1516 4721 1612 4777 per
1638 4708 1789 4777 signa

221 4801 538 4866 crederent,
585 4802 675 4870 qui
714 4817 815 4872 per
837 4802 1246 4871 praedicationes
1280 4813 1386 4853 non
1423 4794 1787 4852 crediderunt.

226 4892 378 4949 Unde
407 4892 644 4949 subdidit
666 4906 680 4945 :
704 4928 709 4933 ι
934 4888 935 4907 ¹

294 4984 455 5040 Vm
486 4983 541 5038 2.
561 5012 640 5028 --
662 4981 722 5038 Si
752 4997 854 5035 non
884 4978 1147 5045 humiliter
1170 4981 1479 5043 sentiebam,
1523 4980 1613 5034 sed
1642 4979 1789 5033 exal-

224 5072 327 5123 tavi
354 5073 584 5127 animam
614 5088 819 5127 meam:
850 5071 982 5125 sicut
1018 5068 1308 5122 obluctatus
1344 5078 1417 5121 est
1451 5084 1604 5136 super
1630 5079 1794 5121 matre

252 5174 350 5223 ua,
399 5162 475 5213 ita
522 5164 788 5217 retributio
820 5162 876 5216 in
904 5161 1080 5214 animo
1108 5175 1242 5212 mea.
1284 5158 1547 5212 Videntur
1574 5158 1795 5211 maledi-

223 5250 365 5305 ction
398 5265 459 5305 in
488 5266 682 5308 sonare
708 5254 763 5307 hi
790 5254 896 5308 duo
916 5260 1137 5311 versus,
1180 5259 1236 5305 et
1276 5250 1342 5303 ad
1366 5248 1651 5303 haereticos
1676 5264 1795 5315 per—

226 5340 399 5396 tinere
449 5342 540 5413 qui
572 5356 680 5395 non
708 5344 892 5397 volunt
937 5342 1206 5399 humiliari
1252 5340 1307 5394 in
1353 5353 1485 5409 pace
1513 5339 1791 5402 Ecclesiae,

227 5430 319 5485 sed
361 5444 413 5477 ex
442 5432 587 5487 ritari
634 5430 688 5485 in
731 5434 967 5487 schisma
1014 5432 1268 5488 doctrina:
1312 5444 1440 5483 sure.
1495 5428 1793 5485 Noluerunt

231 5521 416 5575 maris
445 5522 697 5578 Ecclesia:
743 5522 878 5577 lacte
907 5524 1136 5588 nutriri,
1162 5530 1221 5577 ut
1248 5520 1313 5575 ad
1338 5518 1566 5575 solidum
1593 5520 1791 5582 cibum,

229 5609 317 5681 qui
345 5607 593 5666 Christus
622 5621 721 5675 est,
754 5610 1117 5683 pervenirent.
1162 5612 1285 5669 Ideo
1310 5607 1716 5664 ablactatisnnt
1742 5617 1797 5662 et

231 5713 258 5752 a
287 5710 457 5757 matre
484 5700 715 5770 repulsi,
759 5701 882 5770 quia
914 5715 942 5752 a
972 5699 1108 5753 lacte
1132 5700 1344 5770 pietatis
1374 5696 1567 5753 nutriri
1609 5696 1793 5751 nolue—

235 5798 383 5842 runt:
412 5797 461 5841 et
486 5797 605 5842 sunt
632 5789 875 5843 dederes
902 5787 1119 5850 erroris,
1144 5802 1263 5841 cum
1294 5803 1396 5842 non
1422 5787 1525 5840 sint
1549 5785 1792 5856 discipuli

1887 3331 2012 3385 bilia
2038 3338 2159 3383 sunt
2186 3330 2523 3383 tabernacula
2550 3340 2662 3392 tua,
2685 3330 2903 3389 Domine
2930 3330 3100 3400 (Psal.
3124 3346 3346 3395 Lxxxm,
3369 3330 3447 3400 ἲ).

1888 3419 1993 3475 Sed
2036 3434 2154 3481 nos,
2206 3418 2253 3473 si
2298 3418 2433 3473 bene
2474 3419 2759 3488 egerimus,
2812 3418 3208 3472 tabernaculum
3250 3420 3453 3475 erimus

1887 3507 2020 3573 Dei,
2072 3517 2127 3562 et
2174 3507 2431 3577 templum
2465 3502 2570 3578 Dei
2600 3507 2747 3571 vivi,
2796 3507 2934 3562 sicut
2962 3505 3097 3561 dixit
3122 3506 3447 3576 Apostolus:

1890 3598 2155 3668 Templum
2192 3597 2291 3651 Dei
2328 3600 2450 3653 estis
2490 3615 2596 3653 eos.
2648 3597 2801 3653 Nulla
2830 3614 2929 3653 nos
2959 3595 3153 3669 [Edit.,
3184 3597 3301 3671 vos]
3332 3597 3453 3653 dor-

1886 3686 2116 3749 mitatio,
2146 3683 2288 3737 nulla
2316 3684 2598 3739 oblectatio
2628 3687 2826 3750 carnis,
2858 3686 3000 3739 nulla
3023 3686 3243 3741 ambitio
3272 3687 3453 3745 muli

1888 3776 2188 3837 deterreat,
2226 3783 2286 3828 ut
2320 3774 2729 3841 tabernaculum
2749 3775 2857 3828 Deo
2887 3789 2993 3830 non
3020 3774 3355 3830 inveniamus
3396 3774 3453 3830 in
3554 3820 3557 3823 ς

1890 3867 2307 3936 nobismetipsis.
3420 3884 3426 3891 ·

1960 3961 2123 4016 Vens.
2152 3960 2203 4015 6.
2230 3991 2301 4003 ——
2327 3959 2462 4015 Ecce
2488 3958 2778 4013 audirimus
2806 3973 2919 4012 eam
2947 3959 3002 4010 in
3026 3955 3278 4028 Epirrata,
3307 3957 3452 4012 inre-

1890 4058 2060 4110 nimus
2087 4071 2203 4109 eam
2226 4054 2280 4107 in
2306 4053 2501 4123 campis
2527 4051 2688 4107 silvce.
2724 4050 2962 4121 Ephrata
2987 4048 3260 4120 speculum
3288 4050 3455 4105 inter-

1888 4153 2164 4215 pretatur;
2209 4146 2261 4199 in
2291 4142 2508 4214 speculo
2536 4142 2796 4214 imagines
2822 4141 3251 4211 conspiciuntur;
3292 4140 3457 4212 signi-

1890 4242 2016 4296 ﬁcat
2046 4238 2361 4309 prophetas,
2408 4236 2501 4306 qui
2549 4250 2643 4303 per
2690 4234 2974 4305 imaginem
3019 4232 3185 4290 loculi
3227 4240 3350 4288 sunt
3391 4233 3461 4289 de

1891 4332 2066 4387 futura
2097 4330 2253 4384 domo
2286 4328 2406 4388 Dei,
2438 4341 2600 4394 quam
2633 4325 2935 4380 invenimus
2966 4325 3019 4379 in
3048 4325 3253 4393 campis
3286 4324 3450 4387 silvia,

1892 4424 1964 4477 ibi
1992 4420 2294 4476 audivimus
2331 4416 2398 4470 de
2432 4413 2592 4469 domo
2638 4413 2763 4477 Dei,
2814 4414 2866 4467 id
2911 4422 3025 4477 est,
3071 4415 3123 4466 in
3169 4413 3452 4468 latitudine

1894 4514 2089 4588 [Edit.,
2116 4506 2415 4580 altitudine]
2460 4505 2697 4578 gentium
2718 4546 2733 4569 ,
2771 4518 2891 4573 quae
2913 4503 3167 4573 vepribus
3200 4510 3256 4558 et
3286 4504 3457 4573 spinis

1893 4611 2235 4674 peccatorum
2262 4600 2449 4654 obsita:
2486 4605 2648 4651 sunt:
2685 4596 2779 4651 sed
2825 4594 2898 4651 ibi
2940 4603 3025 4650 est
3068 4594 3224 4650 modo
3266 4595 3460 4651 domus

1896 4699 2018 4763 Dei,
2056 4706 2110 4751 et
2138 4695 2376 4750 Ecclesia
2403 4691 2634 4754 Christi,
2666 4690 2733 4746 de
2760 4704 2865 4758 qua
2892 4688 3165 4757 propheta:
3190 4686 3456 4757 prcedixe~

1892 4796 2035 4843 runt.

1962 4880 2123 4934 Vens.
2171 4876 2223 4928 7.
2267 4904 2339 4917 -ο
2383 4872 2721 4927 Introibimus
2774 4870 2829 4923 in
2877 4868 3268 4923 tabernaculum
3318 4869 3453 4939 ejus.

1892 4966 2095 5037 Cujus?
2130 4966 2223 5021 Dei
2243 4963 2427 5018 Iacob.
2458 4960 2737 5029 Quomodo
2758 4960 3116 5015 introihimus.
3150 4961 3254 5016 Per
3274 4961 3451 5013 ﬁdem.

1895 5060 2238 5116 Adorabimus
2269 5058 2324 5111 in
2355 5056 2489 5119 loco,
2517 5054 2603 5108 ubi
2632 5062 2879 5107 steterunt
2906 5052 3057 5122 pedes
3081 5052 3212 5121 ejus.
3254 5048 3457 5119 Cujus?

1894 5152 2090 5209 Christi
2137 5148 2347 5204 Domini
2396 5146 2598 5209 nostri,
2650 5145 2741 5199 ubi
2787 5144 3009 5213 vestigia
3056 5138 3452 5210 conspiciuntur

1893 5246 2027 5313 ejus,
2051 5254 2106 5297 et
2128 5242 2200 5297 ibi
2229 5240 2483 5294 miracula
2506 5238 2977 5295 illiusuarrantur,
2998 5241 3051 5287 et
3076 5232 3455 5300 redemptionis

1895 5343 2090 5386 nostra:
2120 5332 2342 5385 ﬁrmitas
2366 5348 2377 5379 :
2416 5328 2539 5394 quia
2567 5320 2954 5390 alisque‘hujus
2978 5320 3166 5375 domus
3193 5316 3456 5375 charitate

1896 5423 2039 5475 salus
2070 5421 2258 5491 [Edit.,
2289 5414 2456 5483 solus]
2500 5430 2605 5468 non
2648 5414 3017 5468 inveniretur:
3052 5412 3124 5467 ibi
3155 5412 3458 5467 adorandus

1897 5512 2047 5583 [.ils.,
2069 5506 2419 5577 adorandum]
2444 5514 2546 5570 est,
2575 5506 2665 5560 ubi
2694 5506 2824 5559 ﬁdes
2853 5511 2996 5558 recta
3025 5518 3142 5558 esse
3170 5503 3455 5558 diceretur.

1888 5642 1898 5657 ς
1964 5604 2121 5657 Vnus.
2153 5601 2203 5653 8.
2229 5630 2299 5639 —-
2340 5598 2596 5667 Exsurge,
2638 5596 2878 5658 Domine,
2920 5597 2973 5648 in
3014 5593 3237 5664 requiem
3282 5603 3421 5646 tumn
3446 5636 3457 5651 .

1896 5707 1950 5751 tu
1993 5705 2036 5749 et
2081 5710 2202 5747 arca
2246 5690 2670 5758 sanctiﬁcationis
2694 5700 2835 5742 θείατ’.
2892 5687 3105 5743 Christo
3138 5686 3353 5749 dicitur,
3405 5697 3461 5738 ut

1894 5793 2143 5855 exsurgat
2177 5800 2204 5837 a
2239 5782 2484 5845 mortuis,
2527 5789 2579 5833 et
2620 5780 2777 5835 intret
2814 5780 2865 5834 in
2906 5780 3142 5848 requiem
3174 5775 3361 5833 suam:
3409 5776 3459 5830 id
