4338 6424
696 459 803 512 635

1571 456 1632 511 Β.
1670 455 1733 510 F.
1774 453 1996 509 ALBINI
2035 452 2165 507 SEU
2193 449 2479 545 .ALCUINI
2517 450 2801 508 OPERUM
2837 448 3017 506 PARS
3055 449 3108 505 ll.

3838 451 3940 507 656

690 576 792 630 est.
822 576 945 637 post
974 567 1212 624 laborem
1243 567 1508 638 passionis
1538 568 1590 621 in
1621 567 1865 635 requiem
1891 566 2127 622 etelestis
2153 565 2267 636 glo—
2297 569 2345 625 Α
2372 565 2456 618 hic
2474 563 2735 628 habitabo,
2758 564 3006 635 quoniam
3029 563 3160 636 elegi
3183 579 3318 619 eam.
3353 563 3456 622 Ista
3481 565 3574 623 Dei
3600 566 3763 622 verba
3787 577 3941 634 sunt;

692 659 807 710 rite.
860 653 939 710 Tu
984 666 1032 710 et
1080 674 1206 710 arca
1250 657 1679 724 sanctiﬁcationis
1725 667 1848 710 tute.
1899 655 2039 709 Area
2074 654 2274 709 Christi

598 803 601 805 _
700 744 938 802 Ecclesia
965 756 1050 802 est
1073 746 1296 801 Christi.
1327 746 1673 802 Resurrectio
1694 745 1970 816 praecessit
1999 747 2052 799 in
2079 745 2272 813 capite,

693 849 814 903 qua:
832 844 1080 890 secutura
1105 833 1298 906 [Edit.,
1321 833 1531 905 secuta]
1554 835 1659 888 erit
1686 834 1742 886 in
1771 832 2052 896 membris,
2075 840 2135 885 ut
2158 830 2275 895 ﬁat,

697 926 840 994 quod
869 927 984 995 ipsa
1012 927 1226 980 Veritas
1253 927 1364 982 ait:
1406 923 1556 989 Volo,
1588 923 1768 988 Pater,
1797 932 1852 976 ut
1875 923 1962 976 ubi
1999 939 2091 992 ego
2126 914 2274 986 sum,

695 1025 744 1069 et
773 1016 860 1070 isti
887 1017 989 1069 sint
1019 1032 1238 1068 mecum.

770 1104 932 1159 Vens.
957 1104 1009 1158 9.
1027 1133 1092 1144 -—
1124 1102 1432 1158 Sacerdotes
1453 1104 1529 1156 tui
1554 1102 1845 1156 induantur
1866 1100 2012 1173 [3|s.,
2031 1101 2276 1171 induant]

688 1194 976 1264 justitiam,
1008 1204 1054 1246 et
1086 1194 1252 1246 sancti
1278 1193 1356 1245 tui
1385 1192 1644 1246 laetentur.
1680 1191 1990 1246 Sacerdotis
2019 1199 2102 1244 est
2124 1190 2280 1256 justi—

699 1284 828 1337 tiam
860 1282 1175 1352 prtedicare,
1217 1289 1274 1336 et
1315 1282 1577 1350 exemplis
1604 1277 1926 1345 ostendere;
1974 1280 2152 1350 populi
2199 1288 2281 1336 est

700 1373 935 1443 gaudere
985 1372 1039 1426 in
1083 1371 1334 1439 justitia,
1399 1379 1454 1424 et
1505 1371 1847 1425 sacerdotum
1900 1369 2280 1440 praedicatione

703 1463 899 1534 [Edit.,
947 1463 1200 1534 gaudium
1227 1497 1336 1517 .....
1366 1461 1720 1533 praedicatio].
1776 1461 1906 1516 ltem
1939 1480 1951 1514 :
1992 1462 2283 1515 induantur

701 1552 1011 1607 sacerdotes
1034 1552 1136 1607 ﬁde
1160 1562 1214 1607 et
1236 1567 1351 1621 spe,
1375 1553 1654 1621 sanctique
1679 1552 1968 1617 laetentur;
1990 1554 2116 1620 quia
2143 1552 2284 1604 sicut

698 1644 948 1698 Christus
977 1644 1212 1696 surrexit
1240 1644 1291 1696 in
1318 1642 1509 1710 gloria,
1539 1644 1613 1695 ita
1639 1649 1694 1694 et
1722 1641 1892 1694 sancti
1923 1655 2045 1693 cum
2066 1638 2284 1694 Christo

697 1737 996 1791 surrecturi
1025 1745 1150 1790 sunt
1175 1737 1227 1789 in
1253 1735 1442 1806 gloria.
1517 1795 1540 1806 η,

768 1825 931 1881 Vens.
962 1825 1133 1879 l0.—
1160 1823 1386 1895 Propter
1398 1823 1573 1879 Dauid
1599 1840 1803 1879 servum
1831 1833 1978 1878 tuum
2009 1841 2112 1878 non
2137 1840 2283 1878 aver-

2376 655 2491 709 h:ec
2529 654 2741 723 requies
2780 667 2928 717 mea,
2976 652 3066 708 hic
3104 655 3403 723 requiesco.
3453 653 3722 722 Quantum
3749 653 3943 729 [Edit.,

2376 740 2652 814 quoniam]
2696 757 2796 798 nos
2834 750 2982 797 amat
3018 741 3162 797 Deus
3193 739 3457 813 [fratres],
3490 751 3549 798 ut
3573 745 3698 814 quia
3728 760 3828 802 nos
3859 763 3945 802 re-

2375 833 2721 901 quiescimus,
2752 848 2812 888 se
2834 833 2978 888 dicat
3004 833 3364 904 requiescere.
3399 833 3512 888 Non
3541 834 3683 891 enim
3717 835 3828 905 ipse
3852 837 3950 892 ali-

2376 924 2590 991 quando
2615 923 2882 988 turbatur,
2914 931 3007 977 aut
3035 925 3116 978 sic
3143 924 3473 993 requiescit:
3513 924 3607 980 sed
3636 924 3710 980 ibi
3737 941 3795 981 se
3821 926 3953 982 dicit

2378 1011 2734 1079 requiescere,
2765 1011 2890 1080 quia
2919 1027 3018 1066 nos
3045 1011 3099 1066 in
3139 1012 3230 1067 illo
3259 1013 3499 1083 requiem
3529 1013 3812 1071 habemus.
3850 1014 3951 1071 Hic

2377 1101 2698 1167 inhabitabo,
2722 1107 2970 1172 quoniam
2997 1101 3127 1173 elegi
3153 1119 3288 1157 eam.

2449 1192 2611 1246 Vsus.
2644 1191 2729 1246 l5.
2757 1222 2827 1233 —
2864 1190 3090 1246 Viduam
3125 1193 3242 1263 ejus
3280 1193 3583 1248 benedicens
3622 1193 3952 1260 benedicam,

2377 1297 2626 1352 pauperes
2650 1280 2762 1350 ejus
2787 1281 3030 1355 saturabo
3055 1282 3296 1353 panibus.
3337 1281 3524 1338 Omnis
3550 1284 3727 1338 anima
3751 1301 3871 1355 quae
3897 1301 3956 1341 so

2380 1349 2626 1441 intelligit
2652 1349 2923 1427 desertam
2950 1349 3033 1428 ‘ab
3055 1349 3216 1427 omni
3247 1373 3470 1438 auxilio,
3501 1373 3603 1428 nisi
3633 1349 3801 1429 solius
3828 1375 3920 1430 Dei
3940 1417 3956 1435 .

2379 1463 2540 1517 vidua
2581 1471 2666 1517 est
2700 1463 2994 1517 secundum
3023 1463 3314 1527 saeculum,
3366 1463 3491 1534 quia
3539 1463 3792 1519 saeculum
3837 1480 3957 1519 eam

2379 1551 2580 1606 deserit
2604 1569 2615 1581 ·
2651 1566 2755 1606 non
2786 1559 2965 1607 tamen
2992 1553 3189 1608 exinde
3214 1553 3374 1606 vidua
3401 1560 3509 1617 est,
3539 1566 3658 1622 qua:
3685 1551 3958 1608 Christum

2381 1642 2544 1696 habet
2584 1641 2797 1705 virum;
2847 1642 3050 1697 idcirco
3101 1649 3288 1696 sancta
3330 1641 3569 1697 Ecclesia
3615 1644 3669 1697 in
3712 1643 3962 1698 omnibus

2381 1733 2641 1788 membris
2685 1733 2799 1788 suis
2835 1729 2994 1786 vidua
3037 1741 3151 1798 est,
3196 1749 3228 1788 a
3267 1733 3462 1788 saeculo
3503 1734 3758 1790 derelicta
3798 1741 3962 1803 atque

2383 1831 2691 1892 contempta
2712 1863 2728 1888 ,
2769 1837 2800 1876 a
2840 1819 3057 1876 Christo
3083 1829 3264 1877 autem
3293 1823 3463 1878 electa
3491 1816 3547 1879 et
3573 1832 3843 1894 sponsata.
3891 1825 3960 1879 Et

697 1927 779 1970 tas
819 1917 1010 1986 {aciem
1053 1915 1248 1970 Christi
1291 1917 1389 1968 tui.
1443 1915 1560 1969 Vox
1603 1922 1688 1970 est
1735 1914 1803 1968 ad
1853 1914 2021 1968 Deum
2070 1913 2285 1968 Patrem
2317 1912 2361 1971 Β
2387 1928 2640 1983 pauperes
2687 1912 2804 1983 ejus
2847 1911 3094 1968 saturabo
3141 1913 3384 1982 panibus.
3445 1912 3717 1984 Pauperes
3762 1914 3961 1971 Christi

698 2005 1038 2074 deprecantis
1079 2005 1395 2077 [Ecclesiaez
1448 2020 1554 2058 non
1595 2012 1806 2058 avertat
1851 2003 2042 2057 faciem
2081 2003 2284 2058 Christi

697 2094 816 2157 sui,
859 2102 1078 2162 propter
1104 2093 1385 2148 victoriam
1417 2108 1576 2163 quam
1615 2092 1744 2148 fecit
1776 2093 1841 2148 de
1879 2092 2114 2148 inimicis
2148 2095 2281 2159 suis,

698 2184 752 2238 id
781 2194 897 2250 est,
937 2193 998 2239 ut
1032 2186 1226 2239 avertit
1255 2200 1373 2240 eam
1409 2201 1440 2238 a
1468 2183 1701 2239 iudicis.
1733 2184 1785 2258 }:
1823 2191 1877 2238 et
1905 2193 2026 2255 post
2054 2186 2287 2255 plenitu—

696 2277 877 2331 dinem
913 2278 1152 2349 gentium
1182 2279 1358 2333 omnis
1396 2277 1560 2333 Israel
1603 2278 1787 2333 salvus
1819 2278 1941 2344 ﬁet,
1988 2281 2082 2349 qui
2127 2282 2288 2336 modo

695 2366 854 2440 [δικ
879 2383 986 2437 quo
1013 2368 1193 2440 modo]
1234 2369 1288 2422 in
1315 2368 1575 2438 apostolis
1599 2377 1655 2422 et
1679 2368 1903 2438 reliquis
1930 2369 2112 2425 salvus
2137 2379 2241 2426 est.

770 2461 932 2515 Vens.
965 2461 1052 2513 11.
1079 2490 1149 2500 --—
1176 2459 1385 2513 Iuravit
1421 2459 1677 2514 Dominus
1707 2458 1878 2514 Dauid
1911 2461 2208 2528 veritatem,
2239 2471 2288 2516 et

701 2566 804 2603 non
826 2550 1168 2619 frustrabitur
1187 2567 1326 2604 eum.
1357 2547 1566 2604 Juratio
1589 2550 1797 2605 Domini
1823 2550 2288 2607 conﬁrmationem

698 2641 976 2694 sententiae
1001 2641 1289 2710 signiﬁcat,
1312 2656 1411 2694 nec
1434 2639 1632 2695 frustra
1652 2642 1822 2712 jurat,
1846 2658 1947 2696 nec
1968 2643 2086 2697 sine
2108 2642 2287 2697 fructu

694 2731 803 2785 erit
829 2730 982 2803 μὴ..
1012 2747 1112 2786 nec
1138 2731 1398 2786 frustrum
1428 2731 1555 2802 erit]
1584 2733 1728 2800 quod
1754 2733 2040 2800 promittit,
2073 2734 2171 2788 sed
2197 2749 2290 2789 ve-

701 2820 918 2874 ritatem
959 2819 1149 2890 jurans
1174 2822 1459 2875 veritatem
1508 2822 1729 2892 implet,
1776 2823 1902 2892 quia
1937 2823 2138 2878 veritas
2177 2823 2288 2879 falli

702 2926 809 2966 non
840 2921 1037 2982 potest.
1079 2913 1152 2967 De
1181 2913 1356 2982 fructu
1383 2914 1577 2968 ventris
1607 2915 1903 2983 tui-ponam
1931 2931 2089 2984 super
2115 2916 2290 2971 sedem

695 3010 850 3055 tuam
879 3001 1022 3074 [Ms.,
1058 3003 1278 3074 meam],
1323 3005 1374 3057 id
1401 3012 1515 3066 est,
1549 3004 1616 3058 de
1645 3013 1799 3058 utero
1829 3006 2073 3076 virginali
2101 3024 2290 3063 nasce-

699 3102 810 3154 tur,
853 3107 1013 3157 quem
1044 3093 1237 3160 ponam
1281 3107 1442 3162 super
1479 3094 1658 3147 sedem
1701 3109 1898 3147 meam.
1955 3095 2106 3149 Exiet
2143 3097 2289 3165 virga

696 3185 765 3236 de
797 3184 971 3236 radice
998 3185 1167 3249 Jesse,
1201 3195 1248 3238 et
1283 3187 1378 3253 ﬂos
1408 3187 1471 3239 de
1507 3188 1683 3239 radice
1712 3187 1825 3256 ejus
1859 3190 2097 3241 ascendet
2127 3189 2282 3259 (Isai.

701 3289 778 3334 xl,
809 3273 882 3339 1).
927 3273 1089 3341 Virga
1123 3273 1189 3326 de
1226 3273 1407 3328 radice
1435 3276 1758 3343 patriarcha:
1785 3277 1958 3340 exiet,
2001 3289 2052 3332 et
2081 3279 2197 3343 ﬁos,
2235 3281 2286 3334 id

698 3373 810 3419 est.
841 3360 1086 3415 Christus
1116 3363 1181 3416 de
1211 3372 1332 3416 ven:
1344 3380 1399 3418 re
1426 3366 1648 3432 virginis
1678 3369 1950 3422 ascendet.
1998 3369 2151 3441 [Sed]
2182 3372 2287 3425 alia

699 3451 861 3503 habet
893 3451 1171 3505 translatio
1199 3471 1209 3504 :
1243 3453 1454 3506 Iurabit
1485 3455 1762 3518 Dominus,
1805 3467 1852 3509 et
1896 3475 1997 3518 non
2026 3460 2288 3528 paenitebit

699 3558 838 3595 eum.
874 3541 991 3596 Non
1021 3542 1247 3610 alicujus
1273 3543 1439 3597 Deum
1469 3545 1715 3614 pmnitet,
1747 3545 1838 3600 sed
1870 3548 2070 3617 aliquid
2099 3551 2289 3606 immu-

701 3642 817 3718 tarq
861 3649 982 3687 eum
1029 3635 1332 3704 signiﬁcat,
1383 3636 1509 3690 dum
1558 3638 1775 3703 dicitur,
1826 3642 2050 3709 poenitet
2097 3641 2284 3697 Deum.

698 3725 908 3777 Iurabit
937 3724 1207 3789 Dominus,
1235 3737 1280 3779 et
1311 3744 1411 3781 non
1436 3729 1695 3797 ptenitebit
1722 3747 1862 3794 eum,
1890 3731 1942 3784 id
1967 3741 2068 3795 est,
2097 3733 2289 3787 immu-

701 3814 864 3868 tabile
895 3815 1012 3866 vult
1040 3830 1385 3877 conservare,
1417 3817 1557 3885 quod
1589 3816 1717 3872 facit
1758 3817 1912 3889 [Ms.,
1958 3821 2094 3891 ﬁat],
2145 3825 2288 3891 quod

701 3906 892 3960 statuit
921 3921 1042 3960 cum
1076 3907 1238 3959 David
1270 3923 1426 3961 servo
1453 3925 1567 3962 suo.
1973 3918 1986 3929 "

774 3995 935 4048 Vens.
969 3993 1053 4047 l2.
1096 4025 1167 4033 —
1213 3993 1270 4048 Si
1316 3997 1655 4049 custodierint
1683 3997 1780 4063 filii
1810 3999 1888 4051 tui
1924 4008 2286 4055 testamentum

702 4099 896 4146 meum,
945 4091 994 4136 et
1041 4085 1336 4137 testimonia
1381 4102 1494 4138 mea
1540 4086 1672 4152 lucc,
1704 4103 1821 4157 quae
1850 4089 2041 4142 docebo
2065 4107 2169 4143 eos.
2220 4091 2287 4145 Et

703 4173 805 4239 fi'ii
840 4189 1021 4226 eorum
1061 4191 1223 4244 usque
1263 4175 1318 4227 in
1355 4175 1606 4230 sa'culum
1642 4177 1888 4229 sedebant
1926 4194 2081 4247 super
2114 4180 2288 4234 sedem

705 4278 895 4316 meam.
944 4262 1141 4331 Utique
1184 4272 1238 4316 et
1284 4264 1375 4317 ﬁlii
1406 4263 1506 4334 [tui
1538 4273 1592 4318 et
1623 4263 1738 4335 ﬁlii]
1775 4264 2003 4320 ﬁliorum
2035 4275 2248 4323 tuorum
2269 4312 2283 4333 ,

702 4351 746 4403 si
779 4351 1134 4404 custodierint
1163 4360 1428 4420 praecepta
1458 4368 1600 4418 mea,
1629 4355 1890 4408 sedebunt
1917 4371 2076 4425 super
2103 4357 2286 4412 sedem

703 4441 1048 4498 beatitudinis
1091 4452 1234 4497 tuae:
1276 4444 1400 4512 quia
1445 4460 1635 4499 omnes
1662 4445 1847 4500 ﬁdeles
1877 4445 1971 4499 ﬁlii
2018 4444 2188 4516 [sunt]
2233 4449 2286 4500 in

701 4531 921 4590 Christo
944 4533 1108 4587 David
1133 4543 1186 4588 et
1208 4534 1298 4588 ﬁlii
1321 4535 1609 4599 Abraham,
1635 4535 1700 4588 de
1720 4536 1916 4604 quibus
1941 4538 2053 4604 ipsa
2072 4537 2283 4593 Veritas

705 4620 872 4678 dicit:
920 4619 1111 4674 Potens
1156 4631 1230 4675 est
1278 4622 1417 4675 Deus
1460 4623 1524 4675 de
1567 4623 1827 4692 lapidibus
1874 4625 1987 4678 istis
2030 4629 2285 4680 suscitare

702 4709 843 4777 ﬁlios
872 4710 1136 4763 Abraham
1167 4709 1380 4765 (Matth.
1412 4729 1494 4777 Ill,
1524 4713 1598 4782 9).

778 4801 938 4858 Vens.
969 4804 1049 4856 15.
1075 4803 1414 4869 —Quoniam
1443 4805 1591 4873 elegit
1615 4805 1869 4861 Dominus
1893 4806 2044 4873 Sion,
2070 4809 2284 4878 prwele~

705 4892 779 4959 git
799 4893 981 4944 eamin
993 4893 1365 4947 habitationem
1381 4896 1498 4948 sibi.
1529 4896 1656 4948 Sion
1673 4897 1991 4951 universalis
2003 4908 2085 4952 est
2099 4899 2286 4954 Eccle-

2386 2013 2533 2068 sunt,
2563 2004 2656 2074 qui
2684 2019 2792 2060 non
2820 2012 3006 2058 amant
3034 2003 3136 2058 hoc
3165 2004 3448 2069 sarculum,
3482 2006 3595 2060 sive
3621 2006 3855 2062 habeant
3882 2008 3964 2063 di-

2385 2095 2564 2159 vitias,
2611 2095 2724 2148 sive
2751 2109 2858 2148 non
2888 2094 3145 2149 habeant.
3192 2094 3475 2164 Aliquibus
3501 2096 3645 2152 enim
3675 2097 3812 2152 data:
3838 2105 3963 2152 sunt

2385 2184 2588 2238 divitiae
2631 2183 2700 2237 ad
2741 2183 3159 2252 dispensandum
3190 2185 3374 2256 egenis
3400 2225 3414 2249 ,
3467 2201 3573 2240 non
3611 2194 3789 2240 autem
3829 2176 3965 2242 datae

2386 2279 2512 2340 sunt
2536 2272 2617 2328 eis
2641 2272 2709 2326 ad
2735 2273 3112 2342 possidendum
3137 2292 3150 2326 :
3185 2289 3358 2343 neque
3381 2290 3531 2346 spem
3560 2277 3613 2330 in
3642 2276 3746 2332 illis
3771 2277 3968 2332 debent

2388 2375 2610 2430 where,
2630 2378 2731 2419 nec
2751 2363 3052 2418 satietatem
3081 2364 3134 2417 in
3163 2364 3266 2418 illis
3292 2365 3522 2432 habere;
3554 2366 3648 2422 sed
3674 2368 3725 2421 in
3752 2369 3969 2423 nomine

2385 2435 2588 2513 Christi
2617 2456 2887 2512 conﬁdere
2905 2497 2921 2522 ,
2967 2465 3020 2512 et
3048 2457 3100 2510 in
3122 2454 3334 2526 iustitia
3352 2498 3367 2522 ,
3413 2466 3467 2512 et
3495 2459 3548 2512 in
3577 2458 3840 2512 cbaritate
3867 2456 3964 2512 Dei

2387 2555 2441 2600 et
2465 2546 2698 2616 proximi
2723 2561 2738 2600 :
2771 2548 2887 2603 haec
2907 2554 2991 2602 est
3019 2547 3273 2602 saturitas
3299 2556 3628 2612 sanctorum,
3655 2565 3760 2604 non
3783 2549 3966 2604 szeculi

2388 2638 2607 2692 divitiae.
3789 2701 3798 2705 -

2457 2731 2623 2784 Vens.
2656 2729 2740 2783 16.
2766 2759 2836 2768 —
2868 2726 3172 2784 Sacerdotes
3212 2730 3326 2800 ejus
3365 2730 3583 2784 induam
3624 2730 3876 2795 salutari,
3920 2743 3969 2785 et

2388 2821 2558 2872 sancti
2586 2819 2703 2888 eius
2729 2818 3076 2874 exsultatione
3103 2820 3456 2875 exsultabunt.
3510 2821 3609 2889 Qui
3643 2831 3769 2877 sunt
3791 2838 3969 2878 sacer-

2389 2911 2584 2966 dotes?
2631 2911 2723 2980 qui
2769 2910 2974 2979 seipsos
3013 2909 3324 2964 obtulerunt
3372 2909 3527 2982 [Hs.,
3557 2911 3809 2984 offerunt]
3856 2913 3971 2967 Deo

2390 3007 2621 3062 hostiam
2651 3007 2850 3071 vivam,
2882 3005 2993 3060 Deo
3019 3007 3338 3076 placentem.
3375 3008 3440 3062 Et
3471 3010 3686 3063 induam
3716 3012 3959 3074 salutari,

2391 3096 2440 3148 id
2473 3104 2588 3161 est,
2627 3095 2840 3151 Christo
2869 3094 3025 3162 Jesu,
3068 3098 3158 3165 qui
3185 3106 3264 3152 est
3297 3099 3438 3153 salus
3467 3101 3706 3153 omnium
3738 3099 3959 3154 creden-

2392 3187 2522 3240 tium
2574 3197 2633 3241 ut
2680 3186 2966 3257 Apostolus
3016 3189 3091 3242 ait
3133 3207 3144 3241 :
3199 3187 3463 3259 Quotquot
3511 3188 3760 3259 baptizati
3805 3191 3966 3256 estis,

2391 3277 2657 3332 Christum
2689 3279 2931 3333 induistis
2961 3278 3103 3349 (Gal.
3123 3295 3212 3339 1n,
3241 3261 3390 3349 27))
3409 3278 3476 3332 Et
3521 3282 3688 3333 sancti
3724 3281 3838 3350 ejus
3875 3298 3968 3335 ca:-

2388 3365 2672 3420 sultatione
2701 3365 3053 3420 exsultabunt.
3109 3367 3166 3420 In
3208 3383 3315 3435 quo
3355 3369 3738 3423 exsultabunt?
3791 3368 3860 3423 Ut
3890 3370 3970 3424 in-

2389 3455 2627 3508 duantur
2653 3455 2898 3519 Christo;
2931 3456 3053 3510 ideo
3079 3458 3311 3526 subjecit
3337 3475 3348 3510 :

2461 3546 2621 3600 Vens.
2655 3546 2739 3599 17.
2769 3577 2841 3586 ——
2879 3546 3014 3600 Illuc
3053 3548 3340 3616 producant
3374 3565 3538 3602 cornu
3567 3547 3758 3613 David,
3790 3552 3972 3618 paravi

2389 3636 2658 3689 lucernam
2689 3636 2895 3691 Christo
2930 3653 3061 3691 meo.
3125 3638 3196 3694 Ut
3240 3639 3306 3693 de
3353 3638 3570 3714 Christo
3621 3639 3969 3710 intelligatur,

2388 3741 2492 3779 non
2529 3727 2595 3780 de
2628 3727 2741 3782 solo
2777 3742 2942 3797 regno
2969 3727 3126 3800 [Ms.,
3157 3738 3219 3782 ut
3248 3731 3314 3783 de
3339 3729 3556 3785 Christo
3584 3739 3966 3800 praesumatur,

2389 3836 2494 3874 non
2522 3819 2589 3874 de
2617 3820 2856 3892 szeculo].
2894 3821 3072 3876 Cornu
3102 3834 3326 3891 regnum
3365 3829 3420 3876 et
3443 3820 3773 3876 altitudinem
3802 3822 3970 3893 signi-

2389 3910 2542 3974 ﬁcat;
2562 3909 2727 3964 David
2747 3926 2927 3981 regem
2945 3910 3237 3965 Christum.
3264 3910 3456 3965 Paravi
3480 3910 3745 3965 lucernam
3761 3909 3967 3966 Christo

2388 4016 2520 4052 meo.
2578 3999 2696 4067 Ipsa
2727 3999 2939 4054 Veritas
2991 3999 3044 4053 in
3094 3999 3384 4070 Evangelio
3431 3999 3496 4053 de
3545 3997 3751 4053 Joanne
3797 3997 3966 4052 dicit:

2391 4090 2490 4143 Ille
2515 4100 2627 4143 erat
2662 4089 2872 4144 lucerna
2908 4091 3098 4145 ardens
3127 4100 3174 4144 et
3205 4090 3380 4144 lucens
3399 4132 3414 4153 ,
3452 4089 3541 4142 ille
3567 4097 3782 4157 paratus
3812 4087 3911 4156 fuit
3939 4105 3972 4141 a

2387 4179 2496 4233 Deo
2525 4180 2702 4244 Patre,
2735 4191 2791 4235 ut
2815 4182 3023 4251 pra’iret
3049 4181 3234 4249 faciem
3261 4179 3458 4234 Christi
3487 4179 3590 4239 sui,
3617 4179 3750 4230 sicut
3773 4177 3970 4231 dictum

2387 4280 2462 4323 est
2494 4286 2526 4323 ιε
2563 4269 2698 4324 Ecce
2730 4286 2822 4339 ego
2859 4271 3007 4324 mitto
3037 4269 3278 4338 angelum
3309 4283 3500 4331 meum,
3538 4267 3629 4336 qui
3657 4266 3971 4336 prtrparabit

2388 4361 2526 4414 viam
2552 4370 2698 4414 tuam
2725 4369 2845 4414 ante
2869 4368 2934 4412 te.

2458 4451 2618 4504 Vsus.
2651 4451 2735 4505 l8.
2756 4478 2828 4488 —
2862 4447 3111 4501 Inimicos
3135 4447 3248 4516 ejus
3276 4447 3493 4501 induam
3521 4445 3846 4514 confusione.
3875 4460 3965 4498 su-

2387 4557 2478 4608 per
2513 4541 2682 4608 ipsum
2723 4549 2897 4592 autem
2945 4538 3186 4610 eﬁlorebit
3223 4537 3572 4606 sanctificatio
3608 4550 3743 4588 mea.
3798 4532 3971 4602 Super

2388 4629 2581 4697 ipsum,
2612 4629 2664 4682 id
2689 4637 2791 4695 est,
2822 4627 3115 4690 Christum,
3144 4627 3407 4683 elﬁorebit
3435 4623 3794 4682 sanctiﬁcatio
3822 4638 3961 4678 mea.

2382 4717 2441 4775 In
2479 4720 2647 4790 ipsius
2675 4737 2802 4776 vero
2835 4720 3158 4787 baptismate
3193 4719 3438 4774 remissio
3473 4723 3818 4786 peccatorum
3845 4723 3929 4770 est
3949 4753 3962 4774 .

2384 4820 2439 4867 et
2463 4811 2818 4865 sanctiﬁcatio
2843 4820 2896 4865 et
2923 4809 3159 4880 Spiritus
3184 4809 3354 4865 sancti
3381 4810 3598 4880 donum,
3628 4809 3743 4876 ipso
3764 4805 3966 4860 Joanne

2386 4910 2676 4957 attestante
2707 4900 2819 4973 [qui
2850 4903 2946 4975 ait]
2972 4918 2986 4956 :
3022 4903 3122 4955 Hic
3149 4912 3222 4955 est
3243 4941 3256 4963 ,
3297 4901 3385 4971 qui
3416 4900 3643 4972 baptisat
3680 4900 3736 4951 in
3766 4895 3964 4965 Spiritu

707 4979 809 5042 sia,
835 4980 886 5033 in
901 4980 1106 5051 angelis
1127 4982 1304 5045 beata,
1323 4984 1375 5036 in
1393 4986 1789 5040 habitatoribus
1811 4985 2004 5056 [Edit.,
2025 4988 2313 5041 habitatio-
2393 5003 2592 5056 sancto,
2630 5004 2676 5046 et
2706 5011 2797 5064 ego
2823 4995 2950 5059 uidi,
2989 5004 3037 5048 et
3075 4993 3424 5047 testimonium
3453 4988 3708 5062 perhibui,
3733 4988 3857 5058 quia
3882 4978 3964 5040 hic

706 5069 885 5140 nibus]
913 5079 1071 5124 terrm
1096 5073 1398 5140 peregrina,
1429 5089 1547 5140 qua:
1569 5082 1624 5128 et
1642 5074 1754 5140 ipsa
1787 5076 1839 5127 in
1879 5085 2034 5142 parte
2063 5087 2287 5132 ventura

703 5167 788 5208 est
823 5158 977 5226 [Ms.,
1005 5175 1130 5228 pars
1163 5160 1336 5212 futura
1389 5160 1490 5230 est]
1533 5162 1879 5218 beatitudinis
1908 5165 2177 5234 angelicae.
2223 5167 2290 5221 Et

709 5252 822 5303 lure
852 5262 925 5304 est
957 5255 1218 5308 habitatio
1246 5256 1335 5309 Dei
1369 5255 1535 5325 388
1563 5257 1614 5308 in
1643 5266 1923 5310 :etemum.
1955 5258 2098 5324 Quos
2128 5259 2290 5329 elegit

712 5342 763 5392 in
790 5339 1004 5395 Christo
1032 5343 1191 5408 Deus,
1219 5345 1512 5413 praeelegit,
1538 5347 1589 5400 id
1616 5356 1716 5409 est,
1742 5348 2147 5416 praedestinavit
2165 5363 2289 5406 ante

710 5433 1144 5488 constitutionem
1182 5435 1361 5488 surculi
1392 5435 1547 5503 juxta
1578 5439 1897 5504 apostolum,
1933 5438 2282 5512 [dicentem]:

710 5516 847 5582 Quia
867 5538 993 5588 quos
1020 5527 1243 5591 vocarit,
1260 5528 1352 5578 hos
1372 5535 1418 5578 et
1440 5526 1825 5594 pra'destinavit
1843 5527 2013 5595 (Rom.
2033 5545 2148 5594 vm,
2172 5531 2282 5597 50).

781 5612 940 5666 Vnus.
978 5614 1054 5668 14.
1082 5645 1152 5654 —-
1193 5616 1319 5670 Ha'c
1351 5617 1546 5687 requies
1585 5633 1698 5669 mea
1728 5617 1781 5668 in
1809 5616 2059 5671 sa'culum
2085 5622 2280 5678 strculi,

2393 5095 2468 5138 est
2495 5083 2669 5139 Filius
2697 5084 2796 5138 Dei
2823 5084 3003 5153 (Joan.
3032 5083 3094 5152 ι).

2873 5171 3191 5229 PSALMUS
3227 5169 3484 5229 CXXXII.
3877 5212 3880 5214 ν

2464 5263 2715 5319 Pervenit
2748 5263 2861 5331 jam
2901 5263 2967 5316 ad
3006 5257 3270 5332 psalmuni
3307 5257 3510 5329 [quarti
3547 5257 3738 5313 decimi
3764 5252 3968 5323 (Edit.,

2389 5366 2639 5424 quartum
2663 5355 2953 5422 decimum)
2976 5345 3218 5425 gradus],
3250 5350 3303 5403 in
3331 5364 3438 5419 quo
3464 5350 3722 5404 unitatem
3752 5354 3958 5399 sancto-

2391 5460 2508 5498 rum
2547 5443 2729 5499 laudat
2766 5446 2866 5500 iste
2901 5441 3234 5500 ascensionis
3267 5449 3519 5498 amator;
3565 5433 3762 5507 gaudet
3797 5449 3856 5489 se
3893 5433 3958 5486 ad

2389 5533 2647 5589 unitatem
2675 5533 2700 5587 Γ
2699 5544 2927 5590 ratorum
2952 5530 3231 5586 charitatis
3254 5529 3557 5600 pervenire,
3585 5525 3703 5579 ideo
3727 5523 3835 5578 ait:

2463 5622 2619 5680 Vsus.
2656 5624 2705 5678 l.
2730 5655 2799 5664 —
2822 5623 2956 5676 Ecce
2985 5637 3143 5693 quant
3172 5620 3364 5679 bonum
3392 5627 3439 5671 et
3464 5631 3621 5686 quam
3639 5611 3956 5684 jucundum.

783 5743 1016 5827 “Edita:
1070 5721 1559 5827 Deprecaiitispro
1604 5749 1877 5827 Ecclesia:
1929 5754 2043 5808 Non
2077 5763 2278 5809 avertas
2319 5755 2504 5823 faciem
2527 5757 2720 5813 Christi
2743 5755 2838 5818 tui,
2862 5762 3079 5823 propter
3100 5751 3376 5807 victoriam
3425 5763 3583 5820 quam
3630 5744 3755 5800 fecit
3797 5739 3958 5795 David

710 5812 773 5865 de
806 5815 1031 5868 inimicis
1058 5812 1190 5884 suis,
1219 5828 1399 5874 averte
1430 5812 1562 5874 iram
1592 5839 1619 5875 ει
1647 5821 1862 5876 δυάςυὶδ.
