4338 6392
185 413 286 468 557

180 522 413 574 habitare
433 518 624 588 fratres
653 518 708 572 in
732 534 910 571 unum.
950 517 1084 583 Quid
1110 518 1384 586 pulchrius
1411 527 1511 584 est,
1542 519 1734 588 quidve
1760 524 1809 582 Α
1843 562 1856 573 .

173 607 460 680 jucundius
479 617 582 673 est,
614 610 721 662 imo
747 609 875 678 quid
901 608 1109 674 melius,
1135 625 1295 678 quam
1323 611 1502 664 unitas
1528 619 1584 664 et
1606 611 1732 666 cha-

181 703 312 756 ritas
340 701 395 755 in
417 699 619 777 Christi
650 700 922 765 membris,
946 715 1065 768 quae
1093 700 1287 756 fratres
1312 703 1590 769 nominare
1611 702 1728 770 pla-

177 791 324 856 cuit;
369 798 426 844 et
464 791 550 844 cui
592 790 670 844 rei
699 789 887 844 similis
913 790 982 842 sit
1006 791 1121 844 haec
1148 790 1355 854 unitas,
1402 792 1455 844 in
1485 791 1726 859 sequenti

166 879 540 952 xparadigmate
562 878 827 949 exposuit,
855 878 1071 932 dicens:
1346 900 1352 908 ι
1691 935 1698 938 .

159 991 167 1005 ’
248 994 408 1048 Vens.
433 993 489 1045 Ξ.
512 1021 582 1034 -—-
609 989 754 1045 Sicut
791 1001 1106 1059 unguentum
1142 990 1197 1041 in
1233 989 1426 1058 capite,
1464 989 1602 1058 quod
1637 990 1732 1042 de;

172 1081 369 1141 scendit
386 1082 442 1134 in
461 1081 695 1144 barbam,
712 1079 924 1132 barbam
937 1079 1132 1132 Aaron.
1158 1078 1288 1143 Quis
1305 1087 1388 1132 est
1409 1080 1508 1132 iste
1523 1077 1732 1130 Aaron?

175 1167 371 1238 Utique
387 1167 654 1232 Christus,
681 1167 772 1236 qui
808 1167 953 1221 solus
981 1167 1197 1220 intravit
1219 1168 1272 1221 in
1301 1167 1496 1222 Sancta
1520 1175 1732 1222 sancto-

176 1275 294 1314 rum
323 1261 379 1314 in
402 1260 678 1330 sanguine,
708 1274 814 1312 non
842 1258 1036 1321 alieno,
1078 1258 1169 1310 sed
1202 1259 1436 1327 proprio,
1471 1259 1732 1311 interces-

177 1364 335 1405 surus
362 1365 466 1419 pro
491 1338 646 1404 nobis
683 1350 821 1418 apud
856 1349 1020 1419 Deum
1047 1349 1280 1402 Patrem.
1327 1350 1470 1404 Sicut
1500 1367 1732 1420 unguen-

175 1449 286 1494 tum
311 1440 370 1494 in
393 1440 558 1510 capite
579 1455 598 1492 :
634 1439 970 1509 Unguentum
998 1440 1100 1493 hoc
1130 1440 1360 1508 Spiritus
1387 1451 1604 1496 sanctus
1627 1451 1730 1504 est,

171 1529 313 1596 quod
348 1542 379 1582 a
415 1528 591 1598 capite
615 1525 814 1582 Christi
852 1525 1062 1590 deﬁnit;
1116 1541 1240 1580 nam
1286 1539 1446 1596 caput
1493 1537 1733 1583 nostrum

170 1617 418 1672 Christus
440 1625 543 1674 est.
580 1617 855 1672 Descendit
889 1619 944 1669 in
969 1616 1209 1680 barbam,
1249 1617 1300 1670 id
1326 1627 1438 1681 est,
1479 1617 1644 1671 fortes
1681 1626 1735 1671 et

171 1707 505 1761 invincihiles
527 1714 851 1776 pugnatores
874 1722 967 1775 pro
991 1705 1187 1760 Christi
1211 1707 1440 1767 nomine,
1467 1706 1734 1773 apostolos

170 1796 402 1866 primum
439 1804 496 1850 et
531 1795 953 1850 sanctiﬁcatores
981 1795 1132 1865 [Ms.,
1162 1795 1545 1865 sanctiﬁcatos]
1585 1811 1728 1848 mar-

171 1858 344 1957 ἕνα,
386 1895 443 1941 et
487 1887 570 1941 sie
613 1887 667 1942 in
713 1900 899 1940 omnes
943 1858 1126 1940 ﬁdeles
1162 1887 1440 1953 pervenit,
1486 1858 1604 1939 ideo
1633 1887 1727 1938 ad-
1764 1858 1806 1916 Β
1831 1862 2032 1957 functa,

161 1974 378 2042 junxit:
414 1972 570 2038 Quod
613 1973 872 2027 descendit
919 1975 973 2027 in
1021 1991 1166 2027 oram
1211 1976 1514 2027 vestimenti.
1567 1974 1731 2040 Hujus

168 2065 546 2119 vestimentum
570 2064 862 2118 sacerdotis
889 2073 1070 2119 sancta
1094 2063 1221 2136 [est]
1247 2064 1505 2129 Ecclesia,
1532 2081 1650 2134 qua:
1677 2066 1730 2118 in

171 2154 330 2208 ﬁnem
375 2156 560 2209 mundi
601 2156 720 2225 ejus
763 2158 1018 2227 sanguine
1061 2168 1373 2213 consecrata
1413 2167 1530 2222 est,
1581 2167 1635 2210 et
1679 2158 1729 2210 in

170 2251 371 2296 vestem
401 2243 501 2296 sibi
527 2251 796 2298 contexta.
833 2244 955 2299 Ideo
982 2246 1113 2298 dixit
1143 2246 1193 2298 in
1221 2261 1371 2299 oram
1397 2246 1728 2307 vestimenti,

168 2330 603 2400 subjungensque
644 2334 720 2386 ait
760 2333 918 2388 aliam
958 2335 1356 2389 similitudinem
1402 2337 1501 2389 sub
1545 2335 1730 2389 eadem

169 2419 559 2490 signiﬁcatione
588 2438 601 2472 :

235 2526 403 2597 389
439 2529 597 2583 Vens.
637 2530 691 2583 5.
727 2558 798 2568 —
837 2527 982 2582 Sicut
1027 2547 1108 2582 ros
1138 2530 1385 2595 Ilermon,
1411 2528 1500 2600 qui
1524 2532 1734 2584 descen—

167 2615 243 2666 dit
269 2616 327 2668 in
358 2625 581 2670 montem
617 2617 766 2672 Sion.
808 2618 1036 2672 Hermon
1075 2620 1268 2672 dicitur
1305 2620 1729 2687 interpretatum,

167 2718 364 2756 nomen
387 2707 705 2770 exaltatum,
734 2708 873 2775 quod
898 2716 982 2762 est
1004 2708 1244 2763 Christus
1271 2710 1323 2762 in
1351 2724 1508 2762 cruce
1529 2710 1733 2762 exalta-

168 2802 274 2856 tus,
302 2802 359 2850 et
383 2803 567 2863 postea
597 2797 649 2850 in
672 2798 863 2852 cmlum
887 2799 1140 2861 elevatus,
1167 2798 1316 2866 cujus
1338 2797 1526 2868 gratia,
1554 2799 1605 2851 id
1627 2808 1729 2863 est,

169 2903 260 2943 ros
280 2888 440 2952 illius,
469 2888 739 2943 desinandit
766 2891 818 2942 in
858 2900 1089 2944 montem
1120 2890 1267 2954 Sion,
1297 2891 1347 2944 id
1377 2899 1478 2953 est,
1516 2901 1735 2943 sanctus

167 2985 222 3030 et
245 2976 514 3046 perfectus
539 2977 591 3030 in
617 2977 856 3031 Ecclesia
877 2977 1093 3031 Christi.
1119 2978 1269 3043 Quod
1297 2979 1437 3033 enim
1462 2979 1625 3032 barba
1651 2979 1734 3032 vel

166 3078 260 3117 ora
290 3065 594 3119 vestimenti
619 3065 903 3132 signiﬁcat,
931 3067 1031 3118 hoc
1059 3065 1217 3118 etiam
1242 3081 1394 3119 mons
1416 3066 1542 3117 Sion
1567 3067 1733 3133 signi-

927 408 1333 466 EXEGETICA.
1369 438 1441 452 -—
1475 409 1837 466 EXPOSITIO
1871 410 1940 466 IN
1975 410 2167 466 PSAL.
2209 410 2640 466 CRADUALES.

3297 415 3398 472 638

2302 517 2618 574 PSALMUS
2655 517 2930 576 CXXXIII.

1901 609 2062 662 Vens.
2101 610 2151 662 I.
2190 639 2258 648 —-
2299 609 2430 663 Ecce
2457 626 2592 663 nunc
2612 609 2891 664 benedicite
2911 609 3400 675 Domimun,omnes

1828 702 1961 755 servi
1986 701 2214 755 Domini.
2245 702 2387 757 Ecce
2415 716 2577 766 nunc,
2608 701 2662 755 id
2697 710 2801 764 est,
2841 702 2895 755 in
2927 701 3030 756 hoc
3059 711 3318 772 tempore,
3345 704 3400 758 in

1829 804 1936 858 quo
1965 792 2309 859 congregavit
2333 805 2430 844 nos
2455 789 2711 844 Dominus
2731 805 2828 859 per
2854 791 3181 861 unigenitum
3207 790 3400 846 Filium

1828 894 1982 932 suum
2009 879 2061 931 in
2091 881 2304 932 domum
2332 877 2627 932 dilectionis
2647 893 2787 943 suae,
2819 878 3198 932 benedicamus
3225 879 3404 934 Domi-

1829 980 1978 1027 num,
2002 980 2104 1017 non
2132 965 2441 1018 transitoria
2471 965 2564 1018 :ed
2588 965 2957 1033 permansoria
2996 964 3172 1028 laude,
3205 965 3402 1020 alteru—

1832 1063 1972 1108 trum
2002 1055 2298 1117 hortantes,
2327 1069 2423 1106 nos
2447 1063 2592 1108 stare
2616 1065 2671 1108 et
2697 1069 3011 1123 permanere
3033 1043 3263 1110 in'laude
3283 1055 3398 1110 Dei.

1835 1145 1934 1210 Qui
1965 1146 2112 1197 statis
2141 1145 2194 1197 in
2231 1144 2384 1196 domo
2415 1143 2642 1206 Domini,
2679 1145 2734 1196 in
2771 1145 2917 1198 atriis
2952 1145 3136 1198 domus
3176 1145 3271 1198 Dei
3309 1161 3402 1197 no-

1831 1234 1945 1285 stri.
1977 1233 2031 1286 Id
2062 1240 2165 1291 est.
2204 1232 2294 1300 qui
2322 1232 2646 1299 permanetis
2679 1231 2731 1284 in
2755 1231 3017 1284 catholica
3046 1230 3170 1295 ﬁde,
3196 1233 3248 1285 in
3277 1233 3400 1285 uni-

1833 1329 1942 1373 tate
1969 1319 2266 1382 cbaritatis,
2297 1333 2415 1387 qum
2461 1319 2586 1371 atrii
2624 1318 2837 1372 nomine
2872 1320 2924 1371 in
2961 1319 3063 1373 hoc
3100 1318 3217 1372 loco
3258 1318 3400 1372 desi-

1831 1417 2044 1479 gnatur.
2073 1408 2282 1460 Atrium
2313 1414 2488 1460 autem
2518 1406 2655 1458 latus
2682 1414 2768 1460 est
2805 1407 2976 1471 locns,
3010 1415 3064 1461 et
3092 1414 3308 1476 apertus
3334 1407 3402 1459 ad

1833 1499 2001 1553 solem
2029 1517 2041 1552 :
2071 1499 2143 1552 ita
2171 1513 2322 1552 mens
2347 1505 2552 1561 nostra,
2580 1496 2859 1550 latitudine
2887 1497 3167 1550 charitatis
3204 1496 3400 1550 illumi-

1834 1597 1982 1650 nata,
2016 1585 2264 1640 omnibus
2295 1593 2479 1655 aperta
2507 1584 2666 1639 debet
2689 1597 2810 1638 esse
2838 1583 2904 1637 ad
2939 1582 3396 1636 benefaciendum.

1832 1676 2050 1728 Addidit
2073 1693 2086 1728 :

1906 1744 2064 1828 Vsus.
2105 1763 2157 1815 2.
2197 1793 2268 1801 --
2305 1762 2370 1814 In
2399 1763 2634 1816 noctibus
2662 1760 2888 1814 extollite
2913 1777 3097 1814 manus
3127 1773 3316 1814 vestras
3346 1761 3400 1810 in

2055 1863 2102 1905 et
2131 1852 2409 1906 benedicite
2432 1851 2731 1903 Dominum.
2755 1838 2950 1902 Noctes
2976 1849 3155 1916 itaque
3178 1846 3398 1903 tribula-

1834 1943 2008 1997 tiones
2031 1941 2334 2012 signiﬁcant
2358 1939 2517 2009 hujus
2545 1939 2753 2003 saeculi,
2780 1939 2834 1992 in
2863 1936 3055 2006 quibus
3085 1937 3401 1990 admonetur

1833 2049 2024 2088 manus
2062 2033 2129 2086 ad
2169 2033 2311 2086 bona
2347 2046 2510 2101 opera
2551 2030 2749 2093 levare,
2777 2036 2832 2082 et
2864 2027 3148 2082 Dominum
3180 2024 3398 2080 benedi-

1831 2135 1974 2184 cere,
2003 2135 2106 2173 non
2145 2120 2317 2172 solum
2349 2119 2546 2192 verbis,
2582 2118 2674 2172 sed
2712 2125 2766 2171 et
2800 2116 3048 2185 operibus
3081 2113 3400 2168 bonis.'Fa-

1833 2207 1934 2262 cile
1958 2215 2041 2260 est
2066 2205 2234 2260 Deum
2270 2206 2323 2258 in
2364 2203 2636 2274 prosperis
2676 2203 3014 2262 benedicere,
3052 2200 3143 2253 sed
3179 2199 3401 2252 multum

1835 2297 2199 2353 necessarium
2222 2303 2324 2358 est,
2364 2309 2484 2348 eum
2523 2293 2576 2347 in
2619 2291 2858 2345 adversis
2884 2289 3103 2342 laudare
3131 2302 3251 2340 cum
3277 2285 3397 2348 Job,

1836 2390 1924 2458 qui
1946 2387 2195 2442 omnibus
2223 2386 2413 2439 ablatis
2440 2398 2559 2453 quze
2593 2383 2792 2436 habere
2825 2379 3013 2449 potuit,
3048 2378 3124 2431 ait
3152 2391 3166 2430 :
3198 2376 3280 2430 Sit
3310 2392 3402 2428 no-

1835 2495 1951 2533 men
1980 2476 2191 2529 Domini
2218 2475 2535 2527 benedictum
2562 2490 2624 2526 cx
2645 2473 2740 2525 hoc
2771 2487 2904 2524 nunc
2941 2477 2988 2522 et
3020 2484 3175 2537 usque
3211 2467 3265 2520 in
3303 2481 3403 2520 sa:-

1835 2567 2010 2620 culum
2041 2564 2180 2636 (Job.
2211 2579 2253 2628 ι,
2278 2563 2390 2633 21).
2422 2561 2675 2632 Sequitur
2704 2579 2716 2612 :
3089 2548 3095 2553 ’

1907 2655 2067 2708 Vens.
2109 2654 2161 2706 '5.
2202 2682 2271 2692 —
2307 2651 2585 2705 Benedicat
2613 2660 2660 2703 te
2684 2648 2937 2702 Dominus
2963 2661 3026 2699 ea:
3046 2643 3196 2709 Sion,
3217 2643 3304 2713 qui
3330 2643 3404 2711 [e-

1835 2747 1904 2798 cit
1932 2744 2113 2797 citium
2143 2752 2190 2797 et
2230 2753 2441 2796 terram.
2483 2742 2611 2796 Sion
2640 2741 2854 2814 specula
2886 2738 3074 2810 [Edit.,
3105 2735 3402 2808 speculum]

1835 2833 2048 2896 dicitur,
2081 2832 2132 2884 in
2153 2845 2257 2899 qua
2285 2829 2627 2883 benedicendi
2651 2837 2776 2881 sunt
2801 2829 2994 2890 sancti,
3021 2825 3110 2892 qui
3149 2825 3214 2878 ad
3249 2824 3404 2891 quin-

1837 2936 1950 2980 tum
1970 2925 2234 2980 decimum
2256 2923 2474 2994 gradum
2496 2921 2829 2990 perveniunt,
2853 2928 2906 2973 et
2929 2917 2981 2968 in
3003 2911 3278 2968 caenaculo
3299 2913 3400 2966 sub

1839 3025 2062 3070 numero
2093 3014 2268 3070 decies
2303 3011 2630 3067 duodenario
2664 3007 2919 3076 Spiritum
2956 3011 3200 3059 sanctum
3248 3016 3398 3056 rere-

1840 3113 2053 3174 perunt.
2087 3105 2225 3173 Ergo
2263 3104 2307 3156 si
2354 3117 2540 3154 omnes
2589 3113 2836 3152 mnncros
2876 3095 2942 3148 ab
2986 3110 3092 3147 uno
3129 3107 3297 3160 usque
3336 3091 3402 3143 ad

356 3155 870 3262 iiicii'ii.seq“"“i
897 3157 1205 3262 :._Q"°"i“'"
1233 3157 1302 3257 ii".
1329 3157 1591 3262 mandfwit
1631 3157 1733 3262 es:
1760 3180 1806 3242 C
1836 3151 2136 3262 quinde'cim
2161 3151 2504 3262 :ggregabis,
2537 3190 2670 3244 ﬁunt
2704 3197 2917 3243 centum
2951 3187 3156 3256 viginti,
3187 3151 3277 3254 qui
3307 3201 3404 3236 nu-

165 3243 339 3294 minus
367 3242 787 3308 benedictionem,
813 3257 859 3299 et
883 3249 1032 3300 vitam
1069 3264 1226 3314 usque
1253 3247 1305 3299 in
1332 3248 1598 3300 saeculum.
1631 3246 1734 3300 Ubi

165 3329 470 3383 mandavit?
527 3330 585 3384 In
637 3330 890 3388 fratribus
945 3335 1186 3388 videlicet
1238 3337 1328 3403 qui
1382 3336 1624 3389 habitant
1681 3336 1732 3388 in

161 3436 348 3484 unum,
395 3422 467 3476 ibi
512 3423 762 3490 praecepit
796 3423 1245 3489 benedictionem,
1296 3427 1367 3480 ibi
1412 3426 1734 3478 benedicunt

164 3507 466 3575 Dominum,
488 3511 578 3580 qui
608 3511 844 3565 habitant
873 3516 1223 3578 concorditer,
1256 3516 1325 3568 ibi
1359 3517 1520 3568 etiam
1555 3524 1609 3568 et
1647 3515 1726 3566 vi-

163 3603 270 3650 tam
295 3605 554 3653 teternam
575 3602 874 3670 percipiunt
895 3599 1046 3671 [Ms.,
1076 3601 1143 3654 ibi
1165 3605 1328 3656 etiam
1350 3605 1459 3656 vita
1482 3602 1723 3672 mterna].

230 3705 519 3776 ﬂuensque
555 3725 652 3780 per
688 3711 883 3780 gradus
917 3721 1166 3765 canentes
1204 3711 1624 3765 ascendebamus
1661 3709 1727 3763 ad

161 3792 378 3850 domum
407 3795 520 3856 Dei.
557 3799 842 3854 Videamus
867 3804 992 3870 quid
1015 3803 1276 3872 agendum
1301 3804 1370 3857 sit
1403 3803 1455 3856 in
1481 3817 1564 3856 ea.
1591 3802 1727 3867 Quid

163 3882 352 3953 igitur?
380 3885 484 3939 nisi
512 3885 794 3941 Dominum
820 3892 999 3953 corde,
1020 3901 1074 3945 et
1093 3908 1185 3947 ore
1207 3895 1258 3950 in
1283 3894 1544 3948 charitate
1570 3893 1729 3947 bene—

76 4035 85 4052 ,
161 3970 359 4039 dicere,
390 3989 512 4030 cum
540 3975 803 4047 Propheta
831 3979 1066 4035 dicentes
1099 3999 1110 4031 :

1835 3300 2036 3346 merus,
2067 3285 2234 3335 sancti
2277 3284 2510 3350 Spiritus
2547 3282 2773 3333 adventu
2812 3287 3173 3339 consecratus,
3206 3275 3405 3344 signiﬁ-

1832 3385 1938 3438 cat,
1966 3375 2130 3427 veteri
2170 3380 2488 3446 testamento
2528 3384 2723 3422 novum
2751 3369 3041 3435 designari,
3071 3376 3126 3419 et
3156 3381 3290 3418 novo
3314 3381 3404 3416 ve—

1829 3475 1914 3521 tus
1939 3465 2234 3532 adimpleri.
2260 3463 2313 3516 ln
2337 3463 2508 3532 primo
2529 3461 2693 3530 gradu
2721 3457 2952 3511 tribulati
2971 3455 3318 3508 clamavimus
3334 3455 3402 3507 ad

1827 3557 2110 3610 Dominum
2141 3572 2152 3605 :
2187 3554 2237 3606 in
2267 3555 2453 3620 quinto
2479 3551 2685 3614 decimo
2720 3547 2932 3603 liberati
2975 3560 3006 3598 a
3046 3542 3402 3598 tribulationi-

1826 3648 1945 3708 bus,
1988 3645 2269 3698 Dominum
2298 3643 2617 3696 benedicere
2650 3643 2922 3711 jubemur,
2965 3653 3069 3693 non
3110 3637 3272 3692 alium
3298 3635 3400 3690 nisi

1827 3751 1971 3799 eum,
2011 3733 2103 3802 qui
2145 3731 2271 3784 fecit
2302 3729 2496 3785 cmlum
2534 3738 2589 3782 et
2633 3727 2829 3781 terram
2869 3745 2881 3778 :
2915 3726 3110 3778 Caelum
3140 3725 3253 3778 caeli
3291 3723 3400 3777 Do-

1830 3825 2004 3885 mino,
2055 3831 2248 3874 terram
2307 3829 2478 3872 autent
2525 3817 2667 3871 dedit
2718 3815 2843 3883 ﬁliis
2889 3814 3154 3867 hominum
3219 3812 3398 3880 (Psai.

1830 3930 1982 3977 cxm,
2018 3911 2127 3982 16),
2162 3910 2252 3980 qui
2284 3910 2350 3964 de
2379 3909 2604 3963 terrenis
2634 3905 2698 3960 ad
2726 3904 2966 3960 caelestia
3003 3900 3292 3956 ascendere
3311 3899 3401 3970 ju-

1834 4003 2044 4057 bentur.

172 4105 3385 4138 _——_—_—_—_——_________—__—___—_._—_

1458 4212 1687 4271 HYMN
1697 4211 1786 4271 US
1839 4212 2093 4272 VETUS

1307 4331 1390 4384 DE
1426 4329 1519 4384 XV
1558 4326 1847 4382 PSALMIS
1882 4326 2236 4383 GRADUUM.

1569 4428 1956 4441 ———_

1502 4507 1740 4547 IONI’I‘UH
1781 4505 2050 4545 PBEVIUII.

226 4620 396 4692 Hujus
419 4623 601 4692 hymni
629 4635 897 4680 auctorem
927 4639 1031 4679 non
1053 4639 1170 4678 esse
1197 4625 1498 4690 Alcuinnm,
1539 4626 1767 4679 diximus
1808 4622 2054 4690 Superius
2083 4620 2136 4692 in
2146 4689 2154 4692 _
2173 4617 2555 4692 przenotatione
2597 4617 2662 4671 ad
2703 4617 2898 4692 trinum
2927 4615 3390 4692 _COlllll1_eliltIrItllil

162 4684 803 4765 Psalmorum‘hucusque
829 4698 1165 4765 recensitum.
1209 4691 1319 4748 Hoc
1349 4684 1523 4749 tamen
1566 4697 1681 4749 loco
1710 4695 1853 4765 illum
1875 4684 2015 4765 'apte
2057 4684 2307 4742 collocari
2336 4689 2658 4765 censuimus.
2686 4687 2825 4754 quod
2863 4686 3047 4765 saltem
3066 4686 3146 4765 _ab
3170 4684 3392 4741 Alcuino

159 4761 524 4833 scriptus,jvel
551 4755 797 4822 dictatus.
825 4781 1024 4833 suoque
1049 4764 1237 4818 dilecto
1263 4765 1468 4831 Aquila:
1511 4766 1744 4818 directus
1789 4755 1966 4825 fuerit,
2008 4759 2453 4833 proutmexﬂepist.
2497 4755 2595 4833 155
2620 4765 2852 4833 constat.
2887 4755 3037 4833 nunc
3066 4757 3236 4825 ipsum
3255 4771 3393 4833 _vero

160 4825 334 4885 locum
359 4831 522 4902 etiam
545 4843 769 4901 occupat
803 4837 853 4889 in
889 4825 1194 4902 pérvetusto
1222 4825 1403 4887 codice
1434 4851 1535 4888 ms.
1573 4835 1905 4888 bibliothecae
1940 4825 2134 4885 nostra:
2165 4830 2223 4882 S.
2249 4825 2592 4882 Enimerami.
2618 4826 2898 4881 Lectiones
2929 4825 3233 4881 differentes
3254 4825 3395 4885 inter

161 4914 327 4954 unctis
356 4900 668 4956 inclusimus
694 4918 760 4955 ex
787 4900 903 4958 cod;
931 4903 1386 4965 Reichenaviensi,
1412 4918 1508 4956 seu
1539 4904 1728 4957 Divitis
1755 4903 1957 4972 Augize.

516 4993 596 5047 Ad
623 4993 899 5047 Dominum
930 4996 1289 5056 clamavcram,
1317 4993 1440 5045 dum
1469 4992 1620 5063 [Cod.
1657 4994 1855 5054 Reich.,
1888 4990 2034 5064 cum]
2067 4989 2348 5045 tribulatus
2377 4985 2601 5052 fueram,

513 5083 578 5136 Et
605 5082 874 5137 exaudivit
902 5082 1156 5138 Dominus
1185 5096 1395 5138 servum
1422 5097 1576 5134 suum
1607 5083 1944 5150 quantocius.

513 5175 695 5230 lm'avi
720 5192 856 5230 meos
882 5174 1078 5236 oculos,
1104 5175 1282 5228 statim
1316 5173 1382 5226 ad
1413 5180 1618 5225 montes
1645 5171 1916 5238 pristinos,

514 5259 667 5315 Unde
695 5263 798 5317 erit
825 5262 1081 5316 altissimo
1109 5262 1363 5315 auxilium
1395 5276 1425 5314 a
1452 5259 1695 5314 Domino.

512 5349 930 5420 390'Lctatus
959 5367 1070 5405 sum
1096 5350 1149 5402 in
1180 5350 1436 5413 omnibus,
1466 5364 1585 5421 qum
1609 5348 1740 5401 dixit
1765 5349 1895 5401 mihi
1926 5348 2219 5404 Dominus;

515 5443 594 5497 Ad
622 5443 838 5496 domum
863 5443 955 5499 Dei
984 5443 1115 5514 [Id.,
1149 5441 1378 5510 Domini]
1406 5442 1621 5505 ibimus,
1649 5440 1699 5493 in
1726 5454 1828 5506 qua
1859 5454 2071 5508 semper
2097 5440 2451 5492 Il‘ltlncbilmls‘.

504 5536 584 5588 Ad
609 5544 658 5588 te
685 5543 821 5588 meos
843 5533 999 5589 levavi
1022 5536 1216 5597 oculos,
1241 5548 1272 5587 o
1296 5531 1437 5587 Deus
1463 5533 1600 5603 [Νη
1631 5533 1961 5602 Dominator]
1993 5534 2133 5586 inter
2162 5549 2273 5595 nos,
2361 5575 2364 5578 .

515 5632 616 5697 Qui
642 5650 702 5688 es
729 5634 780 5688 in
806 5632 924 5687 ρωιί
953 5634 1198 5696 culmine,
1231 5639 1348 5685 eum
1379 5630 1686 5698 angelorum
1719 5631 1945 5700 agmine.

522 5723 636 5777 Nisi
661 5726 781 5793 quin
813 5718 1231 5778 altiuimusrmt
1262 5724 1309 5774 in
1344 5719 1485 5773 nobis
1517 5719 1788 5784 Dominus,
