4338 6418
760 471 863 525 Gi3

1624 467 1685 521 Β.
1728 465 1790 521 F.
1827 463 2050 521 ALBINI
2084 461 2218 520 SEU
2250 459 2523 519 ADCUINI
2554 457 2836 517 OPERUM
2872 457 3053 514 PARS
3084 457 3151 512 ΙΙί

3865 457 3970 513 6M

758 596 909 639 ritum
935 598 985 636 ι.
1021 581 1266 638 Redditio
1289 572 1467 638 cause
1506 586 1619 646 est;
1667 593 1772 635 non
1812 579 1955 635 enim
1985 577 2181 632 mirum
2216 583 2321 639 est,
2355 578 2399 636 Α
2426 581 2514 627 tur
2537 570 2779 625 ταῶνας.
2820 569 2963 623 Dicit
3001 576 3182 623 sancta
3208 566 3445 623 Ecclesia
3473 582 3533 623 se
3554 542 3763 639 nigram
3786 570 3973 625 utlte-

756 674 802 726 si
838 673 1078 726 membra
1126 671 1271 725 illius
1295 669 1582 740 unguentis
1619 668 1917 735 redoleant,
1943 680 2066 721 cum
2098 667 2211 735 ipse
2251 665 2320 718 ab

757 769 1027 831 unguento
1059 773 1255 814 nomen
1282 758 1568 825 acceperit.
1593 756 1641 811 Δ
1665 757 1959 812 chrismate
1976 754 2242 817 Christus,
2266 752 2320 808 id

755 860 859 915 est,
910 852 979 905 ab
1008 850 1259 904 unctione
1302 854 1516 910 unctus,
1562 845 1705 914 quod
1748 859 1942 899 nomen
1985 858 2108 899 cum
2148 843 2319 910 gratia

758 942 991 1010 Spiritus
1029 937 1203 995 sancti
1250 937 1304 990 in
1350 935 1674 1003 baptismate
1714 931 1954 987 funditur
1996 933 2050 987 in
2096 938 2320 986 cunctos

758 1023 959 1077 ﬁdeles.
991 1010 1143 1076 Unde
1165 1019 1357 1074 Petrus
1380 1036 1394 1070 :
1424 1015 1695 1082 Quomodo
1719 1015 1866 1068 unxit
1893 1031 2010 1068 eum
2039 1014 2173 1067 Deus
2200 1013 2322 1083 Spi-

758 1113 865 1164 ritu
906 1119 1092 1167 sancto
1138 1118 1187 1161 et
1235 1109 1422 1160 virtute
1468 1106 1604 1174 (Act.
1647 1119 1706 1169 Χ,
1731 1105 1843 1173 '58).
1888 1103 1955 1157 Et
1982 1104 2034 1157 in
2060 1102 2317 1157 Psalmis:

758 1198 919 1252 (luxit
948 1207 998 1251 te
1022 1195 1162 1248 Deus
1187 1193 1299 1248 oleo
1325 1192 1506 1262 gaudii
1530 1208 1638 1260 prae
1668 1190 1988 1243 consortibus
2018 1191 2120 1241 tuis
2147 1187 2317 1255 (Psal.

757 1303 878 1349 ην,
906 1285 980 1355 'l).
1028 1283 1216 1339 Oleum
1256 1282 1389 1336 dicit
1426 1298 1439 1332 :
1485 1294 1590 1333 non
1616 1278 1897 1341 stillatum,
1935 1279 2027 1331 sed
2065 1279 2320 1346 e/I'usum;

758 1392 864 1430 nou
890 1377 1033 1429 enim
1062 1376 1153 1429 dat
1180 1374 1231 1428 ei
1275 1373 1414 1426 Deus
1443 1372 1509 1426 ad
1540 1384 1846 1424 mensuram
1895 1370 2165 1438 spiritum,
2196 1369 2322 1438 quia

758 1470 872 1537 ipse
918 1476 1004 1521 est
1042 1465 1231 1535 plenus
1259 1462 1462 1534 Spiritu
1502 1470 1708 1517 sancto.
1757 1461 1885 1515 Ideo
1926 1461 2324 1515 adolescentqu

758 1554 1048 1609 dilexerunt
1075 1562 1144 1607 te.
1173 1552 1229 1607 ld
1250 1553 1354 1616 est,
1384 1550 1678 1607 electorum
1705 1549 1898 1603 anima:
1921 1549 2093 1617 gratia
2121 1548 2323 1618 baptis-

760 1644 918 1698 matis
944 1650 1234 1696 renovata.
2176 1708 2179 1711 Α

828 1734 988 1786 Vens.
1035 1733 1090 1787 5.
1136 1761 1206 1771 —
1243 1729 1411 1784 Trnhe
1438 1745 1520 1782 me
1544 1739 1657 1800 post
1685 1739 1734 1783 te
1758 1729 1808 1782 ι).
1854 1728 2136 1799 Synagoga
2175 1729 2325 1799 prius

758 1822 923 1875 Deum
950 1822 1152 1886 venire,
1178 1829 1232 1875 et
1258 1820 1496 1876 osculum
1525 1821 1671 1890 pacis
1714 1818 1815 1875 sibi
1858 1820 2053 1875 oﬁ'erre
2079 1814 2318 1889 postula-

2421 666 2537 726 dar,
2565 662 2689 731 quia
2725 659 3100 714 aﬁlictionibus
3136 659 3428 715 inﬁdelium
3458 660 3969 727 itaut-om,

2418 750 2576 820 quasi
2623 747 2789 802 totius
2832 747 3015 801 mundi
3060 746 3212 802 ﬁeret
3250 746 3484 801 inimica.
3517 746 3767 803 Salomon
3795 757 3975 806 etno-

2419 839 2583 904 mine,
2618 845 2682 893 et
2723 839 2834 893 vita
2878 837 3133 908 paciﬁcus
3176 845 3312 901 erat,
3349 838 3441 906 qui
3484 838 3586 893 sibi
3635 825 3860 895 tentoria
3906 840 3977 896 de

2420 936 2752 982 mortuorum
2782 927 3093 981 animalium
3125 926 3351 996 pellibus
3388 925 3648 994 faciebat;
3692 928 3767 983 ita
3794 924 3977 990 Durni-

2418 1032 2520 1070 nus
2546 1016 2842 1071 Ecclesiam
2867 1016 2934 1072 de
2961 1016 3067 1072 illis
3090 1016 3406 1071 animalibus
3429 1018 3532 1081 sibi
3556 1025 3706 1077 creat
3724 1034 3846 1088 qua
3880 1019 3975 1076 de-

2420 1107 2613 1161 sideria
2661 1108 2840 1163 carnis
2880 1109 2934 1162 in
2964 1124 3023 1162 se
3059 1108 3416 1172 mortiﬁcant;
3460 1124 3592 1178 ergo
3632 1108 3991 1167 estEcclesia‘
4035 1105 4045 1113 ’

2419 1196 2609 1250 similis
2641 1198 2794 1265 pellis
2823 1198 3123 1266 Salomonis
3153 1198 3196 1250 ί.
3712 1219 3721 1227 ·

2490 1287 2652 1341 Vens.
2685 1286 2736 1340 5.
2753 1317 2832 1331 -.
2844 1286 3021 1340 Nolite
3047 1303 3126 1339 me
3153 1287 3500 1350 considerare,
3521 1287 3661 1357 quod
3683 1288 3830 1356 fusca
3848 1289 3973 1354 situ,

2418 1377 2543 1444 quia
2567 1374 2879 1429 decoloravit
2908 1392 2989 1429 me
3025 1376 3124 1429 sol.
3168 1377 3223 1430 ld
3250 1385 3353 1441 est,
3390 1376 3553 1431 nolite
3593 1377 3780 1432 mirari
3804 1378 3852 1433 si
3878 1379 3976 1434 ho-

2421 1465 2655 1519 minibus
2681 1465 2929 1534 despecta
2956 1466 3079 1529 sim,
3110 1466 3234 1534 quia
3257 1474 3423 1521 aestus
3443 1466 3621 1521 nimia:
3649 1467 3977 1537 persecutio-

2421 1552 2523 1615 nis,
2567 1551 2650 1605 vel
2676 1550 3053 1608 amor‘Christi
3082 1567 3168 1607 me
3199 1548 3523 1612 deeoloraiit
3550 1544 3595 1606 κς
3639 1548 3766 1617 Filii
3792 1556 3975 1611 matris

2420 1657 2550 1693 mete
2584 1651 2938 1712 pugnaverunt
2977 1652 3157 1696 contra
3197 1659 3276 1696 me
3304 1658 3321 1696 :
3348 1654 3629 1711 posuerunt
3674 1658 3756 1701 me
3802 1653 3978 1698 custo-

2421 1731 2536 1783 dem
2559 1732 2614 1783 in
2631 1732 2826 1794 vineis;
2857 1732 3054 1784 vineam
3082 1747 3247 1785 meum
3276 1748 3381 1785 non
3405 1732 3680 1785 custodiri.
3700 1729 3979 1787 Acerbitas

2421 1819 2809 1887 persecutionis
2848 1819 3074 1874 ﬁliorum
3125 1816 3414 1890 Synagoga:
3457 1817 3723 1890 me;fecit
3764 1821 3977 1875 vineam

759 1913 875 1974 bat;
908 1927 1049 1967 nunc
1077 1912 1311 1967 Ecclesia
1330 1911 1442 1980 jam
1471 1888 1694 1975 venisse,
1715 1911 1828 1980 jam
1857 1912 1923 1965 ad
1951 1888 2116 1965 ccelos
2143 1911 2319 1965 sciens
2352 1892 2393 1950 Β
2420 1906 2802 1976 Hierosolymis
2847 1921 2954 1961 non
3002 1888 3291 1969 custodire,
3337 1888 3433 1960 sed
3475 1888 3762 1960 multarum
3810 1904 3974 1978 [esse]

756 2005 999 2068 rediisse,
1030 2014 1091 2059 ut
1117 2005 1264 2059 illum
1294 2004 1461 2073 possit
1498 2004 1669 2071 sequi,
1706 2002 1989 2057 desiderat.
2017 2001 2167 2067 Quod
2194 2002 2320 2070 quia

757 2108 852 2161 per
901 2110 958 2150 se
1000 2094 1168 2164 ipsam
1215 2093 1436 2163 implere
1474 2108 1579 2147 non
1627 2099 1820 2161 potest,
1869 2091 2006 2161 ejus,
2047 2091 2116 2145 ad
2160 2105 2321 2159 quem

757 2184 940 2238 venire
975 2184 1142 2252 cupit,
1181 2183 1396 2238 ductum
1442 2181 1707 2251 implorat.
1753 2181 1921 2234 Trahe
1968 2178 2049 2233 ine
2086 2188 2199 2248 post
2248 2188 2317 2232 te.

758 2273 811 2326 ld
835 2280 938 2336 est,
960 2273 1084 2340 quia
1110 2272 1223 2325 sine
1251 2280 1301 2325 te
1327 2269 1459 2325 nihil
1488 2285 1769 2338 possumus
1794 2269 1989 2333 facere,
2015 2283 2317 2339 precamur,

759 2376 856 2414 nos
889 2361 954 2413 ad
989 2371 1038 2413 te
1063 2369 1338 2415 currentes
1375 2368 1477 2414 tua:
1503 2359 1851 2428 protectionis
1884 2360 2073 2414 dextra
2112 2370 2321 2413 susten-

757 2460 857 2505 tes.
916 2443 1149 2506 Currere
1218 2451 1362 2505 enim
1406 2450 1489 2503 vel
1539 2466 1754 2504 cursum
1800 2463 2174 2505 consummare
2216 2463 2322 2503 non

758 2559 1061 2612 possumus,
1091 2543 1192 2597 nisi
1230 2550 1282 2595 te
1309 2542 1440 2597 duce
1465 2550 1521 2595 et
1555 2541 1798 2609 adiutore
1833 2558 2132 2598 curramus.
2171 2542 2323 2598 Unde

762 2633 958 2687 l’aulus
984 2630 1157 2685 :'Plus
1184 2631 1287 2685 illis
1314 2631 1548 2685 omnibus
1593 2630 1843 2695 laboravi,
1874 2649 1976 2685 non
2005 2641 2177 2685 tamen
2207 2647 2320 2701 ego,

760 2721 849 2774 sed
879 2721 1047 2789 gratia
1074 2719 1266 2773 Christi
1297 2720 1351 2789 (Ι
1374 2719 1495 2774 Cor.
1520 2736 1609 2786 xv,
1636 2721 1746 2792 10).
1776 2718 2057 2775 Curremus
2086 2720 2241 2775 simul
2270 2722 2324 2774 in

762 2812 973 2865 odorem
1012 2820 1391 2880 unguentorum
1435 2820 1663 2864 tuorum.
1730 2811 1785 2864 ld
1830 2819 1914 2865 est
1996 2812 2325 2864 incremento

764 2902 1027 2956 donorum
1058 2899 1292 2967 Spiritus
1336 2899 1503 2952 sancti
1545 2899 1681 2952 bene
1723 2898 1992 2967 operando
2025 2907 2222 2961 tecum,
2259 2896 2326 2950 ad

763 2990 1092 3044 consortium
1138 2988 1370 3042 celestis
1409 2986 1704 3041 Jerusalem
1760 2988 2108 3050 festinemus,
2162 2993 2220 3041 ut
2274 2995 2328 3039 te

765 3079 1141 3134 ascendentem
1168 3080 1220 3133 in
1244 3079 1437 3133 coelum
1463 3093 1768 3147 sequamur.
1815 3077 2111 3131 Introduxit
2136 3094 2216 3129 me
2240 3094 2329 3130 rea:

766 3173 823 3224 in
860 3168 1073 3224 cellaria
1114 3186 1229 3223 sua.
1277 3168 1334 3222 id
1375 3176 1485 3233 est,
1530 3168 1583 3221 in
1629 3166 1819 3237 gaudia
1869 3167 2099 3222 caelestis
2141 3167 2329 3237 patriae

768 3267 967 3312 :eterna
998 3269 1044 3311 ο.
1073 3258 1296 3313 Cellaria
1327 3259 1467 3329 regis
1492 3258 1675 3312 aeterni
1702 3259 1892 3327 gaudia
1938 3266 2062 3312 sunt
2091 3258 2330 3312 cmlestis

771 3350 976 3419 patriae,
1007 3348 1059 3403 in
1094 3364 1213 3418 qua:
1251 3364 1393 3402 nunc
1421 3348 1656 3401 Ecclesia
1702 3348 2000 3401 introducta
2030 3356 2115 3401 est
2136 3363 2235 3417 per
2262 3347 2328 3401 ﬁ-

773 3438 914 3500 dem,
944 3435 1325 3490 introdueenda
1350 3434 1557 3504 plenius
1575 3448 1673 3502 per
1701 3449 1834 3489 rem.
1866 3432 2256 3489 Exsultabimus
2282 3444 2330 3490 et

774 3525 1067 3580 ltetabimur
1094 3525 1149 3577 in
1186 3533 1262 3588 te,
1300 3539 1547 3577 memores
1579 3523 1792 3577 uberum
1830 3533 2037 3577 tuorum
2078 3540 2232 3593 super
2259 3525 2333 3577 ri-

775 3632 918 3668 nuru.
945 3614 1003 3668 ln
1033 3622 1101 3677 te,
1134 3630 1238 3668 non
1286 3614 1339 3668 in
1365 3613 1538 3677 nobis,
1564 3628 1831 3668 memores
1857 3627 1956 3681 per
1985 3612 2164 3666 omnia
2211 3611 2331 3665 ﬁdei

775 3704 1004 3771 gratiam
1045 3718 1205 3772 super
1246 3703 1381 3771 legis
1417 3703 1713 3756 doctrinam
1736 3702 1785 3766 ἀ,
1815 3702 1956 3770 quod
2003 3709 2084 3756 est
2120 3702 2329 3757 dicere:

777 3804 1112 3859 nequaquam
1171 3805 1267 3844 nos
1324 3791 1389 3844 de
1438 3792 1701 3859 perceptis
1749 3790 2085 3852 extollimus,
2134 3791 2229 3845 sed
2279 3790 2333 3843 in

777 3883 966 3946 omni,
1017 3882 1160 3951 quod
1208 3882 1343 3935 bene
1387 3881 1650 3944 vivimus,
1710 3882 1776 3935 de
1823 3888 1914 3934 tua
1967 3879 2335 3934 misericordia

779 3969 1178 4031 cxsultabimus,
1200 3970 1481 4031 memores,
1506 3977 1703 4036 quanta
1723 3970 1919 4038 pietate
1944 3983 2042 4022 nos
2067 3980 2336 4028 recreare,

783 4058 1013 4124 qualiter
1053 4060 1417 4112 austeritatem
1466 4059 1615 4126 legis,
1648 4060 1816 4128 gratia
1860 4057 2177 4128 evangelica:
2216 4056 2337 4112 ﬁdei

783 4149 1033 4216 dignatus
1078 4160 1137 4200 es
1180 4147 1442 4215 mitigare.
1487 4146 1632 4199 Recti
1674 4147 1896 4217 diligunt
1938 4158 2005 4200 te.
2056 4145 2241 4201 Nullus
2287 4157 2338 4201 te

784 4238 955 4305 diligit
994 4238 1095 4290 nisi
1136 4247 1343 4291 rectuS'
1392 4244 1447 4292 et
1484 4236 1659 4291 nullus
1695 4245 1780 4290 est
1812 4245 1992 4291 rectus
2029 4237 2132 4291 nisi
2160 4238 2251 4303 qui
2290 4247 2341 4290 te

787 4327 975 4394 diligit.

860 4420 1016 4473 Vens.
1049 4420 1101 4472 4.
1121 4450 1191 4460 -
1213 4421 1381 4489 Nigra
1408 4436 1545 4484 sum,
1578 4421 1667 4473 sed
1703 4420 1951 4489 formosa,
1985 4419 2108 4487 ﬁlia:
2129 4420 2344 4474 Jerusa-

2420 1997 2731 2061 vinearum,
2777 1997 2831 2051 id
2875 2004 2958 2052 est
2987 1996 3345 2051 Ecclesiarum
3369 2036 3385 2062 ,
3427 2011 3525 2065 per
3565 1997 3751 2055 orbem
3797 2007 3979 2057 ωειδ-

2420 2087 2542 2141 dem
2565 2086 2618 2140 δ.
2668 2086 2840 2139 Mater
2866 2086 3148 2154 primitivre
3171 2085 3421 2139 Ecclesia:
3450 2083 3732 2155 Synagoga
3756 2093 3859 2149 est,
3888 2086 3977 2141 cui

2418 2190 2516 2246 per
2541 2177 2856 2246 prophetam
2891 2176 3087 2230 dicitur
3117 2193 3130 2228 :
3157 2174 3306 2238 Sion,
3337 2184 3394 2229 tu
3420 2174 3677 2230 vocaberis
3700 2176 3905 2243 civitas,
3927 2185 3978 2234 et

2421 2272 2584 2317 mater
2616 2264 2881 2316 civitatum
2911 2262 3094 2334 (Zach.
3126 2264 3352 2334 vm,,3).
3807 2258 3813 2263 ’

2447 2382 2453 2389 ’
2490 2369 2651 2426 Vens.
2680 2370 2733 2424 6.
2757 2399 2829 2410 ——
2861 2370 3048 2425 Indica
3072 2373 3219 2435 mihi,
3248 2388 3398 2442 quem
3428 2371 3598 2442 diligit
3631 2372 3810 2426 anima
3835 2388 3977 2438 mea,

2421 2460 2509 2517 ubi
2534 2477 2740 2531 pascas,
2777 2461 2866 2514 ubi
2887 2462 3038 2516 cubes
3080 2463 3135 2515 in
3161 2463 3394 2527 meridie,
3430 2480 3495 2517 ne
3526 2462 3704 2533 uagari

2421 2560 2534 2619 post
2569 2567 2746 2622 greges
2768 2551 3027 2606 sodalium
3057 2562 3283 2607 tuorum.
3332 2554 3507 2610 Indica
3546 2554 3677 2608 mihi
3701 2560 3974 2622 pastorem

2423 2654 2622 2705 meum,
2647 2654 2804 2709 quem
2854 2648 2965 2695 tota
2990 2642 3167 2695 anima
3194 2642 3374 2713 diligo,
3403 2651 3456 2698 et
3485 2644 3538 2697 in
3566 2643 3758 2711 quibus
3780 2656 3979 2711 pascua

2423 2727 2581 2799 [Cod.
2611 2726 2755 2793 ναι,
2784 2729 3060 2802 pascuam]
3102 2738 3156 2784 et
3198 2733 3436 2799 requiem
3463 2732 3684 2795 habeat,
3728 2745 3797 2785 ne
3842 2738 3981 2785 aestu
4010 2799 4017 2804 _

2426 2817 2782 2885 tentationnm
2805 2820 3037 2883 turbata,
3067 2830 3185 2889 post
3210 2820 3487 2885 sodalium,
3519 2821 3570 2874 id
3594 2829 3680 2876 est
3702 2821 3981 2879 haeretico-

2428 2922 2549 2961 rum
2578 2907 2969 2973 conventicula,
2994 2923 3117 2962 eum
3141 2923 3380 2977 quaerere
3405 2909 3672 2977 incipiam.

2494 3018 2658 3073 Vens.
2699 3020 2752 3072 7.
2779 3049 2848 3059 —
2883 3019 2943 3074 Si
2991 3021 3199 3090 ignoras
3244 3031 3313 3085 te,
3365 3038 3409 3095 ο-
3436 3021 3781 3089 pulcherrima
3819 3017 3977 3091 [ϐοὰ.

2429 3105 2573 3169 Vat.,
2602 3106 2842 3177 pulchra]
2887 3108 3024 3160 inter
3065 3107 3326 3170 mulieres,
3375 3108 3613 3177 egredere
3654 3116 3704 3162 et
3742 3107 3827 3161 alit
3868 3118 3981 3177 post

2354 3204 2399 3266 ο
2434 3195 2643 3263 vestigia
2665 3210 2895 3265 gregum.
2934 3195 2989 3249 Si
3035 3196 3248 3266 ignoras
3278 3205 3329 3251 te
3357 3199 3453 3253 sub
3477 3195 3777 3265 huiusmodi
3814 3203 3986 3251 tenta:

2432 3285 2593 3340 tionis
2619 3286 2820 3340 ditione
2848 3285 2965 3357 [F.,
2995 3286 3319 3359 conditione]
3351 3287 3479 3341 mihi
3509 3301 3628 3341 esse
3656 3293 3982 3354 sponsatam,

2430 3377 2685 3445 egredere
2713 3392 2744 3430 a
2768 3392 2889 3431 meo
2912 3376 3201 3440 consortio,
3232 3384 3287 3431 et
3309 3376 3486 3430 varios
3513 3375 3808 3430 errantium
3835 3381 3988 3428 actus

2433 3480 2675 3532 sequere.
2706 3465 2776 3517 Et
2799 3482 2951 3533 pasce
2981 3466 3157 3519 htedos
3184 3481 3322 3518 meos
3360 3465 3509 3531 iuxta
3534 3462 3868 3517 tabernacula
3886 3480 3984 3531 pa-

2433 3561 2650 3605 storum.
2692 3551 2749 3611 ω
2772 3560 2875 3635 est,
2900 3553 3138 3621 perditos
3178 3553 3323 3606 nutri
3366 3553 3654 3615 auditores,
3683 3553 3775 3620 qui
3817 3551 3985 3605 secuti

2435 3641 2799 3711 insipientium
2834 3642 3107 3697 doctrinas
3133 3643 3530 3712 magistrorum,
3560 3656 3591 3694 a
3618 3640 3848 3694 sinistris
3880 3648 3990 3695 sta-

2437 3730 2542 3783 turi
2573 3737 2717 3783 sunt.

2513 3814 2669 3869 Vsus.
2725 3814 2779 3869 8.
2814 3844 2885 3854 —-
2906 3813 3176 3885 Equitatui
3223 3831 3334 3869 meo
3362 3818 3418 3869 in
3440 3816 3676 3871 curribus
3700 3815 3990 3870 Pharaonis

2438 3890 2721 3956 assimilan
2755 3913 2836 3968 te,
2885 3905 3053 3957 antica
3098 3921 3233 3961 mea.
3279 3904 3429 3960 Sicut
3468 3906 3698 3975 priorem
3740 3904 3988 3974 populum

2438 3992 2503 4046 de
2528 3991 2780 4062 Egyptio
2814 3992 3033 4047 liberavi
3072 3993 3293 4057 timore;
3339 3994 3420 4048 sic
3459 4004 3511 4048 te
3534 4032 3553 4058 ,
3601 4007 3793 4063 sponsa
3836 3995 3987 4048 mea!

2440 4081 2505 4135 de
2526 4081 2973 4148 persequentium,
3005 4081 3052 4135 si
3087 4081 3139 4135 in
3166 4096 3250 4135 me
3273 4081 3580 4147 conﬁderis,
3605 4082 3842 4137 liberabo
3871 4097 3989 4137 ma-

2442 4170 2618 4222 nibus.

2515 4261 2673 4314 Vens.
2719 4261 2772 4315 9.
2799 4291 2868 4299 —
2908 4260 3154 4315 Pulchra:
3177 4270 3293 4315 sunt
3322 4277 3464 4331 genae
3487 4271 3593 4315 tua:
3617 4262 3748 4315 sicut
3775 4260 3992 4313 turturis

2446 4348 2597 4420 [Cod.
2626 4350 2771 4415 Vat,.,
2800 4351 3002 4422 turris].
3054 4352 3224 4405 Tanta
3272 4359 3324 4405 te
3366 4350 3700 4405 verecundia
3743 4341 3991 4403 salutaris

2445 4439 2639 4491 virtute
2662 4438 2932 4501 decoravi,
2962 4447 3022 4490 ut
3054 4439 3350 4493 castitatem
3376 4436 3655 4506 promisse
3687 4434 3817 4488 mihi
3848 4432 3990 4498 ﬁdei.

789 4507 907 4560 lem.
966 4508 1124 4577 Nigra
1169 4524 1285 4562 sum
1329 4509 1382 4562 in
1425 4510 1687 4578 pressuris
1723 4512 2153 4577 persecutionum
2179 4551 2194 4575 ,
2246 4512 2339 4565 sed
2367 4525 2415 4585 ο
2441 4542 2502 4577 nu

2275 4512 2339 4565 ’ἑά
2367 4525 2415 4585 D
2441 4526 2584 4577 nulla
2631 4540 2916 4591 pravorum
2960 4527 3233 4579 doctorum
3295 4525 3602 4579 seductione
3663 4537 3988 4593 corrumpas.

790 4598 1019 4651 formosa
1049 4599 1102 4652 iu
1139 4599 1332 4654 decore
1357 4600 1610 4653 virtutum
1643 4612 1688 4652 θ.
1726 4601 1875 4666 Quod
1903 4610 2001 4663 est,
2048 4602 2200 4669 nigra
2225 4602 2344 4669 qui-

789 4690 909 4742 dem
963 4690 1015 4742 in
1064 4690 1234 4743 oculis
1286 4691 1720 4757 persequentium
1769 4706 2028 4757 appareo,
2080 4693 2175 4745 sed
2221 4700 2346 4743 ante

794 4781 957 4833 Deum
987 4787 1176 4831 ornata
1199 4779 1391 4831 decore
1416 4779 1672 4829 virtutum
1713 4777 1967 4845 refulgeo.
2003 4777 2150 4831 Sicut
2179 4778 2349 4831 taber-

794 4869 983 4921 nacula
1021 4867 1197 4920 Kednr
1222 4868 1373 4938 [ϐοά.
1406 4868 1547 4930 Vat.,
1580 4865 1793 4937 Cedar],
1835 4869 1968 4920 sicut
2009 4868 2157 4936 pellis
2193 4867 2349 4922 Salo-

798 4958 982 5009 monis.
1012 4957 1188 5009 Kedar
1215 4956 1357 5010 ﬁlius
1385 4957 1641 5019 lsmaclis,
1673 4958 1815 5024 quod
1833 4955 1996 5027 395
2033 4958 2350 5024 interpreta—

869 5100 893 5127 ι
919 5087 1048 5142 Cod.
1075 5087 1228 5142 Vat.:
1252 5088 1292 5139 Α
1315 5088 1538 5141 chrisma
1561 5089 1813 5150 Christus,
1837 5087 1890 5139 id
1911 5088 2093 5157 estqui)
2114 5087 2352 5157 unctione

799 5167 1001 5217 unctus,
1032 5156 1169 5226 quod
1196 5171 1381 5226 nomen
1401 5171 1516 5206 cum
1544 5158 1717 5226 gratia
1739 5157 1903 5226 sancti
1930 5154 2155 5226 Spiritus
2184 5154 2354 5226 in_ba-

798 5222 1310 5293 ptismate'funditur
1352 5225 1407 5275 in
1434 5222 1639 5293 cunctos
1684 5224 1879 5289 ﬁdeles.
1926 5222 2131 5277 Canem
2157 5223 2351 5276 omissa

799 5292 943 5352 Sunt.
967 5309 1135 5361 usque
1157 5312 1168 5346 :
1198 5292 1322 5361 Ideo
1348 5292 1755 5345 adolescentulm.

872 5363 900 5401 δ
925 5357 1233 5415 Cod.'Vat.:
1265 5360 1332 5414 Ut
1371 5371 1417 5414 te
1438 5362 1792 5430 ascendentem
1830 5360 1891 5430 in
1916 5357 2098 5412 emtum
2134 5375 2385 5430 sequar;_

805 5429 925 5483 aliis
951 5430 1181 5489 omissis,
1211 5445 1400 5496 usque,
1428 5429 1707 5483 Curremus
1735 5427 1910 5483 simul.

876 5509 897 5536 ι
1082 5497 1202 5577 vat.
1222 5499 1427 5577 euiluit
1442 5514 1504 5552 ea
1519 5514 1636 5567 quae
1655 5500 1791 5553 banc
1808 5504 1917 5551 not.
1934 5503 2249 5566 sequuntur,
2271 5511 2358 5550 us—

806 5580 930 5633 tum,
958 5566 1366 5620 Exsultabirnus.

830 5702 840 5713 ι
876 5636 900 5713 fl
928 5635 1059 5713 Cod.
1087 5637 1201 5687 \‘at.
1224 5651 1235 5685 :
1266 5634 1481 5713 Intende
1509 5636 1733 5713 ininobis
1761 5651 1956 5713 memo_r
1980 5652 2071 5705 per
2092 5634 2265 5713 omnia
2284 5634 2360 5713 fi-

807 5702 888 5756 dei
927 5706 1147 5772 gratiam
1179 5720 1332 5772 super
1377 5702 1500 5759 leais
1538 5703 1846 5758 doctrinam.
1899 5702 2102 5759 cetera
2148 5704 2359 5766 desunt,

811 5771 977 5839 usque
1010 5790 1021 5824 :
1055 5771 1195 5826 Betti
1224 5771 1443 5840 diligunt
1474 5788 1539 5822 t.'.

2444 4612 2644 4665 Collum
2674 4626 2818 4668 tuum
2843 4616 2974 4668 sicut
2998 4614 3230 4669 monilia.
3264 4614 3321 4668 In
3345 4613 3476 4669 collo
3501 4613 3670 4669 sancti
3693 4613 3991 4684 pradicato-

2446 4721 2550 4767 res,
2582 4704 2699 4772 qui,
2746 4708 2888 4774 quod
2934 4708 3099 4761 verbo
3144 4707 3353 4771 docent,
3398 4706 3651 4774 operibus
3689 4703 3993 4763 ostendunt,

2444 4794 2828 4863 designantur:
2879 4794 2933 4848 in
2960 4794 3234 4848 monilibus
3286 4794 3464 4863 operis
3510 4804 3695 4845 eorum
3734 4787 3990 4857 perfectio

2445 4880 2764 4948 exprimitur
2791 4882 2835 4934 ί.

2517 4970 2679 5024 Vsus.
2709 4967 2796 5021 10.
2816 4995 2889 5007 ——
2911 4965 3234 5021 Hurrenulas
3277 4982 3461 5021 aureas
3491 4965 3745 5034 faciamus
3769 4961 3862 5016 tibi
3885 4977 3994 5015 cer-

2523 5111 2547 5137 θ
2578 5099 2705 5153 Cod.
2730 5098 2850 5152 Vat.
2876 5100 3151 5167 sequentia
3187 5101 3326 5155 hanc
3350 5106 3531 5153 notam
3556 5094 3776 5156 omittit,
3808 5105 3993 5159 ιιεφκν

2455 5167 2601 5222 Sicut
2631 5168 2984 5221 tabernacula.

2528 5236 2546 5273 ί
2579 5234 2709 5290 Cod.
2740 5236 2860 5306 Vat.
2891 5244 3011 5306 post
3038 5244 3238 5291 textum
3269 5234 3377 5306 :_ln
3417 5230 3743 5306 temptatione
3781 5227 3998 5306 obseura

2453 5304 2768 5374 dtvmonurn,
2795 5295 3023 5374 formosa
3063 5307 3119 5358 in
3144 5295 3762 5367 mortiﬁcando'carnalia
3802 5295 4000 5351 deside-

2456 5373 2557 5436 ria,
2583 5373 3048 5428 caeteris'omissis.

2529 5431 2554 5479 έ
2578 5440 2706 5493 Cod.
2731 5441 2853 5496 Vat.
2884 5449 3005 5509 post
3038 5446 3238 5509 textum
3263 5454 3276 5490 :
3304 5436 3479 5509 Nolite
3497 5434 3695 5498 mirari,
3717 5435 3764 5489 si
3784 5431 4004 5493 nonini-

2458 5508 2551 5577 bus
2580 5509 2806 5577 dispecta
2827 5506 2926 5563 sim
2954 5508 3080 5577 foris
3102 5508 3163 5560 ob
3187 5506 3575 5577 temptationum
3598 5513 3773 5559 astus.
3877 5562 3919 5577 __,

2527 5576 2553 5614 ιι
2578 5565 2708 5645 Qad.
2738 5575 2857 5631 Vat.
2878 5589 2944 5629 ea
2954 5565 3078 5645 'qua:
3099 5584 3275 5645 notam
3289 5565 3434 5628 lianc
3458 5576 3766 5645 sequuntur,
3786 5565 3999 5645 omittit.

2535 5645 2549 5683 ί
2589 5640 2719 5697 Cod.
2753 5644 2909 5698 Vat.:
2944 5637 3008 5698 In
3036 5643 3167 5698 collo
3203 5641 3435 5696 doctores
3463 5637 3628 5696 sancti
3652 5637 3998 5708 designantur.

2464 5710 2528 5765 In
2554 5710 2829 5767 monilibus
2858 5729 3014 5782 opera
3040 5712 3415 5780 exprimuntur,
3442 5711 3564 5781 quia
3583 5722 3720 5779 qua.
3740 5716 3847 5762 etc.
