4338 6398
199 427 301 486 6ἱῦ

196 540 470 595 miculatas
515 553 746 612 argento.
798 544 854 597 ln
905 547 1212 602 muraenulis
1253 547 1533 616 Scriptura
1576 559 1760 604 sancta
1788 553 1837 610 Α

195 630 512 693 ostenditur,
561 646 680 699 qua:
713 647 846 686 auro
885 634 1243 701 spiritualium
1291 651 1544 690 sensuum
1596 638 1760 710 fulget

197 720 443 784 interius,
477 730 533 775 et
563 733 788 792 argento
825 725 1059 780 cmlestis
1082 728 1276 796 eloquii
1306 730 1459 782 nitet.

263 811 426 864 Vens.
455 811 540 864 11.
560 843 632 852 -
651 813 787 866 Dum
812 824 939 869 esset
970 834 1058 869 rex
1080 819 1135 870 in
1160 820 1397 872 accubitu
1421 837 1536 883 suo,
1566 821 1761 874 nardus

194 913 307 950 mea
327 898 468 951 dedit
489 901 701 954 odorem
725 920 898 956 suum.
934 905 1078 974 Rege
1105 905 1321 960 Christo
1351 908 1402 960 in
1430 908 1760 962 beatitudine

193 985 428 1041 cmlestis
463 990 656 1043 secreti
695 992 1001 1060 quiescente
1033 993 1184 1064 [ϐοά.
1224 994 1360 1060 Vat.,
1387 997 1582 1065 Regi...
1610 999 1759 1065 quie-

191 1074 384 1148 scenti]
431 1085 744 1131 sanctorum
783 1080 956 1133 virtus
994 1082 1046 1134 in
1085 1082 1321 1136 Ecclesia
1363 1100 1568 1152 magna:
1607 1086 1761 1140 nobis

189 1164 422 1233 gratiam
449 1166 728 1220 suavitatis
757 1169 1117 1224 administrat.
1402 1159 1408 1167 ’

258 1277 422 1331 Vnus.
446 1277 532 1331 12.
550 1277 940 1335 .——Fasciculus
963 1284 1188 1351 myrrhae
1207 1284 1425 1338 dilectus
1446 1302 1589 1338 meus
1608 1288 1735 1339 mihi
1743 1328 1758 1352 ,

185 1364 325 1417 inter
367 1366 529 1419 ubera
569 1384 685 1420 mea
737 1372 1159 1430 commorabitur.
1211 1372 1356 1426 Mors
1400 1373 1579 1428 dilecti
1631 1377 1754 1438 mei,

185 1468 347 1520 quam
381 1469 482 1523 pro
517 1472 638 1512 mea
669 1458 840 1513 salute
869 1461 1053 1524 subiit,
1085 1477 1297 1531 semper
1326 1463 1379 1516 in
1408 1479 1527 1518 mea
1558 1480 1759 1520 memo-

187 1543 265 1596 ria
293 1550 739 1604 commorabitur.

255 1635 416 1690 νεαρ..
450 1639 536 1691 15.
560 1670 631 1679 -
652 1640 843 1695 Botrus
886 1643 1043 1713 Cypri
1084 1644 1302 1700 dilectus
1344 1664 1489 1701 meus
1523 1650 1668 1711 mihi,
1701 1651 1756 1703 in

180 1723 340 1778 vineis
355 1725 618 1794 Engaddi.
647 1729 746 1794 Qui
776 1732 966 1801 [Edit.,
993 1734 1144 1804 quid]
1171 1734 1272 1788 fuit
1302 1735 1585 1793 fasciculus
1612 1755 1787 1809 myr—.

181 1811 367 1865 rhaa-in
400 1815 754 1877 amaritti‘tnne
776 1822 1057 1887 passionis,
1078 1824 1191 1890 ipse
1215 1834 1298 1877 est
1315 1825 1499 1880 botrus
1513 1829 1671 1897 Cypri
1699 1830 1752 1884 in

180 1901 462 1956 dulcedine
516 1910 942 1963 resurrectionis.
993 1912 1206 1981 Myrrha
1249 1915 1531 1975 tristiﬁcat,
1571 1919 1752 1972 vinum

178 1991 432 2046 lietiﬁcat.
449 1994 515 2047 In
530 1997 686 2049 vineis
699 1997 962 2068 Engaddi,
979 2013 1196 2070 propter
1212 2006 1535 2059 charismata
1553 2009 1750 2071 divina,

175 2097 296 2150 quae
307 2092 438 2150 post
457 2089 906 2144 resurrectionem
930 2092 1152 2162 largitus
1172 2104 1254 2147 est
1275 2096 1326 2148 in
1354 2097 1617 2164 baptismo
1642 2101 1754 2154 suis

176 2174 810 2248 participibus.Engaddi,
830 2181 948 2236 fons
957 2183 1114 2248 haedi,
1130 2184 1450 2254 baptismum
1465 2190 1748 2256 signiﬁcat.

243 2280 406 2334 Vens.
439 2283 525 2334 M.
544 2315 615 2323 —
636 2285 771 2339 Ecce
798 2298 850 2340 tu
871 2287 1086 2358 pulchra
1110 2309 1182 2356 es,
1208 2295 1376 2346 amica
1399 2312 1533 2356 mea,
1559 2314 1672 2351 ecce
1695 2309 1749 2351 tu

173 2368 396 2433 pulchra
423 2386 497 2424 es.
551 2371 782 2427 Pulchra
811 2391 869 2429 es
894 2379 1148 2444 operibus
1177 2383 1408 2443 mundis,
1435 2385 1629 2451 quibus
1658 2401 1746 2438 so-

174 2452 292 2506 brie
322 2456 376 2508 in
407 2457 508 2512 hoc
543 2461 737 2515 satculo
772 2467 1127 2520 conversaris.
1186 2468 1414 2524 Pulchra
1440 2486 1498 2524 es
1538 2474 1588 2525 in
1621 2476 1749 2528 sim-

171 2541 415 2610 plicitate
439 2550 638 2614 cordis,
669 2552 792 2618 quia
822 2569 920 2622 pro
949 2555 1059 2608 sola
1095 2560 1415 2612 mternitatis
1457 2561 1749 2619 intentione

172 2630 328 2684 bonis
370 2635 580 2690 actibus
621 2638 842 2694 insistis.
889 2641 1039 2694 Oculi
1066 2646 1143 2696 tui
1171 2646 1332 2715 395
1367 2647 1744 2707 columbarum.

170 2716 321 2772 Oculi
367 2723 548 2776 cordis
595 2727 672 2779 tui
713 2731 894 2782 mundi
943 2746 1006 2784 ac
1055 2735 1352 2801 simplices,
1397 2745 1452 2789 et
1491 2739 1558 2791 ab
1601 2742 1745 2794 omni

171 2808 487 2877 duplicitate
530 2813 744 2870 fallendi
786 2818 1081 2887 immunes;
1115 2825 1219 2887 vel,
1249 2840 1440 2880 sensus
1479 2829 1555 2880 tui
1590 2830 1747 2896 spiri-

172 2897 302 2949 tuali
330 2907 459 2952 sunt
491 2901 763 2958 intellectu
791 2909 996 2973 przediti
1030 2922 1074 2964 ο.

239 2985 400 3040 VERE.
442 2989 527 3041 15.
549 3021 619 3029 -
641 2991 775 3046 Ecce
795 3004 849 3046 tu
874 2998 1088 3064 pulcher
1105 3015 1182 3063 es,
1206 3001 1388 3054 dilecte
1433 3005 1559 3056 mihi

171 3075 500 3146 Vat.,mi],et
535 3081 752 3136 decorus
789 3086 836 3136 ι).
875 3087 1110 3142 Audiens
1135 3099 1318 3144 sancta
1362 3093 1600 3147 Ecclesia
1653 3112 1743 3165 ge—

169 3163 370 3217 minam
397 3165 498 3218 sibi
539 3183 569 3219 a
598 3168 823 3224 Domino
850 3175 1323 3242 pulchritudinem,
1350 3185 1528 3248 operis
1557 3163 1745 3237 videli-

168 3260 253 3306 cet
279 3263 337 3308 et
365 3257 692 3321 intentionis,
726 3276 846 3315 cum
879 3265 1219 3332 simplicitate
1245 3272 1367 3337 puri
1399 3275 1599 3337 cordis,
1620 3290 1739 3329 esse

169 3343 519 3409 attributam,
564 3348 753 3403 devota
800 3363 930 3406 voce
951 3388 962 3398 ι
987 3359 1270 3425 respondet
1311 3377 1322 3412 :
1358 3361 1468 3430 Ego
1525 3365 1738 3431 quidem

169 3429 424 3499 quidquid
468 3435 896 3504 pulchritudinis,
948 3445 1156 3512 gratiae,
1205 3429 1582 3516 simplicitatis,
1628 3457 1740 3522 spei

167 3515 373 3583 habeo,
423 3529 476 3574 te
519 3522 773 3593 largiente
829 3533 1076 3600 percepi;
1136 3543 1190 3588 tu
1246 3515 1423 3592 autem
1476 3515 1744 3598 veraciter

167 3620 220 3663 et
247 3612 367 3666 sine
402 3619 801 3684 comparatione
847 3621 1072 3692 pulcher
1107 3639 1190 3690 es,
1216 3636 1270 3680 et
1294 3629 1521 3684 decorus
1549 3635 1740 3689 divinae

169 3703 521 3768 perpetuitate
542 3715 767 3772 naturae,
793 3718 847 3763 et
881 3721 1166 3780 assumptis
1197 3717 1544 3774 humanitatis
1573 3724 1738 3776 mira-

168 3790 255 3843 bili
297 3791 593 3861 dignitatea
632 3796 872 3854 Lectulus
912 3814 1084 3855 noster
1131 3807 1372 3872 ﬂoridus.
1427 3810 1739 3878 Requiescit

166 3890 362 3944 sponsa
392 3894 512 3934 cum
539 3898 735 3950 sponso
762 3886 817 3940 in
867 3887 1081 3954 lectulo,
1127 3908 1249 3946 cum
1301 3903 1538 3963 tempore
1586 3902 1739 3966 pacis

167 3963 354 4019 ﬂorido
383 3979 434 4032 ο,
467 3987 571 4038 pax
601 3984 796 4030 sanctae
825 3978 1096 4045 Ecclesize,
1124 3993 1178 4036 et
1202 3985 1490 4040 virtutibus
1533 3963 1736 4046 sanctis

166 4053 422 4120 ﬂorescit,
462 4068 519 4111 et
545 4063 808 4129 spirituali
843 4070 993 4135 prole
1020 4071 1422 4141 multiplicatur.

236 4164 398 4218 Vens.
442 4166 523 4219 16.
555 4198 626 4208 -
648 4170 812 4241 Tigna
837 4175 1110 4230 domorum
1157 4192 1451 4237 nostrarum
1497 4190 1731 4255 cedrino,

162 4249 433 4318 laquearia
455 4265 630 4308 nostra
654 4265 966 4328 cypressina.
994 4264 1161 4334 Tigna
1181 4275 1238 4320 et
1259 4269 1527 4338 laquearia
1552 4249 1733 4331 docto;

164 4352 249 4390 res
273 4348 475 4430 sancta:
501 4343 772 4430 Ecclesiae,
819 4361 1034 4420 propter
1059 4357 1329 4423 munimen
1376 4357 1527 4430 [Cod.
1590 4362 1730 4428 ναι,

165 4424 576 4499 munimentum]
615 4441 671 4485 et
715 4435 998 4504 decorem;
1045 4444 1263 4497 cedrina
1312 4455 1366 4500 et
1417 4453 1726 4516 cypressina

1034 435 1443 491 EXEGETICA.
1479 439 1549 476 —‘-
1587 436 2033 495 COMPENDI'UM
2071 439 2138 493 IN
2176 439 2377 494 CANT.
2420 439 2616 494 CA‘NT.

3326 452 3430 506 6i6

2493 552 2717 606 CAPUT
2742 551 2799 604 ll.

1934 640 2094 695 Vtilis.
2129 642 2174 694 Ι.
2200 672 2269 680 -
2302 641 2413 709 Ego
2441 643 2538 709 [los
2578 643 2746 710 campi
2798 651 2845 693 et
2889 642 3054 693 lilium
3101 643 3429 699 convallium.

1862 730 1971 798 Ego
1991 732 2157 784 decus
2189 733 2394 794 mundi,
2431 741 2487 784 et
2524 731 2689 784 lilium
2717 733 3056 785 convallium.
3089 732 3240 803 [Cod.
3284 732 3430 799 Vat.,

1861 821 1970 888 Ego
1994 821 2156 874 decus
2183 823 2362 874 mundi
2391 832 2444 874 et
2478 822 2645 890 gloria
2679 823 3000 894 humilium]

1872 919 1885 931 ‘
1931 910 2088 962 Vnus.
2117 910 2169 962 2.
2198 941 2269 948 -
2297 911 2444 963 Sicut
2466 911 2633 963 lilium
2659 913 2792 964 inter
2811 914 3005 978 spinas,
3033 932 3106 966 sic
3123 917 3292 968 tunica
3317 934 3431 970 mea

1859 998 1994 1048 inter
2013 999 2171 1064 ﬁlias.
2210 1000 2286 1051 Tu
2317 1001 2558 1068 requiem
2589 1002 2783 1069 quieris
2811 1012 2864 1055 et
2893 1003 3076 1058 Iaudes
3103 1006 3296 1058 lectuli.
3325 1007 3430 1059 Rc-

1859 1087 2087 1138 cordare
2135 1089 2276 1155 quod
2322 1089 2602 1142 candidior
2647 1090 3046 1146 tribulationum
3093 1094 3292 1149 aculeis
3321 1096 3432 1148 elli-

1859 1173 2044 1235 cieris;
2075 1185 2128 1226 ct
2157 1175 2328 1244 major
2357 1185 2440 1228 est
2465 1176 2674 1230 fructus
2702 1181 3095 1247 prmdicationis
3117 1180 3229 1252 [Ρη
3250 1199 3430 1252 perse-

1859 1263 2110 1333 cutionis]
2143 1280 2302 1332 quam
2341 1267 2588 1338 quietis“

1930 1352 2090 1405 Vens.
2115 1352 2166 1404 5.
2196 1383 2263 1394 -
2294 1353 2443 1407 Sicut
2467 1355 2635 1408 malus
2680 1357 2814 1408 inter
2857 1357 2996 1425 ligna
3040 1358 3310 1424 silvarum,
3354 1363 3429 1412 sic

1857 1438 2075 1492 dilectus
2097 1457 2239 1493 meus
2266 1441 2411 1512 inter
2445 1443 2601 1510 filios.
2635 1444 2787 1497 Sicut
2812 1445 2982 1498 malus
3004 1447 3144 1511 visu,
3172 1449 3337 1502 odore
3371 1459 3429 1502 et

1857 1535 2011 1595 gustu
2042 1529 2464 1600 anteceditligna
2492 1532 2872 1598 silvestria,sic
2893 1531 3144 1590 Christus
3160 1539 3432 1593 antecellit

1856 1629 2045 1668 omnes
2073 1625 2289 1671 sanctos
2316 1617 2469 1688 [ϐοά.
2514 1618 2626 1670 Vat.
2651 1659 2664 1681 ,
2694 1623 2943 1676 omnibus
2964 1625 3186 1697 sanctis]
3213 1629 3301 1696 qui
3333 1628 3428 1681 lilii

1858 1703 1951 1756 Dei
1996 1705 2243 1759 dicuntur
2270 1723 2335 1760 ex
2368 1707 2518 1778 [Cod.
2563 1707 2704 1773 ναι,
2745 1710 2860 1782 sed]
2911 1715 3106 1782 gratia,
3156 1717 3243 1769 ille
3283 1718 3430 1771 solus

1857 1804 2069 1850 natura.
2103 1797 2213 1851 Sub
2245 1800 2428 1852 umbra
2455 1800 2617 1865 illius,
2643 1819 2793 1872 quem
2830 1804 3262 1872 desiderareram,
3292 1809 3422 1862 sedi.

1787 1875 1828 1931 Β
1859 1887 2057 1940 Eodem
2103 1897 2446 1958 protegente,
2493 1907 2650 1968 quem
2697 1908 2912 1963 semper
2953 1897 3139 1951 adesse
3182 1900 3422 1967 quaesivi,

1855 1977 2092 2044 quiesco,
2120 1987 2173 2030 et
2202 1994 2389 2033 secura
2437 1997 2746 2048 permaneo.
2780 1983 2845 2035 Et
2885 1984 3087 2052 {ructus
3121 1989 3235 2056 ejus
3257 1989 3424 2041 dulcis
3453 2061 3458 2064 _

1853 2069 2049 2134 gutturi
2080 2084 2210 2120 meo.
2245 2069 2376 2134 Quia
2414 2071 2599 2138 gratiae
2645 2087 2754 2125 sua:
2789 2073 2992 2127 caelesti
3024 2076 3300 2131 dulce-line
3335 2092 3423 2131 me

1855 2155 2026 2208 reiicit
2057 2156 2207 2228 [ϐοά.
2245 2157 2388 2222 Vat.,
2419 2160 2650 2232 refecit].

1929 2243 2085 2296 Vsus.
2115 2243 2166 2296 4.
2188 2276 2256 2283 —
2279 2245 2580 2301 Introduxit
2612 2268 2691 2303 me
2727 2269 2817 2304 rcx
2846 2253 2898 2304 in
2923 2253 3104 2306 cellam
3145 2254 3314 2308 t'inai'i
3347 2275 3419 2310 m.

1850 2329 1992 2384 Cella
2023 2333 2223 2387 vinaria
2251 2336 2488 2392 Ecclesia
2513 2339 2669 2393 debet
2697 2342 2936 2412 intelligi,
2969 2345 3020 2396 in
3048 2345 3198 2412 cujus
3220 2349 3424 2404 unitate

1850 2419 2183 2475 solummodo
2229 2423 2464 2491 Spiritus
2514 2440 2732 2483 sanctus
2779 2432 2894 2483 dari
2943 2434 3075 2486 solet
3123 2444 3176 2487 ct
3229 2438 3420 2506 accipi,

1849 2506 2001 2572 cujus
2042 2511 2214 2575 gratia
2246 2513 2345 2566 hoc
2378 2512 2495 2566 loco
2522 2516 2628 2567 vini
2659 2519 2872 2571 nomine
2900 2521 3228 2590 designatur.
3263 2524 3420 2578 Ordi-

1850 2597 1986 2648 navit
2018 2598 2070 2648 in
2099 2614 2178 2651 me
2203 2601 2507 2653 cliaritatem
2540 2614 2584 2665 ο,
2618 2604 2669 2655 in
2703 2621 2806 2672 qua
2827 2607 2968 2660 ‘cella
3007 2610 3251 2664 ordinata
3293 2615 3422 2666 elia-

1850 2685 1981 2737 ritas
2019 2694 2120 2748 est,
2167 2695 2225 2739 ut
2271 2690 2498 2757 quisque
2530 2693 2694 2745 Deum
2737 2702 2848 2748 toto
2895 2699 3075 2762 corde,
3103 2701 3222 2766 plus
3254 2717 3416 2769 quam

1848 2774 2113 2840 seipsum;
2147 2778 2450 2844 proximum
2477 2789 2725 2848 tanquam
2755 2785 2985 2852 seipsum
3011 2787 3212 2857 diligat.

1924 2864 2078 2918 Vsus.
2112 2865 2163 2918 5.
2193 2899 2262 2906 -
2296 2867 2500 2922 Fulcitc
2529 2889 2607 2924 me
2635 2875 2874 2940 ﬂoribus,
2914 2879 3097 2946 stipate
3128 2897 3206 2933 me
3233 2883 3410 2946 malis,

1845 2952 1966 3018 quia
1995 2969 2170 3006 amore
2196 2955 2436 3025 langueo.
2483 2959 2842 3015 Consolamini
2896 2979 2980 3017 me
3024 2968 3280 3036 exemplis
3322 2986 3416 3024 seu

1847 3040 2240 3109 incipientium,
2273 3060 2364 3098 seu
2397 3050 2821 3103 terminantium.
2865 3053 3017 3106 Viam
3063 3055 3251 3111 salutis
3281 3059 3417 3113 mihi

1846 3135 2135 3200 ostendite,
2163 3136 2290 3193 dum
2319 3138 2491 3194 adhuc
2519 3142 2572 3193 in
2600 3141 2757 3208 hujus
2785 3147 3232 3214 peregrinationis
3260 3151 3416 3204 tmdio

1766 3211 1812 3270 C
1844 3237 2026 3276 amore
2053 3238 2296 3291 supernae
2325 3227 2547 3280 visionis
2575 3228 2878 3297 languesco.

1911 3310 2073 3386 vctis.
2107 3311 2159 3364 6.
2192 3343 2260 3351 —-
2289 3312 2439 3366 ιωυα
2470 3315 2584 3383 ejus
2609 3317 2702 3368 sub
2731 3319 2894 3386 capite
2930 3335 3041 3371 meo
3064 3360 3078 3384 ,
3113 3329 3161 3372 ct
3203 3320 3414 3374 dextera

1839 3377 1982 3448 illius
2016 3399 2398 3466 amplexabitur
2433 3377 2532 3454 mé.
2577 3403 2631 3456 ln
2681 3377 2812 3458 nava
2858 3377 3412 3477 Christi'tcmporali'a

1838 3484 1953 3551 ejus
1977 3485 2136 3550 dona,
2158 3488 2208 3540 in
2234 3488 2421 3542 dextra
2435 3500 2705 3559 perpetuae
2721 3494 2841 3546 vita:
2861 3495 3132 3550 beatitudo
3147 3499 3412 3566 signatur,

1839 3577 1961 3644 quia
1998 3577 2081 3630 hic
2109 3593 2204 3646 per
2233 3594 2379 3648 spem
2407 3591 2638 3635 mentem
2686 3586 2926 3650 roborat,
2954 3595 3007 3639 et
3037 3588 3144 3642 illic
3175 3605 3271 3658 per
3316 3607 3404 3644 re-

1842 3669 2264 3721 munerationem
2295 3670 2575 3739 gloriﬁcat.

1910 3755 2068 3832 Vens.
2121 3756 2171 3809 7.
2197 3789 2264 3797 ——
2292 3760 2494 3828 Adjuro
2545 3779 2651 3825 vos,
2682 3764 2808 3832 ﬁlia:
2833 3765 3147 3831 Jerusalem,
3184 3787 3277 3840 per
3320 3787 3411 3824 ca-

1837 3830 1984 3912 preas
2019 3863 2292 3915 cervosque
2327 3865 2647 3918 camporum,
2683 3869 2744 3904 ne
2781 3857 3061 3921 suscitetis,
3110 3874 3269 3927 neque
3297 3861 3406 3913 eci-

1835 3933 2000 4001 gilare
2030 3936 2234 4003 faciatis
2261 3938 2520 4004 dilectam,
2549 3945 2882 4014 quoadusque
2909 3948 3020 4016 ipsa
3048 3949 3182 4004 velit.
3211 3950 3407 4006 Conte-

1835 4031 1949 4076 stor
1990 4026 2240 4091 pacilicas
2283 4027 2514 4082 ﬁdelium
2574 4033 2779 4086 animas
2821 4051 2916 4103 per
2968 4052 3094 4091 snas
3139 4053 3407 4109 quamque

1837 4108 1988 4178 [Cod.
2036 4110 2464 4188 Vat.,quasque]
2515 4121 2762 4184 virtutes,
2812 4139 2930 4191 quin
2985 4142 3082 4194 per
3115 4108 3403 4183 mundaet

1834 4200 2156 4253 ruminantia
2187 4201 2351 4273 396
2377 4207 2628 4259 animalia
2657 4210 2878 4277 signatae
2907 4222 3052 4275 sunt,
3086 4228 3150 4266 ne
3182 4217 3267 4283 pia
3295 4216 3403 4269 fra-

1834 4295 1974 4338 trum
2004 4289 2179 4341 studia
2203 4289 2377 4357 aliqua
2409 4291 2811 4361 importunitate
2834 4297 3152 4365 impediant;
3197 4303 3290 4355 sed
3319 4303 3400 4356 sic

1829 4375 2056 4442 quisque
2092 4377 2158 4430 de
2184 4379 2549 4446 proximorum
2587 4378 2828 4455 profectu
2860 4388 3010 4453 quasi
3042 4389 3105 4442 de
3146 4405 3242 4443 suo
3270 4406 3401 4460 gau-

1831 4462 1952 4514 deat
1983 4463 2023 4515 τ.
2067 4465 2169 4517 Per
2215 4482 2437 4535 capreas
2482 4480 2538 4523 et
2583 4487 2770 4527 cervos
2817 4477 3073 4531 virtutum
3120 4495 3281 4548 opera
3318 4484 3394 4536 si-

2228 4517 2331 4535 ητ-
2352 4517 2433 4521 η-
2488 4517 2537 4523 ν-
2588 4517 2662 4524 υν-
2688 4517 2769 4527 .υυ
3120 4517 3281 4548 Vpb...
3318 4517 3394 4536 ο.-

164 4522 383 4582 Ρτθβίθτ
402 4517 631 4632 :‘i‘g'ias
645 4537 830 4577 eorum
855 4529 1099 4596 νίηυῑεεν
1121 4543 1175 4586 επ·
1199 4537 1418 4591 Odorem
1437 4541 1586 4594 bona?
1606 4543 1728 4597 νίιεε
1758 4545 1807 4604 D
1832 4560 2082 4620 gnantur,
2112 4567 2230 4621 quae
2259 4565 2518 4622 quantum
2567 4562 2826 4615 munditia
2858 4567 3229 4632 praeeminent,
3278 4578 3400 4623 tan-

164 4603 372 4632 -:mnn.
529 4622 712 4632 ..Α---.Α
737 4615 855 4632 ..--ι
876 4629 891 4632 A
933 4625 968 4632 ,-
1186 4621 1199 4632 u
1259 4625 1297 4632 .-
1365 4626 1376 4632 -
1448 4629 1457 4632 -

163 4603 378 4672 signant
402 4603 449 4657 ἀ.
477 4605 715 4671 Quorum
737 4615 901 4667 verbo
920 4625 973 4667 et
992 4621 1236 4688 exemplo
1258 4625 1491 4679 Ecclesia
1516 4639 1730 4686 susten-

165 4700 333 4755 tatur,
361 4710 429 4747 ne
455 4697 704 4753 haeretica
735 4706 998 4769 pravitate
1023 4709 1360 4766 discutiatur.
1395 4715 1541 4770 Odor
1580 4725 1724 4776 cedri

161 4790 440 4847 serpentes
487 4783 654 4852 fugat,
685 4793 824 4858 quod
864 4799 1110 4852 convenit
1152 4801 1252 4854 illis
1301 4805 1389 4871 qui
1433 4805 1483 4858 in
1529 4810 1727 4865 virtute

162 4868 309 4921 verbi
332 4870 562 4925 caelestis
590 4890 851 4935 venenata
879 4886 1252 4945 haereticorum
1279 4868 1526 4964 dogmata
1554 4900 1727 4954 solent

159 4959 483 5027 exstirpare.
513 4961 834 5032 Cypressus,
873 4988 991 5040 quae
1034 4993 1142 5032 suae
1197 4991 1530 5044 venustatem
1559 5004 1725 5043 comm

161 5045 305 5111 nullo
347 5057 628 5105 ventorum
655 5054 881 5123 impulsu
905 5062 1142 5129 deponit,
1159 5075 1515 5126 constantiam
1537 5092 1724 5134 eorum

159 5137 413 5202 exprimit
444 5143 535 5208 qui
564 5155 803 5200 sanctam
829 5149 1120 5208 Ecclesiam
1151 5158 1431 5218 altioribus
1465 5168 1721 5224 virtutum

157 5230 508 5294 ornamentis,
539 5241 600 5285 ut
615 5233 910 5304 laquearia,
932 5241 1210 5302 decorant.

229 5372 421 5467 Ἑορἐ
446 5375 565 5429 Vat.
595 5398 609 5431 :
654 5383 790 5467 Ecce
809 5399 868 5467 tu
895 5391 1109 5467 pale/ira
1138 5411 1213 5460 es,
1240 5397 1406 5467 a_mica
1433 5419 1566 5467 mea,
1609 5423 1721 5459 ecce

158 5443 453 5527 turnia/ira
475 5450 718 5527 estoculi
743 5459 819 5509 tui
847 5443 1219 5516 co'lumbarttmy.
1254 5464 1483 5521 Pulchra
1509 5445 1566 5524 iii
1596 5477 1721 5527 sim-

427 5517 614 5602 cordis.
637 5535 678 5602 ei
709 5527 981 5602 munditia
1007 5546 1244 5602 operum,
1280 5537 1401 5602 quia
1435 5508 1720 5597 πωλέ’ᾝὶ

158 5579 418 5665 spiritales
443 5595 572 5665 sunt
597 5587 931 5658 intelligentia

229 5646 413 5735 tepet].
443 5651 590 5718 ναι,
633 5646 1181 5735 βοείῳζιὶιῖιῖξῙῖ
1213 5671 1354 5725 solus
1410 5680 1718 5735 naturaliter

155 5715 385 5782 pulcher,
428 5735 520 5788 ego
555 5715 701 5779 es'te
732 5715 1712 5816 pulchraiwfiel‘iquis‘omissis“usqu;

1836 4649 1944 4692 tum
1983 4642 2243 4697 violentas
2285 4646 2488 4715 antiqui
2534 4649 2701 4704 hostis
2751 4651 2974 4709 insidias
3023 4665 3400 4726 contemnere,

1833 4730 1941 4781 imo
1962 4732 2266 4798 disperdere
2292 4747 2703 4790 consueverunt.
2730 4739 2932 4810 Caprea
2957 4755 3191 4800 montem
3215 4731 3401 4802 ascen-

1832 4819 1927 4880 dit,
1961 4834 2183 4873 acumen
2208 4823 2354 4875 visus
2383 4826 2563 4888 habet,
2594 4829 2810 4881 meliora
2840 4847 3036 4899 pascua
3065 4817 3229 4904 eligit.

1902 4909 2064 4960 Vens.
2093 4911 2145 4964 8.
2166 4940 2237 4948 —
2266 4909 2378 4964 Vox
2413 4913 2586 4966 dilecti
2616 4919 2734 4969 mei.
2774 4917 3123 4989 Subauditur,
3150 4926 3263 4981 hinc
3288 4937 3396 4993 est,

1830 5013 1990 5065 quam
2049 5001 2222 5053 audivi
2260 5002 2593 5069 adjurantem
2639 5005 2775 5062 ﬁlias
2820 5008 3138 5078 Jerusalem,
3186 5031 3252 5068 ne
3306 5033 3397 5071 me

1826 5088 1877 5139 in
1905 5086 2021 5152 ejus
2047 5091 2292 5157 amplexu
2326 5093 2688 5159 quiescentem
2735 5099 3077 5152 suscitarent.
3125 5102 3260 5156 Ecce
3291 5106 3395 5158 istc

1825 5177 1957 5226 venit
1999 5177 2190 5229 saliens
2243 5181 2297 5231 in
2338 5182 2616 5245 montibus,
2671 5187 2969 5240 transiliens
3006 5189 3179 5244 colles.
3233 5191 3395 5249 Tales

1823 5264 1964 5316 enim
1989 5267 2157 5321 saltus
2176 5267 2301 5323 fecit
2327 5271 2550 5325 dilectus
2569 5288 2754 5340 meus;
2785 5277 2852 5331 de
2873 5278 3006 5332 etelo
3028 5283 3171 5335 venit
3199 5283 3251 5336 in
3271 5294 3389 5339 itte-

1825 5419 2068 5475 Lectulus
2094 5435 2288 5478 noster.

1895 5502 1916 5568 ξ
1948 5491 2081 5568 Cod.
2106 5494 2227 5568 _Vat.
2250 5495 2433 5558 verba,
2456 5494 2750 5567 Requiescit
2774 5516 2986 5568 sponsa,
3006 5510 3139 5568 etc.,
3161 5504 3384 5559 omittit.

1891 5559 1916 5597 ἀ
2105 5543 2445 5634 hancnotam
2475 5543 3009 5634 sebiiuntiir,'oniiss'a
3257 5575 3381 5630 Vat.

1896 5639 1917 5712 ς
1948 5628 2076 5712 Cod.
2105 5629 2220 5712 Eat.
2249 5631 2389 5685 hunc
2418 5644 2471 5687 et
2494 5628 2726 5704 priorem
2751 5628 2954 5697 textum
2971 5639 3167 5712 jungit.

1896 5697 1913 5733 ί
1949 5694 2075 5750 Cod.
2111 5697 2225 5752 Vat.
2255 5713 2314 5752 ea
2342 5716 2462 5771 quae
2492 5694 2671 5759 notam
2702 5694 3234 5777 sequunturotiilttit.
