4338 6414
213 453 313 512 849

1068 445 1469 501 EXECETICA.
1508 475 1579 484 —
1615 444 2057 501 COMPENDIUM
2095 444 2163 499 IN
2200 446 2396 500 CANT.
2439 445 2637 498 (ᾺΝΤ.

3332 438 3433 497 650

208 581 290 617 ma
318 579 431 616 mea
462 560 694 616 vidistis?
730 560 924 631 Vigiles
959 568 1101 623 sunt,
1138 560 1227 629 qui
1249 559 1554 614 custodiunt
1579 559 1734 613 Ecclc
1795 563 1840 622 Α
1869 562 2095 631 gratiam
2123 562 2293 615 sancti
2316 560 2544 629 Spiritus
2568 573 2700 611 nova
2726 559 2992 619 nascitur;
3019 559 3071 611 in
3092 556 3431 625 quibusdam,

207 652 360 716 siam,
398 651 622 721 apostoli
646 659 701 705 et
722 650 987 714 doctores,
1026 651 1113 717 qui
1138 650 1488 718 gentilitatem
1523 662 1767 704 veritatis

206 739 452 810 indagine
478 739 758 793 sollicitam
807 739 957 809 (Cod.
1000 736 1140 798 ναι..
1178 737 1577 804 sollicitantem]
1621 739 1768 792 inve-

204 835 421 883 uerunt.

274 918 437 973 Vsus.
454 919 507 972 4.
528 918 885 972 —Paululum
910 936 1024 972 cum
1046 920 1436 989 pertransissem
1461 935 1569 982 eos,
1599 921 1767 973 inveni

206 1022 356 1074 quem
384 1006 555 1076 diligit
593 1008 768 1060 anima
803 1023 935 1059 mea.
981 1007 1113 1059 Dum
1142 1021 1229 1060 me
1267 1006 1474 1059 illorum
1520 1007 1766 1074 magiste-

201 1098 284 1151 rio
308 1096 519 1162 tradidi,
558 1114 681 1153 mox
711 1099 888 1153 lumen
925 1099 1189 1161 veritatis,
1234 1100 1375 1166 quod
1403 1099 1490 1152 diu
1514 1101 1769 1167 quaesive-

198 1206 316 1245 ram
362 1189 515 1261 [Cod.
552 1189 690 1253 Vat.,
726 1193 864 1261 quod
887 1191 1161 1261 quzcsivi],
1197 1192 1393 1245 inveni.
1438 1191 1600 1243 Tenui
1624 1208 1764 1256 eum,

200 1294 293 1330 nec
318 1278 598 1343 dimittam,
628 1280 788 1333 donec
814 1280 1141 1332 introducam
1168 1279 1316 1332 illum
1338 1280 1390 1332 in
1420 1280 1628 1333 domum
1654 1298 1767 1333 ma-

197 1367 294 1419 tris
325 1382 452 1419 mea
477 1378 523 1421 et
543 1369 598 1421 in
625 1368 915 1421 cubiculum
940 1370 1202 1437 genitricis
1225 1386 1369 1421 metr.
1408 1368 1574 1422 Tenui
1610 1368 1762 1439 [Cod.

207 1452 349 1520 Vat.,
379 1464 535 1511 teneo
555 1456 815 1527 donec...]
850 1457 996 1510 illum
1025 1457 1177 1510 ﬁrma
1207 1456 1308 1511 ﬁde
1337 1467 1392 1511 et
1426 1460 1646 1519 tenebo.
1672 1459 1767 1512 do-

193 1558 297 1599 nec
328 1545 379 1598 in
419 1544 524 1600 ﬁne
554 1547 732 1601 saeculi
771 1562 869 1615 per
906 1546 1139 1601 ofﬁcium
1181 1548 1571 1616 praedicationis
1599 1550 1767 1603 intro-

192 1631 388 1688 ducam
432 1635 578 1689 illum
602 1637 654 1690 in
689 1637 909 1692 domum
932 1677 945 1700 ,
998 1645 1052 1690 et
1080 1638 1254 1691 cubile
1284 1638 1606 1707 Synagogaz,
1646 1654 1765 1707 qua:

192 1740 282 1781 me
305 1725 490 1796 genuit
535 1726 588 1779 in
634 1726 890 1789 Domino,
914 1714 978 1779 et
1017 1725 1108 1779 ﬁet
1144 1742 1306 1779 unum
1344 1727 1483 1782 ovile
1521 1739 1575 1781 et
1623 1743 1761 1782 unus

192 1824 396 1886 pastor.

265 1924 425 1980 Vens.
452 1925 504 1979 5.
531 1926 814 1996 —Adjuro
831 1943 935 1992 vos,
958 1926 1083 1996 lilia:
1103 1928 1415 1992 Jerusalem,
1438 1947 1529 2000 per
1549 1947 1761 1999 capreas

191 2030 465 2084 cervosque
496 2033 817 2085 camporum,
848 2033 909 2071 ne
934 2020 1191 2071 suscitetis
1222 2036 1383 2089 neque
1412 2019 1653 2089 evigilare
1684 2020 1763 2088 fa-

189 2105 343 2159 ciatis
366 2104 631 2171 dilectam,
652 2107 813 2160 donec
840 2109 952 2176 ipsa
969 2107 1105 2161 velit.
1134 2108 1189 2161 ln
1215 2109 1581 2177 superioribus
1604 2126 1762 2179 spon-

191 2209 307 2248 sam
342 2209 450 2249 non
484 2195 787 2250 invenimus
824 2196 890 2250 ad
920 2197 1155 2265 quietem
1198 2212 1387 2251 somno
1421 2200 1758 2266 pervenisse;

189 2284 285 2338 sed
308 2285 488 2353 potius
522 2286 587 2339 de
608 2286 803 2341 lectulo
823 2274 1189 2349 exsilientcm,
1222 2287 1403 2341 labore
1431 2289 1665 2342 maximo
1694 2291 1763 2345 ad

189 2374 550 2430 inventionem
594 2376 770 2430 dilecti
808 2378 890 2431 sui
918 2393 1266 2447 preperasse;
1311 2387 1365 2431 et
1388 2378 1656 2446 quomodo
1682 2378 1762 2432 di-

187 2462 380 2545 lectus,
411 2479 479 2517 ne
512 2479 631 2518 eam
680 2465 973 2535 exagitent,
1005 2465 1216 2532 adjurat
1265 2466 1400 2519 ﬁlias
1442 2466 1758 2521 Jerusalem.

188 2550 298 2605 Sed
334 2550 474 2606 forte
506 2552 684 2606 anima
714 2553 802 2607 illa
829 2553 968 2607 felici
1009 2555 1179 2623 sopita
1209 2570 1420 2623 sopore,
1450 2572 1567 2623 qtue
1603 2557 1656 2608 in
1674 2556 1762 2611 'di—

187 2639 317 2694 vino
340 2654 525 2695 amore
548 2642 695 2696 novit
721 2642 1019 2711 quiescere,
1048 2642 1249 2696 claudit
1279 2644 1490 2697 oculum
1519 2645 1571 2697 in
1606 2652 1759 2699 exte-

186 2729 423 2784 rioribus
443 2730 639 2794 cordis,
670 2740 724 2784 et
748 2732 920 2799 aperit
948 2732 999 2785 in
1032 2734 1395 2786 interioribus.
1426 2725 1612 2787 Merito
1632 2748 1763 2804 ergo

186 2816 503 2885 adjurautur
542 2819 663 2873 ﬁlia:
708 2818 1036 2882 Jerusalem,
1085 2837 1152 2874 ne
1181 2823 1442 2875 suscitent
1483 2822 1758 2887 dilectam,

188 2905 249 2959 id
269 2915 373 2971 est,
417 2922 486 2961 ne
512 2918 748 2962 mentem
773 2908 882 2963 Deo
910 2909 1155 2963 devotam
1184 2910 1253 2963 ab
1279 2910 1575 2963 intentione
1620 2911 1759 2964 desi-

138 3044 141 3045 ,
189 2996 325 3051 derii
374 2997 611 3053 caelestis
654 3001 957 3069 importuna
1003 3002 1299 3071 irruptione
1341 3002 1666 3071 praepediant
1710 3015 1757 3055 ι.

190 3084 474 3158 Repetitur
498 3088 589 3142 hic
619 3087 769 3144 locus
794 3089 847 3142 in
872 3089 1094 3145 Cantico
1121 3091 1344 3155 amoris,
1379 3099 1562 3144 utnon
1590 3091 1760 3145 mino-

192 3192 305 3232 rem
328 3193 387 3234 se
417 3180 675 3235 Dominus
700 3195 886 3235 curam
915 3180 1167 3235 Ecclesize
1198 3182 1264 3235 de
1297 3182 1544 3251 gentibus
1570 3196 1758 3250 gerere

192 3265 435 3336 tbsignet
456 3306 474 3332 ,
503 3282 662 3336 quam
690 3268 943 3324 Ecclesia:
972 3270 1208 3324 collecta
1247 3270 1312 3324 de
1347 3268 1563 3325 Judzeis.
1606 3270 1756 3336 Quod

192 3356 337 3412 enim
360 3355 571 3425 adiurat
594 3358 730 3413 ﬁlias
752 3399 766 3423 ,
794 3374 862 3413 ne
890 3360 1149 3437 suscitent
1185 3358 1458 3425 dilectam,
1486 3362 1557 3415 ita
1582 3369 1760 3432 potest

194 3447 393 3518 accipi,
419 3450 562 3518 quod
586 3443 865 3521 prmcipiat
901 3451 982 3506 eis
1002 3491 1016 3514 ,
1044 3448 1135 3531 gui
1176 3451 1242 3505 de
1283 3449 1481 3505 Judznis
1510 3453 1562 3506 in
1600 3453 1757 3508 ﬁdem

134 3578 139 3583 .
192 3547 603 3605 praeesset-unt,
630 3554 698 3594 ne
718 3539 1015 3621 inquietent
1028 3556 1123 3594 eos
1146 3558 1160 3605 ;
1183 3555 1355 3610 neque
1381 3542 1549 3611 quieti
1569 3557 1760 3597 eorum

195 3626 580 3694 contradicant,
610 3628 702 3696 qui
730 3629 798 3684 de
823 3629 1135 3699 gentilitatis
1161 3645 1344 3685 errore
1365 3632 1433 3685 ad
1457 3630 1614 3687 ﬁdem
1639 3646 1762 3701 per-

197 3724 485 3772 venerunt.

262 3824 431 3896 398
482 3826 645 3882 Vsus.
678 3826 732 3881 6.
760 3857 833 3869 --
865 3827 995 3895 Qua
1022 3839 1096 3884 est
1128 3832 1229 3884 ista
1254 3847 1371 3901 qua
1407 3834 1636 3886 ascendit
1668 3843 1771 3903 per

194 3916 493 3970 desertum!
527 3916 750 3973 Miratur
780 3919 1057 3991 Synagoga
1092 3922 1359 3990 quomodo
1394 3924 1632 3992 gentium
1666 3939 1762 3995 po-

193 4005 370 4074 pulus,
409 4004 554 4060 nullo
596 4007 1020 4065 circumcisionis
1064 4011 1360 4065 ministerio
1410 4013 1757 4078 emundatus,

194 4094 340 4150 naua
374 4095 755 4165 prophetarum
782 4097 1144 4152 admonitione
1176 4100 1437 4163 eruditus,
1485 4102 1664 4155 subito
1691 4106 1763 4157 ab

194 4186 395 4242 inﬁmis
412 4186 772 4255 voluptatibus
797 4200 894 4255 per
910 4185 1183 4242 desertum
1201 4190 1538 4258 gentilitatis,
1569 4199 1624 4246 et
1645 4192 1761 4247 ido-

192 4276 423 4331 lolatria
441 4277 508 4332 ad
526 4277 635 4331 alta
658 4275 916 4332 virtutum
941 4276 1175 4331 culmina
1196 4286 1251 4333 et
1272 4276 1465 4348 Sponsi
1484 4281 1762 4350 amplexus

193 4364 524 4419 ascendisset
549 4366 600 4419 δ.
647 4363 812 4436 Cujus
839 4365 973 4422 ﬁdes
996 4382 1063 4421 eo
1095 4366 1316 4436 majoris
1361 4377 1445 4423 est
1480 4371 1759 4436 miraculi,

192 4467 302 4521 quo
341 4453 483 4513 hane
506 4468 736 4521 superne
775 4464 1080 4525 susceptam
1129 4458 1511 4513 invincibiliter
1556 4469 1757 4523 servat,

1782 3223 1829 3283 C

1870 659 1927 704 ut
1952 654 2005 704 in
2039 660 2162 704 ante
2203 652 2339 705 natis
2362 692 2374 713 ,
2408 650 2471 701 ad
2502 650 2738 703 cuvlestia
2771 650 3055 718 colligitur.
3100 647 3212 700 Non
3246 645 3392 701 fumo
3419 688 3431 707 .

1868 742 1961 793 sed
1985 741 2196 808 virgula}
2227 738 2354 791 funii
2385 738 2727 800 assimilatur,
2755 747 2811 791 ut
2839 738 3013 790 unitas
3037 736 3155 790 ﬁdei
3185 735 3433 789 Ecclesia:

1867 830 2213 897 signiﬁcetur.
2272 827 2498 895 Myrrha?
2545 837 2590 878 et
2633 827 2833 888 thuris,
2881 836 2926 878 et
2961 826 3179 877 uuirersi
3210 822 3434 893 pulveris

1865 919 2212 987 pigmentarii.
2236 917 2311 969 Ex
2336 917 2744 969 mortiticatione
2764 916 3058 969 carnalium
3079 915 3431 981 voluptatum.

1865 1016 1920 1061 et
1962 1009 2193 1075 puritate
2226 1007 2561 1066 orationum,
2594 1014 2647 1057 et
2678 1005 2912 1057 omnium
2956 1003 3212 1054 virtutum
3247 1001 3429 1056 odore.

1938 1097 2096 1148 Vtzns.
2131 1097 2267 1147 7.-
2285 1095 2364 1147 En
2392 1094 2635 1146 lectulum
2658 1094 2952 1147 Salomonis
2978 1093 3248 1160 sexaginta
3276 1090 3434 1159 fortes

1865 1187 2099 1239 ambiunt
2140 1200 2202 1238 et
2241 1185 2537 1252 fortissimis
2590 1182 2778 1236 Israel.
2830 1183 3081 1235 Lectulus
3135 1179 3435 1234 Salomonis

1864 1285 1946 1329 est
1972 1275 2309 1327 conversatio
2354 1273 2531 1341 quieta
2570 1281 2898 1325 sanctorum.
2954 1271 3239 1339 Sexaginta
3272 1268 3435 1321 fortes

1864 1369 1989 1412 sunt
2021 1360 2191 1412 sancti
2222 1360 2598 1428 prmdieatorcs
2625 1368 2676 1410 et
2707 1357 2981 1412 fortissimi
3008 1354 3314 1418 bellatores,
3344 1356 3432 1421 qui

1866 1448 2063 1501 mundo
2088 1448 2247 1501 corde
2270 1449 2410 1517 digni
2440 1457 2563 1500 sunt
2593 1447 2757 1499 Deum
2790 1446 2987 1498 videre.

1935 1538 2096 1590 Vnus.
2130 1538 2183 1591 8.
2219 1566 2289 1576 —
2326 1536 2515 1589 Omnes
2568 1546 2792 1588 tenentes
2839 1534 3060 1602 gladios,
3114 1544 3163 1585 et
3190 1533 3257 1585 ad
3303 1532 3435 1585 bella

1863 1628 2168 1680 doctissimi.
2214 1627 2420 1680 Tenent
2447 1628 2588 1679 enim
2618 1625 2849 1692 gladium
2882 1624 3099 1691 spiritus
3122 1662 3137 1685 ,
3174 1623 3315 1689 quod
3354 1632 3438 1675 est

1863 1722 2086 1776 verbum
2119 1720 2250 1782 Dei,
2294 1720 2408 1786 qui,
2443 1719 2582 1787 quod
2618 1716 2635 1787 [
2666 1716 2794 1768 Cod.
2848 1713 2985 1778 l’at.,
3032 1712 3313 1782 quidquid]
3342 1727 3436 1765 ore

1865 1812 2090 1873 docent,
2132 1824 2293 1879 opere
2326 1810 2610 1878 complent.
2651 1808 3074 1875 Uniuscujusque
3115 1808 3251 1860 ensis
3286 1821 3437 1874 super

1792 1898 1841 1956 Β
1865 1898 2036 1967 femur
2055 1914 2209 1951 suum
2237 1909 2444 1966 prapter
2482 1898 2688 1949 timores
2736 1905 3033 1948 nocturnos.
3082 1893 3339 1947 Nocturni
3370 1894 3434 1945 ti-

1861 2003 2039 2042 .nores
2065 1997 2192 2041 sunt
2223 1982 2430 2041 insidia:
2457 1985 2766 2040 tentationis
2790 1984 3030 2038 occulta).
3064 1984 3221 2037 Ensis
3252 1992 3430 2035 autem

1859 2086 1941 2130 est
1954 2077 2195 2130 custodia
2211 2076 2457 2143 vigilans.
2479 2074 2656 2127 carnis
2676 2072 3138 2141 concupiscentias
3159 2085 3428 2138 premens.

1860 2180 1928 2219 ne
1965 2166 2185 2219 verbum
2215 2164 2609 2232 praedicationis
2652 2160 2987 2229 immundilia
3027 2160 3149 2212 vita:
3177 2158 3430 2213 maculet.

1933 2255 2089 2307 Vens.
2122 2254 2273 2307 9-—
2303 2250 2586 2304 Ferculum
2612 2250 2731 2318 fecit
2753 2252 2851 2302 sibi
2878 2248 3131 2303 Salomon
3158 2264 3247 2301 rea:
3283 2248 3347 2299 de
3372 2246 3432 2298 li-

1860 2343 1973 2411 gnis
2007 2341 2210 2394 Libani.
2242 2339 2524 2394 Ferculum
2561 2337 2864 2391 Salomonis
2892 2344 2974 2390 est
3011 2344 3196 2389 sancta
3243 2333 3430 2388 Eccle-

1860 2432 1972 2497 sia,
2016 2447 2137 2502 qua:
2176 2431 2454 2485 credentes
2497 2429 2564 2482 ad
2616 2435 2830 2481 (eterna:
2870 2424 3213 2478 beatitudinis
3250 2421 3433 2489 epulas

1859 2526 2018 2589 levat,
2044 2540 2164 2594 quae
2190 2524 2256 2578 de
2285 2523 2513 2577 fortibus
2541 2520 2741 2584 animo,
2770 2517 2921 2588 quasi
2944 2516 3102 2585 lignis
3126 2513 3431 2581 imputrihi-

1859 2614 2017 2677 libus,
2054 2620 2363 2667 constructa
2400 2620 2501 2665 est.

1933 2726 2092 2779 Vens.
2135 2724 2221 2778 40.
2252 2754 2321 2763 -—
2356 2722 2637 2776 Columnas
2674 2721 2788 2789 ejus
2826 2719 2943 2788 fecit
2990 2726 3279 2786 argenteas.
3322 2713 3427 2768 Co-

1859 2814 2053 2870 lumna:
2075 2823 2337 2884 argentem
2358 2823 2480 2867 sunt
2504 2814 2753 2867 doctores
2775 2811 2969 2878 eloquii
3005 2809 3122 2861 lucc
3147 2806 3429 2877 fulgentes.

1862 2903 2271 2956 Reclinatorium
2319 2917 2556 2954 aureum.
2604 2899 3028 2952 Reclinatorium
3080 2910 3301 2950 aureum
3348 2905 3432 2948 est

1858 3007 1981 3060 spes
2010 3000 2281 3060 perpetua:
2302 2990 2499 3059 quietis
2524 2988 2768 3043 ﬁdelibus
2794 2988 3069 3057 promissa!
3097 2986 3249 3056 [ϐοά.
3287 2983 3430 3046 ναι..

1857 3089 2182 3149 perpetua...
2214 3076 2523 3150 promissa].
2559 3078 2841 3131 Ascensum
2868 3091 3204 3145 purpureum.
3232 3073 3433 3127 Ascen-

1859 3186 1951 3225 sus
1968 3185 2269 3240 purpureus
2290 3171 2417 3239 quid
2444 3169 2589 3222 aliud
2608 3176 2713 3231 est,
2744 3168 2847 3219 nisi
2876 3175 3173 3234 martyrum
3193 3167 3430 3235 sanguis,

1860 3246 1914 3313 et
1945 3260 2123 3328 passio
2150 3258 2526 3327 Redemptoris
2560 3257 2773 3311 nostri?
2808 3256 2943 3321 Quia
2980 3271 3085 3309 non
3127 3255 3433 3309 ascenditur

1859 3347 1925 3401 ad
1952 3347 2138 3415 epulas
2156 3348 2300 3411 vitm,
2326 3346 2428 3399 nisi
2457 3359 2552 3415 per
2576 3347 2892 3415 mysterium
2920 3345 3187 3412 passionis
3210 3343 3434 3398 Christi.

1861 3435 2039 3491 Media
2086 3437 2337 3489 charitate
2373 3436 2652 3488 constravit
2691 3443 2899 3503 propter
2935 3433 3075 3500 ﬁlias
3116 3432 3430 3486 Jerusalem.

1858 3526 2047 3581 Omnis
2086 3526 2231 3578 enim
2259 3525 2351 3593 qui
2377 3524 2697 3577 charitatem
2736 3522 2900 3575 hanet
2941 3521 3036 3575 Dei
3070 3529 3125 3575 et
3161 3521 3390 3589 proximi
3417 3560 3432 3582 ,

1860 3614 1927 3667 ad
1954 3614 2093 3667 hanc
2127 3613 2408 3681 requiem,
2451 3612 2519 3665 ad
2563 3611 2662 3664 has
2708 3610 2892 3678 epulas
2938 3608 3092 3663 laetus
3136 3610 3431 3679 perveniet.

1862 3706 1987 3759 llaec
2013 3703 2193 3758 omnia
2221 3709 2534 3756 ornamenta
2550 3701 2805 3755 Ecclesia:
2823 3702 3072 3771 pra‘stitit
3098 3700 3345 3755 Christus
3362 3701 3434 3754 ob

1860 3796 2079 3850 nimiam
2094 3794 2411 3848 charitatem
2427 3808 2530 3862 qua
2554 3792 2740 3847 dilexit
2770 3807 2867 3847 nos
2894 3799 2948 3845 et
2968 3792 3182 3846 tradidit
3198 3791 3430 3859 seipsum

1860 3902 1959 3957 pro
1982 3884 2156 3940 nobis.

1934 4002 2095 4057 Vsus.
2124 3997 2211 4055 ll.
2232 4030 2303 4040 —
2322 3998 2646 4070 Egredintini
2670 4008 2717 4053 et
2742 3999 2920 4077 ridete,
2939 3998 3065 4067 ﬁlim
3089 3998 3235 4062 Sion,
3265 4014 3431 4069 regem

1864 4091 2217 4147 Salomonem.
2248 4090 2578 4159 Egredimini
2603 4098 2781 4144 mente
2804 4099 2859 4141 et
2896 4098 3018 4144 actu
3037 4088 3104 4143 de
3133 4088 3435 4162 turbulenta

1861 4180 2047 4233 mundi
2068 4168 2493 4242 conversatione,
2517 4186 2576 4231 ut
2596 4177 2794 4247 Regem
2816 4178 2963 4247 pacis
2987 4176 3210 4232 valeatis
3228 4178 3429 4231 videre.

1863 4268 1929 4322 In
1957 4269 2270 4333 diademate,
2311 4284 2413 4339 quo
2457 4268 2719 4321 coronavit
2745 4283 2859 4320 eum
2899 4276 3069 4321 mater
3100 4283 3216 4320 sua.
3246 4266 3435 4321 Videte.

1863 4358 2148 4413 Dominum
2176 4357 2451 4413 Christum
2481 4358 2534 4411 in
2559 4358 2914 4421 humanitate,
2940 4371 3101 4427 quam
3123 4356 3190 4410 de
3226 4356 3435 4427 virgine

1861 4457 2035 4503 matre
2070 4457 2375 4517 susceptam
2397 4448 2451 4503 in
2477 4448 2773 4517 maiestatis
2797 4455 3032 4516 paterna:
3055 4447 3241 4504 dextra
3271 4447 3432 4502 collo-

196 4549 428 4596 testante
452 4540 677 4607 Joanne,
703 4543 795 4612 qui
815 4527 890 4597 ait
920 4561 933 4596 :
967 4541 1093 4597 Scio
1124 4546 1211 4598 ubi
1241 4547 1446 4601 Ιιαιίιω
1462 4565 1480 4612 ;
1507 4550 1595 4601 ,ιω
1615 4548 1760 4602 κάει
1790 4554 1837 4612 ι)
1864 4536 2025 4590 cavit.
2049 4535 2116 4590 In
2136 4536 2221 4590 die
2245 4536 2645 4605 dispensationis
2659 4533 2811 4605 [Cod.
2836 4535 2977 4597 Vat.,
3004 4533 3432 4605 dispensationis}

162 4620 164 4623 ’
191 4641 268 4686 est
298 4631 536 4698 Satanas,
556 4640 605 4686 et
634 4641 774 4687 tenes
813 4648 1000 4687 nomen
1034 4650 1239 4701 meum,
1266 4645 1313 4688 et
1343 4653 1445 4689 non
1471 4639 1669 4707 negasti
1694 4620 1775 4706 ﬁ?

194 4719 316 4773 dem
334 4736 506 4773 nteant
527 4721 709 4795 (Apoc.
736 4738 800 4787 ιι,
825 4721 933 4794 l5).
961 4722 1067 4777 Per
1088 4722 1359 4778 desertum
1378 4725 1541 4778 etiam
1562 4726 1763 4796 signari

190 4817 373 4879 potest
397 4823 463 4863 ea
490 4814 823 4885 conversatio
850 4828 1001 4882 quae,
1029 4828 1061 4869 a
1097 4814 1278 4869 mundi
1307 4814 1570 4871 illecebris
1613 4832 1764 4887 sapa-

194 4907 313 4953 rata
339 4938 357 4964 ,
386 4897 483 4952 Dei
510 4904 718 4952 tantum
746 4898 849 4969 legi
874 4904 1177 4958 scrutanda:
1204 4911 1260 4958 et
1298 4904 1595 4960 caelestium
1625 4922 1765 4976 prte-

192 4999 473 5058 ceptorum
505 4988 868 5045 observationi
892 4988 1074 5045 dedita
1094 5001 1197 5047 est.
1226 4994 1375 5049 Sicut
1404 4998 1604 5067 virgula
1631 4999 1764 5067 fumi

192 5097 261 5136 ea:
284 5082 626 5137 aromatibus.
655 5082 785 5152 Igne
804 5082 1002 5137 amoris
1029 5096 1254 5138 accensa
1279 5088 1425 5139 omni
1452 5089 1571 5143 nisu
1594 5090 1763 5143 virtu-

195 5181 310 5222 tum
358 5170 430 5222 ad
477 5164 716 5226 ctelestia
763 5172 932 5226 tendit
972 5183 1019 5224 ο.
1060 5171 1263 5228 Fumus
1293 5166 1765 5249 eodemtempore

192 5256 391 5327 partim
420 5255 556 5311 solet
596 5259 745 5333 oriri,
777 5262 971 5329 partim
994 5261 1058 5315 ad
1087 5261 1334 5316 sublimia
1375 5262 1566 5319 ductus
1592 5266 1767 5335 dispa-

194 5360 336 5402 zerc.
374 5346 466 5403 Sic
493 5354 549 5402 et
570 5347 807 5404 Ecclesia
833 5350 886 5404 in
914 5354 1171 5409 membris
1193 5354 1510 5423 quibusdam
1540 5357 1652 5413 suis
1670 5374 1767 5427 per

270 5534 294 5564 ι
318 5520 471 5603 Qui];
486 5524 633 5587 ναι..
679 5532 801 5603 post
827 5538 1041 5603 versum
1075 5548 1087 5582 ε
1136 5548 1155 5580 ‹
1212 5531 1334 5585 ldeo
1365 5533 1507 5603 hunc
1538 5549 1765 5603 versum

199 5593 394 5673 repetit
439 5589 701 5659 Sponsus,
736 5602 795 5673 ut
837 5610 943 5649 non
973 5600 1235 5673 minorem
1265 5617 1385 5673 eum
1426 5602 1685 5673 Ecclesia;
1702 5589 1768 5659 de

200 5662 448 5741 gentibus
473 5671 833 5741 congregant,
857 5680 1017 5741 quam
1041 5668 1105 5741 de
1129 5669 1329 5725 Judzeis
1355 5671 1555 5727 habere
1570 5666 1769 5727 sollici-

203 5730 438 5785 tudinem
466 5730 712 5800 putares',
741 5735 834 5787 sed
872 5730 931 5787 ut
962 5736 1029 5790 sit
1060 5738 1125 5790 de
1158 5741 1399 5809 utrisque
1427 5756 1529 5795 una
1553 5757 1765 5808 sponsa,

518 5820 785 5885 Parant.
832 5824 902 5903 C.

1864 4625 2028 4678 illius.
2058 4624 2116 4679 1n
2142 4634 2379 4694 tempore
2409 4625 2789 4679 incarnationis
2817 4626 2978 4688 illius,
3012 4640 3119 4695 quo
3159 4626 3227 4679 ad
3271 4639 3438 4695 copu-

1868 4715 2081 4771 landam
2130 4713 2231 4769 sibi
2268 4715 2561 4770 Ecclesiam
2600 4729 2846 4784 sponsam
2890 4729 2957 4767 ex
3004 4714 3249 4784 virginali
3284 4722 3439 4767 utero

1866 4805 2147 4874 processit.
2186 4803 2253 4857 Et
2299 4804 2353 4856 in
2395 4803 2478 4857 die
2511 4801 2705 4856 latitia:
2742 4802 2916 4855 cordis
2946 4802 3078 4870 ejus.
3117 4801 3173 4856 Id
3201 4810 3299 4865 est,
3353 4817 3436 4856 rc-

1868 4893 2188 4962 demptionis
2231 4894 2447 4947 humani
2492 4892 2741 4963 generis,
2796 4909 2914 4961 qua:
2963 4892 3062 4946 fuit
3088 4893 3203 4949 dies
3236 4893 3433 4961 lzetitiac

1868 4982 2101 5038 Christo.

2465 5092 2688 5149 CAPUT
2727 5094 2811 5148 IV.

1937 5184 2098 5237 Vens.
2142 5181 2191 5234 l.
2216 5212 2287 5222 —-
2313 5180 2482 5246 Quam
2532 5182 2748 5251 pulchra
2797 5200 2870 5246 es,
2896 5185 3063 5236 amica
3103 5200 3245 5246 mea,
3273 5200 3429 5253 quam

1865 5275 2082 5346 pulchra
2118 5272 2208 5326 es!
2234 5272 2517 5327 Pulchram
2547 5274 2676 5329 dicit
2714 5274 3041 5337 Ecclesiam;
3070 5284 3122 5328 et
3153 5275 3429 5345 pulchram

1868 5364 2080 5434 repetit,
2128 5362 2252 5431 quia
2274 5361 2411 5415 hanc
2456 5371 2509 5416 et
2551 5361 2759 5415 actione
2783 5369 2837 5415 et
2876 5362 3256 5431 praedicatione
3302 5362 3436 5416 vidit

1872 5549 1925 5595 et
1976 5539 2062 5593 illa
2093 5540 2456 5596 dilectissima.
2515 5557 2533 5589 ι
2591 5538 2875 5591 Antenora
2915 5546 2967 5592 et
2998 5534 3295 5607 posteriora
3345 5534 3432 5591 hic

1872 5610 2210 5664 omittuntur.

1946 5679 1971 5718 δ
1994 5679 2121 5734 Cod.
2141 5679 2261 5731 Vat.
2288 5677 2559 5745 sequentia
2586 5694 2772 5748 u5que,
2803 5679 2946 5733 Sicut
2967 5673 3189 5748 virgula,
3209 5675 3429 5748 omittit.

1948 5760 1965 5783 τ
1996 5748 2123 5802 Cod.
2150 5749 2267 5801 Vat.
2302 5742 2576 5815 sequentia
2607 5742 2802 5804 omittit
2832 5760 3019 5814 usque.
3054 5742 3323 5811 Myrrha»

2932 5838 3007 5899 οι
