4338 6430
739 444 832 496 651

1556 442 1636 496 Β.
1685 443 1745 496 ι-·.
1787 443 2007 497 ALBIN‘I
2047 442 2175 498 εει]
2216 443 2485 498 ΛιϐὶτῐΝΙ
2523 444 2804 501 OPERUM
2839 445 3016 501 PARS
3054 447 3112 501 ιι.

3861 445 3976 504 8ὄὲ

738 575 856 614 esse
882 559 1193 612 laudabilem
1221 571 1243 598 ι
1269 569 1296 619 ;·
1323 564 1532 610 actione
1563 556 1822 618 videlicet,
1867 557 1988 623 quia
2014 557 2145 609 sicut
2171 556 2300 623 fanti
2328 564 2371 615 Α
2403 565 2680 610 currentes
2703 560 2882 611 omnia
2907 558 3180 613 obstacula
3206 559 3386 613 mundi
3415 570 3711 616 transeunt.
3751 560 3848 628 Qui
3875 539 3973 633 pa;

660 714 662 716 τ
735 649 936 719 virgula
957 665 1021 702 ex
1048 648 1364 702 aromatibus
1380 648 1615 701 ascendit
1639 663 1652 699 :
1682 655 1733 702 et
1757 648 2152 717 praedicatione,
2176 648 2299 715 quia

747 738 806 793 td
834 754 989 793 suum
1018 738 1344 793 consortium
1375 738 1530 790 etiam
1577 737 1847 805 proximas
1893 737 2076 790 venire
2109 738 2304 806 satagit

743 827 921 884 dicens
949 844 963 880 :
994 827 1313 897 Egredimini
1351 835 1399 878 et
1428 825 1608 878 videte.
1641 823 1791 876 Oculi
1821 826 1896 877 tui
1923 824 2298 877 columbarum.

741 917 941 974 Sensus
965 917 1041 971 tui
1073 916 1426 985 spiritualium
1453 929 1629 968 rerum
1665 914 1828 982 399
1858 914 2304 981 contemplatione

739 1013 862 1062 sunt
884 1004 1222 1062 excellentes.
1249 1012 1304 1058 et
1324 1003 1604 1056 verecundi
1627 1001 1758 1071 [.-ll.,
1779 1000 2087 1072 venerandi]
2115 1001 2163 1063 δ,
2186 1003 2303 1070 qui-

736 1097 838 1150 bus
854 1109 973 1149 mea
993 1093 1151 1156 dona,
1173 1109 1292 1161 qua:
1309 1105 1479 1160 nuper
1495 1090 1784 1159 exposuisti
1804 1107 1816 1149 ς
1846 1106 2020 1143 meum
2035 1089 2298 1153 diadema,

738 1183 880 1253 quod
919 1197 1085 1250 nuper
1109 1181 1430 1250 prtedicasti,
1458 1180 1636 1232 videre
1658 1187 1712 1233 et
1758 1193 2080 1248 cognoscere
2105 1180 2301 1233 merui-

738 1269 826 1322 sti.
874 1268 1075 1338 Absque
1121 1285 1178 1321 eo
1229 1267 1366 1336 quod
1419 1267 1728 1319 intrinsecus
1772 1266 1912 1319 latet.
1973 1265 2164 1334 Magna
2199 1273 2303 1321 est

737 1358 929 1428 quippe
957 1358 1123 1426 gloria
1151 1358 1319 1426 aperti
1344 1357 1541 1424 operis,
1584 1356 1676 1410 sed
1716 1355 1866 1422 longe
1909 1355 2301 1424 incomparabi-

736 1447 837 1501 lior
870 1456 1312 1502 mercesxteternze
1338 1446 1718 1506 retributionis,
1742 1461 1880 1513 quze,
1913 1446 2038 1499 dum
2065 1448 2116 1500 in
2144 1447 2302 1500 terris

735 1539 1160 1606 pcregrinamur,
1188 1537 1353 1591 videri
1375 1551 1479 1590 non
1498 1544 1670 1604 potest
1697 1534 1848 1606 [ϐοά.
1886 1534 2022 1598 Vat.,
2045 1551 2162 1605 qua:
2182 1552 2302 1591 nec-

737 1629 860 1681 dum
889 1628 1052 1682 vidcri
1076 1627 1293 1698 potest].
1324 1625 1511 1696 Capilli
1538 1629 1614 1679 tui
1635 1628 1766 1680 sicut
1795 1643 1969 1696 greges
1999 1642 2296 1695 caprarum.

735 1717 963 1771 Possunt
991 1717 1045 1769 in
1086 1716 1291 1785 capillis
1333 1716 1510 1785 populi
1549 1714 1729 1768 fideles
1775 1716 1974 1782 accipi,
2018 1715 2106 1782 qui
2138 1716 2302 1768 maxi-

735 1822 878 1860 mum
903 1808 1064 1862 decus
1088 1821 1182 1861 sua
1201 1803 1586 1860 numerositate
1604 1807 1841 1873 praebent
1864 1805 2132 1859 Ecclesiae.
2167 1804 2298 1870 Qua:

735 1896 1072 1950 ascenderunt
1113 1896 1176 1948 de
1201 1905 1369 1948 monte
1397 1893 1621 1948 Calaad.
1657 1893 1857 1949 Galaad
1891 1909 2116 1949 acervus
2143 1895 2293 1948 testi-

736 1986 893 2040 monii
920 1986 1316 2054 interpretatur,
1339 1984 1431 2053 qui
1458 1985 1592 2039 bene
1621 1985 1869 2038 convenit
1897 1977 2141 2038 adunata:
2161 1985 2294 2038 mul-

735 2075 947 2130 titudini
973 2082 1298 2130 sanctorum.

805 2166 966 2220 Vens.
993 2165 1048 2220 2.
1078 2164 1355 2218 —Dentes
1383 2165 1460 2218 tui
1507 2167 1639 2218 sicut
1683 2181 1857 2234 greges
1901 2175 2187 2218 tonsarum.
2236 2165 2292 2220 In

737 2254 941 2324 capillis
963 2252 1275 2323 fragiliores,
1308 2253 1361 2306 in
1387 2253 1634 2308 dentibus
1661 2269 1786 2308 vero
1812 2253 2158 2322 perfectiores
2181 2257 2296 2325 qui-

732 2359 860 2413 que,
907 2354 963 2398 et
1024 2344 1091 2398 ad
1120 2343 1406 2413 regendam
1437 2343 1727 2398 Ecclesiam
1778 2346 1886 2412 apti
1925 2344 2291 2416 designantur.

735 2431 866 2497 Qua:
907 2432 1247 2486 ascenderunt
1288 2432 1350 2485 de
1372 2431 1596 2486 lavacro.
1626 2433 1681 2487 ιιι
1713 2443 1829 2495 est,
1869 2433 2011 2488 fonte
2039 2437 2176 2490 sacri
2201 2438 2297 2491 ba-

733 2520 999 2592 ptismatis
1024 2559 1040 2584 ,
1069 2521 1158 2588 qui
1186 2528 1240 2574 et
1281 2522 1418 2575 tonsi
1445 2529 1497 2574 et
1522 2521 1614 2574 loti
1641 2532 1794 2587 sunt,
1837 2525 1936 2578 hoc
1979 2534 2080 2590 est,
2114 2528 2296 2583 nudati

747 2609 1087 2663 lenuutiando
1109 2607 1258 2680 [Cod.
1299 2608 1439 2674 Vat.,
1463 2613 1848 2685 renuntiantes]
1870 2615 2083 2679 saeculo,
2102 2625 2154 2672 et
2176 2619 2297 2672 vitae

747 2711 944 2753 nvacro
966 2699 1224 2752 mundati.
1269 2697 1456 2754 Omnes
1487 2702 1713 2770 gemellis
1741 2704 1946 2771 fetibus.
1986 2705 2042 2759 Id
2071 2716 2168 2770 est,
2204 2723 2298 2776 ge-

736 2793 879 2845 mina
908 2791 1168 2846 charitate
1212 2790 1439 2844 fecundi.
1472 2792 1537 2844 Et
1568 2794 1756 2847 sterilis
1781 2811 1883 2848 non
1912 2805 1986 2849 est
2019 2798 2150 2850 inter
2189 2781 2294 2852 eas.

736 2879 850 2933 Non
875 2887 979 2942 est,
1015 2880 1104 2947 qui
1132 2877 1272 2932 fctus
1293 2879 1415 2933 boni
1444 2882 1622 2949 Operis
1643 2897 1746 2936 non
1774 2893 1915 2954 agat.

798 2989 966 3044 ‘Vtzns.
987 2989 1039 3045 5.
1054 3020 1123 3032 ——
1150 2986 1295 3044 Sicut
1313 2992 1432 3043 vitta
1452 2991 1686 3045 coccinea
1709 2991 1858 3064 [Cod
1887 2995 2030 3059 γει,
2052 2998 2298 3071 cocunea]

735 3078 874 3131 labia
913 3087 1036 3141 tua,
1085 3086 1132 3132 et
1160 3076 1416 3147 eloquium
1457 3088 1603 3132 tuum
1643 3079 1811 3134 dulce.
1861 3084 2006 3138 Vitta
2052 3086 2300 3140 coccinea

2401 658 2623 702 scuutur
2644 645 2796 718 [Cod.
2836 645 2980 711 Vat.,
3027 647 3271 720 pascunt]
3301 650 3356 704 in
3389 649 3534 717 liliis,
3574 653 3677 707 hoc
3702 661 3803 719 est,
3836 668 3975 708 cano

2402 736 2689 791 didissimis
2715 742 3020 790 sanctorum
3065 736 3281 790 Patrum
3323 737 3600 807 exemplis.
3630 739 3798 794 donec
3829 755 3975 810 prta-

2401 826 2566 880 sentis
2596 824 2748 896 [Cod.
2793 822 2908 877 Vat.
2933 864 2948 888 ,
2983 824 3294 897 praesentes]
3336 827 3674 882 mortalitatis
3724 829 3972 892 umbras,

2400 928 2601 970 aeterno
2624 915 2709 969 die
2730 918 3019 984 aspirante,
3039 924 3390 970 transeamus.
3431 915 3630 970 Vadam
3655 918 3723 971 ad
3743 929 3973 972 montem

2399 1007 2624 1074 myrrha:
2651 1016 2699 1058 et
2735 1006 2803 1058 ad
2841 1004 3023 1059 collem
3051 1006 3238 1060 thuris.
3286 1006 3342 1060 ln
3365 1008 3582 1075 myrrha
3628 1008 3975 1074 mortiﬁcatio

2399 1095 2608 1157 carnis;
2635 1094 2688 1146 in
2721 1094 2878 1148 thure
2907 1095 3119 1148 devotio
3157 1097 3417 1150 orationis
3441 1097 3776 1164 exprimitur.
3804 1096 3973 1163 Quasi

2401 1183 2600 1236 diceret
2626 1181 2864 1252 Sponsus
2900 1198 2914 1235 :
2954 1181 3324 1252 Frequentabo
3354 1199 3465 1247 eos,
3492 1192 3548 1237 et
3580 1185 3665 1251 pia
3703 1184 3976 1254 propitius

2402 1271 2750 1329 illustratione
2773 1273 3100 1342 gloriﬁcabo,
3142 1289 3277 1342 quos
3309 1275 3361 1327 in
3387 1273 3672 1342 passionis,
3710 1275 3824 1328 sive
3845 1288 3975 1327 ora-

2399 1363 2560 1416 tionis
2588 1362 2783 1416 virtute
2813 1362 3069 1416 sublimes
3097 1377 3216 1417 esse
3253 1363 3508 1432 suspicio.

2468 1471 2627 1524 Vens.
2666 1471 2716 1523 7.
2748 1500 2820 1511 —
2849 1470 2978 1525 Tota
3011 1470 3234 1541 pulchra
3271 1488 3347 1535 es,
3379 1473 3548 1526 amica
3586 1488 3698 1525 mea
3721 1511 3734 1536 ,
3759 1475 3974 1524 macula

2401 1576 2502 1612 non
2537 1569 2610 1612 est
2637 1560 2689 1614 in
2715 1571 2782 1613 te.
2813 1559 2869 1614 In
2890 1561 3156 1624 omnibus,
3190 1561 3414 1626 scilicet,
3439 1560 3607 1614 Deum
3629 1561 3965 1624 timentibus,

2398 1649 2604 1717 pusillis
2639 1659 2692 1704 et
2719 1650 2924 1718 magnis
2949 1660 2992 1700 ε.

2467 1761 2628 1818 Vens.
2657 1762 2708 1816 8.
2752 1791 2821 1800 -—
2858 1757 2986 1814 Veni
3008 1762 3072 1814 de
3096 1761 3326 1826 Libano,
3368 1779 3554 1830 sponsa
3581 1775 3715 1824 mea,
3757 1763 3870 1815 veni
3904 1760 3972 1812 de

2327 1875 2369 1934 Β
2399 1848 2616 1911 Libano,
2645 1850 2774 1902 veni.
2825 1849 3062 1904 Libanus
3093 1852 3294 1904 candor
3316 1844 3700 1920 interpretatur
3720 1890 3734 1912 ,
3768 1850 3818 1903 id
3846 1860 3932 1903 est
3953 1889 3967 1912 ,

2397 1937 2573 1990 anima
2599 1938 2754 1991 bonis
2783 1939 2990 1993 actibus
3016 1939 3316 2004 candidato,
3342 1954 3503 2008 quam
3531 1940 3688 1994 tertio
3716 1940 3974 1993 hortatur

2398 2027 2669 2095 Sponsus,
2716 2037 2776 2083 ut
2821 2029 3042 2083 veniat:
3074 2031 3270 2097 primo,
3314 2031 3582 2085 viventem
3623 2028 3776 2102 [ϐοά.
3817 2029 3972 2096 Vat.,

2384 2119 2659 2191 Viventes]
2696 2118 2747 2173 in
2778 2136 2939 2174 carne
2965 2137 3062 2190 per
3101 2123 3238 2176 bona
3267 2137 3449 2190 opera.
3480 2122 3726 2177 Secundo
3749 2163 3763 2187 ,
3811 2123 3973 2176 abso-

2396 2210 2507 2264 luta
2549 2225 2708 2265 carne
2743 2211 2811 2266 ad
2850 2211 3248 2282 percipiendam
3273 2214 3440 2265 vitam
3475 2213 3708 2267 beatam.
3751 2209 3968 2271 Tertio.

2397 2305 2610 2368 recepto
2635 2313 2858 2367 corpore
2884 2301 2951 2354 ad
2977 2298 3200 2354 fruenda
3227 2307 3349 2368 post
3369 2301 3818 2354 resurrectionem
3841 2314 3970 2369 gau-

2396 2387 2484 2440 dia
2511 2386 2767 2455 perfecta.
2795 2385 3138 2442 Coronaberis
3158 2388 3223 2440 de
3247 2390 3412 2458 capite
3435 2389 3604 2442 Aman
3632 2387 3786 2459 [Cod.
3817 2388 3968 2450 ναι..

2397 2474 2642 2548 Amano],
2681 2475 2744 2529 de
2771 2477 2953 2529 vertice
2997 2474 3209 2548 [Sanir]
3247 2485 3295 2530 et
3322 2474 3586 2541 Harmon,
3615 2477 3679 2530 de
3709 2475 3967 2529 cubilibus

2397 2564 2601 2618 leonum
2629 2604 2643 2627 ,
2687 2564 2750 2618 de
2774 2565 3030 2619 montibus
3062 2566 3366 2634 pardorum.
3398 2564 3604 2620 Leoncs
3631 2573 3850 2635 prepter
3877 2579 3970 2618 su-

2398 2653 2674 2720 perbiam,
2727 2653 2879 2722 pardi
2925 2661 3144 2721 propter
3183 2654 3557 2708 crudelitatem
3589 2653 3806 2724 maligni
3841 2664 3970 2707 sunt

2398 2741 2635 2809 spiritus.
2677 2740 2936 2794 Montium
2976 2755 3103 2796 vero
3145 2743 3360 2796 nomine
3398 2743 3627 2811 superba
3676 2741 3971 2797 inﬁdelium

2399 2830 2580 2894 corda,
2621 2829 2712 2884 ubi
2755 2830 3014 2885 immundi
3058 2831 3279 2899 spiritus
3329 2831 3510 2885 sedem
3567 2831 3786 2894 habent,
3827 2829 3976 2884 desi-

2397 2927 2646 2988 gnantur.
2678 2920 2816 2974 Dum
2839 2922 3012 2976 sancti
3045 2923 3426 2991 prtedicatores
3456 2922 3587 2976 tales
3619 2923 3688 2976 ad
3723 2923 3863 2976 viam
3889 2937 3968 2975 sa-

2399 3008 2524 3062 lutis
2567 3017 2925 3075 convertunt,
2973 3018 3301 3064 coronantur
3345 3011 3412 3064 de
3445 3011 3618 3078 capite
3669 3019 3723 3065 et
3768 3012 3971 3065 vertice

2401 3099 2682 3161 montium,
2708 3099 2760 3152 id
2787 3107 2892 3164 est,
2930 3100 3258 3170 principibus
3288 3099 3620 3170 iniquorum,
3649 3101 3771 3172 quia
3808 3102 3872 3156 de
3894 3101 3969 3152 la-

733 3163 973 3220 doctrina
996 3166 1235 3220 veritatis
1256 3166 1584 3236 intelligitur.
1613 3168 1774 3223 Labia
1799 3185 2006 3239 εροηεω
2031 3187 2191 3227 OOCCO
2213 3168 2309 3250 θεέ
2325 3201 2368 3262 C
2400 3187 2530 3241 bore
2555 3189 2867 3242 cel-laminis
2894 3163 3092 3243 (gi-ese“
3103 3163 3323 3244 ’θοι-ουκ
3351 3163 3552 3260 dial-ig.

735 3255 1066 3318 similantur,
1114 3256 1239 3323 quia
1269 3256 1528 3308 Dominici
1559 3257 1862 3324 sanguinis,
1893 3273 1999 3326 quo
2026 3262 2293 3330 redempta

735 3352 835 3404 est,
868 3342 1096 3410 pretium
1122 3343 1410 3412 prmdicare
1429 3358 1533 3396 non
1558 3354 1732 3398 cessat
1761 3346 1994 3402 Ecclesia
2020 3366 2034 3412 ;
2064 3348 2144 3402 vel
2172 3350 2296 3418 quia

736 3432 1042 3501 praedicatio
1069 3439 1252 3485 sancta
1275 3432 1554 3488 charitatis
1580 3435 1768 3489 ardore
1790 3435 2122 3490 ﬂammescit.
2148 3438 2297 3493 Sicut

736 3523 971 3591 fragmen
1006 3522 1131 3574 mali
1176 3522 1384 3589 punici,
1429 3523 1502 3577 ita
1533 3539 1676 3592 gena:
1705 3533 1831 3589 ture,
1854 3525 2042 3595 absque
2080 3544 2137 3579 eo
2160 3528 2298 3598 quod

735 3613 1039 3666 intrinsecus
1063 3611 1202 3663 latet.
1229 3610 1285 3663 In
1315 3611 1466 3680 genis
1490 3614 1829 3678 verecundia,
1866 3614 1917 3666 in
1943 3614 2080 3668 malo
2106 3617 2298 3684 punico

737 3700 915 3768 passio
936 3698 1133 3754 Christi
1153 3700 1489 3768 exprimitur.
1518 3700 1686 3755 Habet
1705 3717 1833 3771 ergo
1856 3704 2104 3757 ruborem
2134 3705 2185 3757 in
2211 3720 2300 3773 ge-

740 3789 822 3842 nis
841 3802 1034 3856 sponsa
1062 3787 1186 3840 mali
1217 3787 1414 3855 punici,
1441 3803 1559 3842 cum
1594 3799 1985 3843 sacramentum
2014 3791 2299 3846 Dominica:

740 3878 1004 3946 passionis
1024 3877 1200 3930 verbis
1229 3875 1426 3930 fatetur
1447 3885 1500 3929 et
1529 3875 1684 3931 factis
1710 3878 1918 3946 probat.

810 3988 970 4041 Vens.
999 3987 1051 4040 4.
1071 4018 1141 4030 —-
1159 3987 1305 4042 Sicut
1331 3990 1491 4040 turris
1516 3988 1680 4042 David
1705 3990 1893 4043 collum
1919 4002 2081 4044 tuum.
2115 3993 2300 4048 Turris

740 4075 903 4130 David
926 4075 1161 4130 Ecclesia
1188 4083 1289 4139 est,
1318 4074 1510 4128 eollum
1538 4078 1924 4144 prmdicatores,
1952 4095 2173 4147 quorum
2199 4081 2300 4135 ﬁde

737 4175 791 4220 et
813 4162 1108 4220 constantia
1135 4165 1188 4218 in
1215 4166 1399 4220 eadem
1435 4165 1649 4221 civitate
1677 4164 1827 4220 ﬁrma
1857 4178 1958 4232 est,
1985 4180 2038 4224 et
2069 4172 2300 4240 undique

739 4258 1178 4328 inexpugnabilis.
1203 4257 1334 4323 Qua:
1357 4258 1613 4328 cedi/Scala
1641 4268 1714 4313 est
1741 4276 1855 4312 cum
1880 4264 2295 4330 propugnaculis.

739 4345 1141 4415 Propugnacula
1163 4354 1339 4398 autem
1362 4344 1597 4412 ejusdem
1618 4347 1868 4408 civitatis,
1901 4347 2299 4415 Scripturarum

742 4446 1045 4491 sanctarum
1078 4435 1368 4489 munimina
1417 4441 1576 4500 sunt,
1616 4436 1698 4488 vel
1738 4435 1951 4490 Patrum
2002 4441 2302 4506 prmceden-

2467 3297 2628 3352 Vens.
2651 3299 2704 3352 9.
2729 3328 2798 3337 —
2819 3296 3117 3353 Vulnerasti
3138 3315 3227 3352 cor
3241 3316 3428 3363 meum,
3455 3316 3604 3352 soror
3622 3316 3754 3363 mea,
3779 3315 3969 3369 sponsa

2393 3400 2543 3448 mea,
2593 3383 2873 3438 vulnerasti
2921 3402 3012 3450 cor
3052 3403 3242 3438 meum.
3286 3387 3341 3439 In
3387 3386 3752 3440 vulneratione
3792 3388 3970 3441 cordis

2396 3475 2703 3542 magnitudo
2744 3475 2944 3529 amoris
2969 3475 3167 3529 Christi
3208 3475 3263 3529 in
3311 3476 3604 3530 Ecclesiam
3635 3477 3964 3546 intelligitur.

2399 3566 2464 3620 In
2501 3583 2604 3620 uno
2631 3567 2793 3638 400
2819 3567 3085 3622 oculorum
3115 3579 3339 3632 tuorum,
3379 3579 3427 3623 et
3475 3571 3530 3624 in
3555 3588 3656 3624 uno
3682 3573 3822 3624 crine
3845 3571 3966 3625 colli

2396 3657 2492 3707 tui.
2525 3655 2583 3708 In
2629 3658 2834 3710 unitate
2861 3666 3044 3710 sancta
3093 3658 3368 3711 doctorum
3393 3699 3407 3724 ,
3460 3659 3513 3713 id
3535 3669 3618 3714 est
3649 3660 3968 3729 oculorum;

2397 3754 2452 3798 et
2479 3746 2531 3798 in
2555 3747 2762 3799 unitate
2782 3747 2868 3816 pia
2899 3746 3152 3815 subjecta:
3186 3748 3375 3817 plebis,
3402 3749 3455 3802 id
3481 3759 3564 3804 est
3588 3751 3839 3805 crinium.

2467 3876 2625 3930 Vens.
2648 3875 2730 3928 10.
2744 3905 2814 3914 -
2828 3875 2995 3940 Quam
3015 3875 3243 3945 pulchre
3264 3886 3382 3929 sunt
3411 3893 3650 3931 mamma.
3669 3887 3792 3942 tua,
3820 3895 3969 3932 soror

2398 3979 2510 4015 mea
2548 3979 2755 4031 sponsa.
2804 3962 2934 4014 Item
2964 3977 3208 4024 mamma:
3242 3965 3458 4018 nomine
3495 3967 3667 4050 sancti
3712 3966 3960 4022 doctores

2397 4062 2614 4121 propter
2650 4054 3065 4108 consolationem
3107 4055 3439 4110 inﬁrmorum
3465 4096 3478 4120 ,
3519 4066 3573 4110 et
3618 4057 3962 4126 parvulorum

2398 4142 2865 4204 sustentationem,
2905 4157 3023 4211 qua:
3067 4143 3200 4197 lacte
3247 4143 3340 4207 iit,
3390 4145 3782 4213 exprimuntur.
3832 4144 3963 4198 Pul-

2399 4235 2603 4287 chriora
2641 4236 2798 4286 ubera
2820 4245 2909 4287 tua
2935 4237 3072 4288 vino.
3107 4236 3352 4290 Suavitas
3377 4238 3560 4306 gratia:
3587 4237 3857 4305 pulchrior
3882 4248 3964 4292 est

2400 4323 2712 4376 austeritate
2736 4324 2887 4392 legis.
2921 4324 2989 4376 Et
3018 4325 3146 4377 odor
3175 4335 3553 4393 unguentorum
3580 4333 3787 4379 tuorum
3811 4329 3963 4395 super

2401 4415 2573 4466 omnia
2600 4399 2856 4466 aromata.
2879 4413 3043 4466 Fama
3072 4415 3386 4467 suavissima
3409 4413 3595 4468 diffusa
3627 4413 3779 4486 [Cod.
3824 4412 3958 4480 ναι,

742 4529 877 4581 tium
906 4525 1166 4592 exempla.
1199 4523 1343 4576 Mille
1368 4525 1529 4592 clypei
1562 4525 1780 4593 pendent
1806 4543 1868 4578 ea:
1903 4543 1982 4578 ea.
2002 4500 2142 4592 -Quia
2172 4537 2300 4595 quot
2330 4515 2376 4573 Ι)
2401 4500 2626 4595 ἀίσυδίξε]
2659 4517 2752 4595 Per
2778 4502 2964 4595 “Pe!”
2993 4508 3162 4595 ιοῑιιξη
3206 4501 3348 4595 “dfi.
3392 4503 3549 4557 latior
3566 4511 3654 4558 est
3680 4517 3840 4595 quam
3867 4518 3959 4595 ve-

741 4615 795 4671 in
821 4614 1013 4668 divinis
1041 4614 1189 4668 libris
1218 4621 1477 4681 prmcepta
1505 4620 1646 4675 sunt,
1673 4620 1749 4666 tot
1774 4622 1894 4667 sunt
1920 4615 2088 4668 nostri
2116 4626 2295 4682 pecto-

745 4703 818 4756 ris
849 4703 1159 4763 munimina,
1190 4703 1383 4769 quibus
1422 4711 1607 4755 contra
1642 4717 1827 4755 omnes
1871 4705 2090 4757 insidias
2117 4704 2299 4758 defen-

743 4791 938 4842 dimnr.
986 4789 1166 4841 Omnis
1209 4801 1478 4842 armatura
1517 4789 1746 4854 fortium.
1798 4789 1982 4844 Omnis
2020 4792 2299 4844 instructio

743 4886 826 4931 est
863 4875 942 4928 vel
971 4876 1310 4940 operationis,
1338 4875 1418 4926 vel
1460 4874 1711 4926 doctrinm
1743 4877 1990 4938 cmlestis,
2019 4893 2112 4944 per
2142 4895 2299 4945 quam

745 4981 845 5016 non
880 4964 1047 5016 solum
1080 4951 1367 5015 evadimus.
1399 4963 1488 5014 sed
1516 4971 1566 5014 ct
1591 4978 1917 5030 superamus.

817 5075 975 5126 νεεδ.
1085 5104 1152 5111 --
1181 5073 1295 5122 Duo
1328 5073 1483 5123 ubera
1515 5081 1603 5123 tua
1632 5081 1750 5124 sunt
1773 5073 1875 5124 duo
1906 5074 2105 5126 hinnuli
2134 5090 2301 5139 caprtr

745 5162 896 5230 [(ἶοεὶ.
946 5164 1083 5220 Vah,
1118 5160 1335 5229 caprea']
1376 5161 1593 5226 gemelli,
1632 5164 1718 5226 qui
1756 5176 2037 5228 pascuntur
2074 5166 2127 5214 in
2157 5164 2299 5214 liliis.

817 5252 968 5306 Vens.
996 5253 1044 5303 6.
1061 5283 1127 5290 -—
1151 5253 1318 5302 Donec
1347 5253 1534 5318 aspiret
1554 5252 1659 5302 dies
1684 5264 1728 5303 ct
1755 5254 2066 5307 inclinentur
2086 5255 2299 5305 umbra’.

747 5342 857 5391 imo
909 5341 1064 5390 ubera
1102 5342 1203 5391 duo
1233 5353 1350 5393 sunt
1393 5350 1517 5393 sunt
1566 5341 1741 5407 populi
1785 5357 1848 5394 ex
1899 5345 2302 5397 circumcisione

744 5430 1011 5481 vsnicntcs
1041 5437 1089 5477 et
1126 5430 1434 5494 gentilitate,
1480 5431 1567 5496 qui
1593 5445 1688 5496 per
1714 5430 2061 5484 humilitatem
2091 5435 2302 5499 quidem

747 5533 936 5583 parvos
978 5531 1031 5568 se
1082 5515 1374 5580 intelligunt
1425 5529 1473 5568 et
1515 5527 1852 5584 peccatores;
1908 5522 1994 5573 sed
2046 5524 2304 5575 charitate

819 5681 836 5702 ιι
874 5671 998 5729 ρυλε
1023 5670 1154 5719 hanc
1185 5683 1358 5717 τιωιίμιι
1387 5679 1680 5732 sequuntur
1717 5670 1909 5726 omissa
1945 5683 2062 5724 sunt
2095 5675 2143 5727 in
2174 5676 2299 5728 Cod.

763 5736 846 5782 Vit
905 5755 1084 5803 nsque,
1124 5740 1269 5787 I’t'il/l
1309 5739 1400 5786 tut.

2399 4594 2529 4646 teris
2577 4592 2709 4659 legis
2754 4599 2806 4644 et
2838 4590 3056 4645 Patrum
3102 4591 3180 4663 [in
3209 4592 3295 4664 ea]
3322 4635 3336 4658 ,
3383 4610 3501 4663 qua:
3546 4595 3597 4646 in
3641 4593 3752 4647 sola
3781 4590 3958 4646 Judtta

2398 4688 2799 4749 coangustatur.

2478 4813 2632 4864 Vens.
2683 4814 2765 4866 Η.
2807 4844 2876 4852 -
2905 4813 3079 4868 Favus
3114 4818 3373 4871 distillans
3421 4818 3559 4871 labia
3602 4828 3714 4883 tua,
3748 4836 3952 4888 sponsa.

2404 4900 2577 4952 Favus
2601 4902 2703 4956 mel
2732 4903 2784 4955 in
2814 4918 2935 4957 cera
2961 4912 3043 4957 est
3074 4921 3086 4956 :
3124 4906 3224 4958 mel
3248 4915 3424 4961 autem
3448 4908 3501 4961 in
3528 4924 3646 4963 cera
3669 4907 3958 4976 spiritualis

2405 5000 2484 5043 est
2511 4991 2805 5044 divinorum
2836 4993 3167 5061 cloquiorum
3203 4999 3464 5052 sensusin
3495 4999 3690 5053 littera.
3730 4998 3829 5053 Mel
3851 4999 3955 5054 stil-

2405 5078 2536 5138 luns,
2569 5079 2691 5144 quia
2717 5080 3031 5148 multiplices
3057 5098 3244 5137 sensus
3273 5100 3409 5151 pene
3438 5086 3657 5151 singula:
3684 5090 3957 5142 sententiae

2406 5170 2616 5222 habent.
2645 5169 2802 5223 Labia
2832 5187 3036 5239 sponsa:
3059 5182 3182 5226 sunt
3205 5175 3453 5229 doctores
3473 5217 3486 5238 ,
3519 5178 3608 5246 qui
3646 5178 3955 5235 multifarios

2405 5273 2591 5311 sensus
2631 5260 2798 5312 sacris
2825 5260 3015 5312 litteris
3044 5263 3214 5314 inesse
3255 5265 3510 5329 pandunt.
3541 5264 3660 5332 ,Μαι
3686 5277 3732 5317 et
3759 5265 3840 5319 lac
3864 5266 3953 5317 sub

2403 5346 2579 5415 lingua
2613 5359 2720 5399 tua.
2769 5349 2825 5400 In
2873 5350 3007 5402 lacte
3048 5352 3276 5404 eruditio
3305 5355 3666 5420 parvulorum.
3699 5355 3751 5406 in
3804 5353 3952 5407 melle

2406 5437 2593 5488 fortior
2642 5437 2879 5490 doctrina
2926 5440 3283 5507 perfectorum
3328 5443 3584 5509 signatur,
3617 5442 3727 5495 Sub
3759 5442 3951 5511 lingua,

2409 5525 2455 5574 id
2484 5531 2581 5584 cst,
2625 5524 2674 5574 in
2708 5527 3045 5578 meditatione
3072 5528 3267 5580 cordis.
3300 5528 3366 5582 Et
3402 5532 3532 5584 odor
3552 5531 3957 5584 vestimentorum

2481 5681 2503 5717 l'
2528 5680 2825 5750 sequentia.
2852 5695 3037 5750 usque,
3068 5683 3255 5750 absque
3280 5701 3358 5746 eo,
3390 5685 3585 5739 omittit
3615 5685 3729 5740 cod.
3762 5681 3879 5736 Vat.

2484 5766 2498 5788 ε
2537 5749 2653 5801 llaec
2678 5749 2850 5816 gloss:
2882 5749 3028 5803 deest
3055 5749 3104 5803 in
3137 5753 3252 5804 cod.
3288 5754 3402 5805 Vat.
