4338 6400
183 509 281 572 653

996 524 1397 582 EXEGETICA.
1439 557 1507 566 —
1541 528 1984 588 COMPENDIUM
2023 535 2088 588 lN
2127 537 2325 594 CANT.
2366 543 2564 596 CANT.

3308 553 3410 609 ωδ

180 644 415 697 tuorum,
460 642 626 687 -stcut
684 635 814 688 odor
868 636 1054 690 thuris.
1110 639 1434 693 Vestimenta
1492 641 1742 698 Ecclesia:
1772 646 1815 702 Δ
1844 645 2033 701 benter
2060 649 2305 721 inspiciat
2337 665 2713 728 gratanterquc
2754 663 2978 733 accipiat
3004 680 3165 734 opera
3197 679 3411 729 sancto~

177 741 334 794 opera
379 734 504 779 sunt
549 725 685 794 ejus,
737 741 856 795 qua:
903 727 1055 782 odori
1109 730 1283 782 thuris
1339 741 1737 800 comparantur,

176 813 296 885 quia
329 825 520 872 cuncta
550 829 669 884 quas
695 825 880 872 sancta
919 832 1017 886 pro
1059 819 1285 874 Domino
1312 821 1423 892 agit
1462 823 1698 878 Ecclesia
1723 865 1736 887 ,

174 905 594 974 orationumper
622 921 684 960 ea
706 907 874 960 vicem
895 907 1142 962 reddunt.

239 992 399 1046 Vens.
431 993 518 1046 12.
540 1023 611 1032 -
639 992 838 1048 Hortus
863 995 1139 1050 conclusus
1168 1015 1318 1051 soror
1340 1016 1483 1063 mea,
1513 1018 1733 1070 sponsa,

169 1084 347 1138 hortus
390 1083 718 1149 conclusus,
748 1087 865 1155 fons
907 1080 1160 1157 signatus.
1210 1090 1408 1146 Hortus
1455 1095 1737 1148 conclusus

168 1171 406 1226 Ecclesia
460 1181 564 1237 est,
608 1188 726 1242 quae
774 1175 1064 1235 multifaria
1110 1179 1464 1246 spiritualium
1514 1196 1734 1250 operum

167 1261 405 1330 germina
436 1262 631 1332 gignit.
664 1262 807 1318 Fons
840 1273 940 1324 est.
970 1267 1095 1334 quia
1130 1268 1370 1341 doctrina
1399 1271 1618 1325 salutari
1647 1286 1732 1325 re-

165 1351 399 1415 dundat;
441 1351 743 1416 conclusus,
767 1355 890 1422 quia
920 1355 1131 1410 Domini
1159 1361 1494 1426 protectione
1526 1365 1731 1416 munita

162 1440 397 1507 persistit
426 1457 441 1505 ;
472 1429 731 1512 signatus,
758 1458 1005 1499 sermone
1032 1445 1175 1500 ﬁdei.

231 1550 393 1604 Vens.
442 1551 962 1608 15.—Emissiones
1006 1566 1109 1610 tute
1153 1559 1429 1627 paradisus
1473 1561 1729 1616 malorum

157 1643 466 1709 punicorum
491 1659 618 1710 cum,
627 1661 902 1712 pomorum
926 1647 1203 1714 fructibus.
1238 1649 1340 1704 Per
1364 1652 1727 1720 irrigationem

158 1729 300 1783 sacri
335 1730 673 1798 baptismatis
711 1742 895 1787 sancta
938 1734 1174 1789 Ecclesia
1216 1738 1523 1806 paradisum
1561 1757 1628 1795 ex
1670 1757 1727 1796 sc

156 1818 353 1871 emittit
378 1819 638 1877 malorum
664 1823 999 1891 punicorum,
1024 1826 1078 1879 id
1108 1837 1209 1891 est,
1239 1839 1548 1885 sanctorum
1585 1849 1726 1888 mar-

154 1916 354 1976 tyrum.
382 1909 516 1962 Cum
545 1926 824 1979 pomorum
867 1914 1146 1982 fructibus,
1178 1917 1229 1972 id
1265 1928 1366 1984 est,
1412 1930 1718 1977 sanctarum

153 1996 638 2054 virtutumfructu.

223 2103 385 2158 Vsus.
428 2104 514 2180 μ.
551 2135 620 2144 -
654 2105 810 2178 Cypri
836 2126 954 2162 cum
983 2113 1180 2177 nardo,
1211 2116 1407 2169 nardus
1428 2126 1475 2170 et
1515 2135 1715 2173 crocus.

149 2191 360 2264 Cyprus
381 2194 543 2249 arbor
561 2199 852 2251 aromatica
872 2208 976 2262 est,
1000 2201 1307 2270 signiﬁcans
1332 2205 1566 2259 caalestis
1595 2223 1719 2276 gra-

149 2281 240 2335 ωε
263 2281 710 2338 benedictionem.
760 2285 968 2342 Nardus
1006 2290 1299 2346 Dominiea:
1332 2294 1597 2362 passionis
1637 2305 1718 2366 ty-

145 2382 300 2438 pum,
329 2386 524 2427 crocus
549 2374 834 2446 chqritatis
873 2376 1137 2432 fervorem
1178 2383 1449 2451 exprimit.
1482 2385 1747 2452 Conjun-~

145 2460 292 2528 gitur
323 2476 521 2531 cyprus
548 2465 738 2529 nardo,
769 2481 891 2520 cum
926 2467 1106 2522 divina
1134 2473 1308 2538 gratia
1332 2473 1598 2528 confortat
1618 2491 1716 2530 nos

142 2564 243 2617 pro
265 2548 482 2604 Christo
526 2553 658 2620 pati.
705 2553 832 2607 Item
861 2557 1061 2610 nardus
1104 2573 1264 2613 croco
1300 2561 1561 2631 jungitur,
1593 2580 1713 2618 cum

144 2640 408 2694 cbaritate
447 2640 648 2696 Christi
685 2653 910 2698 mortem
962 2647 1191 2700 libenter
1233 2652 1569 2718 suscipimus.
1618 2654 1714 2706 Fi-

141 2719 291 2780 stula'
306 2736 356 2780 et
378 2729 785 2784 cinnamomum.
831 2733 1034 2787 Fistula
1054 2775 1068 2798 ,
1098 2751 1215 2804 quze
1261 2746 1317 2790 et
1355 2742 1526 2794 cassia
1555 2740 1706 2810 [Cod.

149 2815 270 2870 Vat.
297 2857 312 2880 ,
356 2818 525 2891 casia]
552 2821 713 2875 arbor
741 2825 1034 2878 aromatica
1066 2824 1215 2897 [est].
1251 2827 1342 2881 sed
1371 2830 1607 2894 modica,
1656 2841 1710 2885 et

140 2903 262 2959 ideo
303 2906 534 2958 humiles
575 2908 762 2974 spiritu
804 2910 1068 2978 designat.
1109 2912 1240 2966 Item
1285 2916 1703 2981 cinnamomum,

137 2994 227 3061 qui
251 3010 309 3049 se
336 2997 481 3064 ipsos
505 2996 822 3065 despiciunt,
853 2999 1049 3070 signat,
1076 3016 1194 3071 quae
1215 3013 1269 3058 et
1290 3007 1404 3074 ipsa
1428 3016 1511 3061 est
1531 3009 1708 3064 brevis

138 3085 336 3146 arbor.
382 3085 480 3140 "sed
514 3086 783 3140 odorifera
819 3095 876 3143 et
901 3090 1107 3155 dulcis;
1142 3095 1235 3147 sed
1283 3095 1553 3150 humilitas
1595 3113 1706 3151 ma-

136 3186 295 3238 gnam
326 3174 490 3228 habet
510 3174 720 3227 laudem
744 3184 799 3230 et
819 3177 1150 3252 dulcedinem
1182 3181 1323 3250 apud
1361 3184 1548 3238 Deum.
1574 3184 1704 3238 Cum

135 3259 391 3314 uniuersis
422 3261 576 3330 lignis
621 3262 825 3314 Libani.
856 3262 1005 3319 Sicut
1029 3265 1202 3320 ﬁstula
1231 3277 1283 3321 et
1307 3271 1702 3327 cinnamomum
1731 3288 1779 3351 ο

135 3347 367 3402 humiles
392 3357 698 3403 sanctorum
725 3353 1096 3420 cogitationes,
1139 3357 1215 3409 sic
1251 3365 1305 3410 et
1346 3359 1484 3429 ligna
1513 3360 1701 3416 Libani

135 3435 392 3490 sublimes
439 3451 624 3491 eorum
662 3439 900 3493 actiones
952 3441 1337 3497 demonstrant.
1396 3446 1614 3516 Myrr/ia
1654 3458 1702 3501 et

135 3524 282 3588 aloe,
321 3526 543 3580 arbores
586 3536 710 3581 sunt
757 3531 1060 3584 aromatica:
1086 3571 1101 3594 ,
1149 3547 1268 3601 quae
1317 3537 1702 3591 continentiam

133 3615 314 3668 carnis
354 3618 677 3684 exprimunt.
719 3616 849 3672 Cum
895 3611 1130 3680 omnibus
1177 3624 1359 3691 primis
1403 3629 1696 3694 unguentis.

134 3690 190 3756 ld
221 3711 325 3763 est,
373 3705 790 3760 charismatibus
817 3708 1074 3762 virtutum
1103 3690 1589 3768 excellentioribus.
1634 3717 1702 3770 Et

132 3793 355 3861 pulchra
375 3802 458 3847 est
486 3792 790 3861 conjunctio
823 3797 1014 3851 harum
1041 3800 1296 3853 arborum
1317 3817 1441 3855 cum
1463 3819 1703 3872 unguen-

134 3882 202 3936 tis
221 3921 238 3946 ,
266 3883 393 3951 quia
420 3883 547 3936 dum
579 3897 794 3937 carnem
826 3900 854 3937 a
884 3885 1102 3940 lascivia
1137 3887 1490 3953 refrenamus,
1513 3905 1700 3946 conse-

130 3987 302 4040 quens
324 3981 409 4026 est
437 3982 494 4026 ut
515 3973 716 4041 majora
745 3976 964 4043 spiritus
993 3978 1128 4032 dona
1162 3980 1535 4049 percipiamus.

202 4080 361 4134 Vens.
399 4079 485 4131 15.
525 4110 596 4120 —-
620 4080 763 4135 Fons
793 4075 1092 4150 hortorum,
1123 4096 1309 4156 puteus
1338 4106 1594 4158 aquarum
1623 4091 1697 4144 vi-

128 4169 375 4230 rentium,
401 4179 517 4237 qua:
545 4169 714 4236 fluunt
745 4171 956 4240 impetu.
1003 4174 1299 4244 Utrumque
1323 4179 1559 4233 Ecclesia
1590 4187 1691 4245 est,

129 4265 181 4308 et
206 4255 326 4310 fons
354 4257 652 4320 hortorum,
697 4259 822 4328 quia
848 4262 1152 4328 spirituales
1182 4267 1350 4335 gignit
1381 4266 1613 4333 fructus;
1641 4277 1695 4324 et

127 4354 318 4411 puteus
345 4360 605 4413 aquarum
623 4347 933 4415 viventium,
959 4360 1176 4419 propter
1187 4356 1395 4408 occulta
1417 4359 1690 4426 mysteria,

127 4448 244 4500 qua:
271 4435 474 4488 sanctis
496 4450 594 4502 per
628 4435 1004 4492 revelationem
1046 4443 1215 4496 sancti
1247 4443 1480 4512 Spiritus
1517 4445 1687 4519 [solis]

125 4523 448 4590 panduntur.
491 4526 764 4589 Aquarum
802 4527 1095 4582 viventium
1119 4540 1338 4600 propter
1370 4534 1580 4604 eloquia
1602 4537 1687 4591 di-

124 4611 275 4674 vina,
313 4624 434 4679 quae
469 4611 534 4664 de
561 4610 915 4668 invisibilibns
961 4617 1155 4672 divinae
1193 4623 1378 4688 gratias
1423 4625 1686 4680 thesauris
1710 4621 1764 4680 D

121 4697 436 4764 procedunt.
463 4698 538 4750 De
565 4697 780 4754 Libano.
812 4702 888 4756 De
912 4705 1026 4771 ipsa
1051 4706 1287 4762 Ecclesia
1310 4711 1460 4776 dicit,
1493 4729 1611 4780 quae
1632 4723 1687 4770 et

121 4785 345 4839 candida
374 4795 457 4838 est
500 4802 595 4854 per
632 4791 943 4844 munditiam
975 4792 1093 4845 ﬁdei
1117 4832 1131 4856 ,
1164 4803 1217 4848 et
1256 4796 1360 4849 alta
1389 4813 1483 4864 per
1519 4800 1686 4855 virtu»

120 4886 231 4929 tum
258 4874 505 4944 gloriam.

189 4989 352 5042 Vens.
378 4987 461 5040 lﬁ.
485 5017 554 5026 -—
575 4989 760 5058 Surge,
778 4993 982 5059 Aquilo,
1003 5004 1050 5047 et
1067 4997 1196 5057 veni,
1224 4993 1431 5061 Auster,
1449 5009 1495 5051 et
1520 5003 1681 5068 perﬂa

115 5083 322 5134 hortum
349 5095 538 5132 meum.
575 5080 627 5132 ln
652 5080 909 5148 Aquilone
932 5087 1152 5139 adversa
1177 5090 1382 5152 mundi,
1407 5089 1461 5141 in
1485 5090 1682 5145 Austro

116 5169 478 5222 blandimenta
503 5171 864 5239 designantur,
901 5175 1023 5240 quia
1048 5179 1259 5244 gemina
1290 5182 1680 5248 expugnatione

115 5258 373 5324 probatur
432 5257 684 5312 Ecclesia.
726 5258 924 5330 Surge,
977 5265 1335 5331 permittentis
1377 5285 1476 5322 vox
1507 5309 1521 5331 ,
1574 5286 1676 5323 non

116 5347 431 5416 imperantis
460 5357 562 5400 est.
595 5350 661 5402 Et
699 5353 865 5418 ﬂuant
903 5364 1138 5407 aromata
1173 5356 1334 5411 illius.
1363 5359 1416 5412 Id
1446 5372 1545 5430 est,
1569 5363 1676 5414 vir-

115 5445 286 5489 tutum
316 5437 617 5490 constantia
658 5441 820 5495 miros
848 5443 1038 5495 odores
1067 5446 1350 5513 dispergat.
1397 5446 1574 5501 Veniat
1603 5453 1676 5501 di-

116 5522 272 5576 lectus
301 5541 446 5578 meus
479 5527 531 5577 in
557 5525 760 5578 hortum
793 5546 963 5582 suum.
1000 5534 1183 5586 Veniat
1211 5536 1463 5590 Dominus
1490 5541 1539 5590 in
1570 5540 1669 5592 Ec-

115 5611 328 5666 clesiam
356 5629 507 5668 suam
534 5657 543 5676 ,
580 5631 640 5669 ac
668 5630 782 5670 eam
814 5619 925 5686 ipse
953 5635 1232 5678 conservet
1255 5626 1448 5694 ubique
1488 5629 1671 5684 imma-

119 5701 361 5764 culatam,
395 5711 449 5754 et
489 5703 614 5760 ﬁdei
639 5704 790 5775 fruge
824 5707 1248 5784 fecundet,[Cod.
1291 5714 1403 5768 Vat.
1430 5757 1443 5780 ,
1491 5718 1670 5772 fecun-

117 5790 274 5862 dam].
306 5792 374 5845 Et
401 5792 634 5845 comedat
676 5796 899 5862 fructum
927 5817 1192 5864 ramorum
1233 5821 1462 5857 suorum.
1510 5807 1569 5856 Et
1602 5809 1663 5860 li—

1846 751 1962 789 rum
1995 754 2231 794 suorum.

2361 837 2516 907 401
2547 840 2770 897 caer'r
2817 845 2867 901 v.

1912 916 2071 970 Vsus.
2091 919 2110 970 l
2127 961 2138 971 .
2153 951 2221 960 —
2233 919 2357 976 Veni
2380 927 2432 978 in
2451 929 2658 981 hortum
2675 950 2861 995 meum,
2877 952 3026 989 soror
3039 955 3176 1004 mea,
3193 958 3405 1010 sponsa.

1841 1005 1993 1069 Veni,
2021 1009 2211 1078 inquit.
2253 1017 2543 1084 srepissime
2575 1021 2625 1072 in
2657 1022 2949 1078 Ecclesiam
2980 1043 3153 1082 meam
3187 1049 3198 1082 :
3229 1042 3285 1085 et
3314 1048 3408 1088 ve-

1838 1095 1926 1148 nio
1954 1106 2013 1150 ut
2060 1103 2344 1174 corrigam,
2374 1108 2638 1175 adjuvem,
2671 1113 3003 1170 conﬁrmem.
3035 1118 3231 1174 Messui
3261 1141 3405 1194 myr-

1839 1185 1983 1237 rham
2033 1204 2199 1242 meam
2247 1209 2359 1245 cum
2413 1201 2733 1254 aromatibus
2775 1205 2921 1257 meis.
2972 1205 3076 1260 Per
3122 1214 3405 1278 myrrham

1837 1275 2017 1339 passio
2047 1276 2128 1328 vel
2151 1281 2519 1346 'mortiﬁcatio,
2551 1301 2645 1354 per
2670 1302 2911 1344 aromata
2940 1308 3128 1349 omnes
3174 1299 3406 1356 virtutes

1834 1366 2220 1430 exprimuntur.
2239 1370 2669 1442 Metitmyrrham
2691 1393 2810 1433 cum
2827 1387 3402 1457 aromatibus,quando

1833 1463 2098 1523 martyres
2111 1471 2230 1512 cum
2252 1465 2460 1517 cretcris
2485 1467 2668 1522 electis
2684 1472 2748 1523 ad
2769 1475 3131 1530 maturitatem
3153 1481 3399 1547 prmmio—

1832 1557 1950 1595 rum
1965 1547 2222 1612 perducit.
2241 1549 2449 1604 Comedi
2463 1556 2635 1622 [avum
2655 1576 2769 1612 cum
2799 1564 2946 1616 melle
2961 1582 3092 1628 meo,
3111 1568 3213 1620 bibi
3225 1571 3396 1622 vinum

1833 1648 1999 1685 meum
2023 1652 2138 1688 cum
2170 1640 2302 1692 lacte
2345 1659 2476 1696 meo.
2506 1646 2561 1698 In
2603 1647 2724 1712 l‘avo
2760 1661 2813 1705 et
2839 1655 2964 1708 vino
2993 1658 3394 1725 praedicatores,

1832 1719 1884 1770 in
1914 1722 2068 1775 melle
2097 1733 2152 1777 et
2181 1727 2317 1782 lacte
2341 1733 2611 1787 auditores
2640 1719 3034 1810 intelliguntur;
3064 1754 3121 1800 et
3141 1757 3398 1819 utrosque

1829 1805 2071 1864 internus
2104 1811 2273 1869 Judex
2323 1823 2581 1889 approbat
2614 1834 2667 1878 et
2717 1805 3043 1885 reniuncrat.
3102 1805 3390 1904 Comedite,

1827 1897 2002 1961 amici,
2025 1898 2177 1954 bibite
2202 1914 2248 1955 et
2271 1907 2617 1973 inebriamini,
2644 1914 2955 1971 clmn'ssimi.
2984 1922 3168 1986 Amici,
3195 1922 3395 1980 facien-

1747 1967 1798 2026 Β
1825 1985 1894 2038 do
1936 2003 2055 2055 qua:
2103 1995 2381 2062 praecipio;
2416 1967 2728 2066 charissimi,
3129 1967 3394 2069 eharitate

1824 2082 2208 2149 amplectende.
2240 2087 2501 2155 Obsecro,
2531 2094 2606 2146 ita
2655 2095 2813 2151 factis
2853 2110 3185 2168 sanctorum,
3236 2102 3391 2175 quasi

1821 2171 1992 2238 epulis
2010 2178 2315 2245 praecipuis,
2337 2186 2632 2248 prtecordia
2658 2197 2834 2242 vestra
2862 2193 3083 2259 replete.

1891 2260 2052 2314 Vens.
2078 2263 2132 2314 2.
2146 2294 2216 2303 -
2238 2266 2351 2335 Ego
2377 2269 2599 2326 dormio.
2619 2273 2856 2330 Dunante
2869 2281 3037 2348 gratia
3056 2281 3172 2347 Dei,
3187 2283 3239 2337 in
3255 2300 3390 2354 pace

1818 2352 2096 2414 praesentis
2123 2354 2245 2406 vitae
2264 2353 2684 2432 [Al.,Ecclesi:e]
2699 2379 2821 2418 eum
2837 2367 2973 2422 colo.
3007 2368 3076 2422 Et
3095 2388 3188 2425 cor
3215 2352 3388 2429 nicum

1818 2437 2013 2505 vigilat.
2041 2439 2156 2504 Quo
2186 2447 2522 2512 tranquillius
2551 2451 2619 2503 ab
2643 2451 2947 2510 incursibus
2966 2461 3207 2514 externis
3224 2476 3383 2524 vaco,

1816 2540 1880 2578 eo
1910 2527 2070 2583 altius
2114 2532 2341 2588 internis
2366 2538 2566 2592 visibus
2589 2541 2744 2595 video
2774 2542 2926 2613 [Cod.
2960 2545 3103 2612 ναι,
3127 2565 3192 2604 eo
3223 2551 3386 2607 altius

1817 2617 1957 2669 intus
1978 2619 2176 2690 video],
2208 2637 2368 2690 quam
2421 2626 2591 2682 bonus
2610 2639 2695 2684 est
2723 2631 2881 2687 Deus.
2922 2633 3033 2688 Vox
3069 2637 3242 2692 dilecti
3281 2643 3382 2693 mei

1812 2704 2087 2770 pulsantia.
2121 2708 2306 2763 Pulsat
2348 2715 2543 2768 ostium
2581 2720 2782 2781 cordis,
2831 2735 2952 2774 cum
2998 2723 3252 2782 Dominus
3281 2744 3379 2781 nos

1814 2792 1880 2844 ad
1925 2794 2226 2862 profectum
2273 2800 2530 2856 virtutum
2577 2806 2794 2860 excitat.
2847 2808 3001 2877 Aperi
3049 2814 3200 2877 mihi,
3231 2832 3382 2869 soror

1811 2897 1945 2944 mea,
1982 2886 2152 2938 amica
2183 2903 2318 2951 mea,
2353 2891 2591 2945 columba
2626 2911 2761 2958 mea,
2791 2897 3128 2953 immaculata
3159 2918 3292 2957 mea.
3324 2904 3378 2957 ΙιΙ

1810 2979 1913 3032 est,
1945 2973 2119 3040 pande
2146 2990 2241 3029 eor
2267 2978 2416 3031 mihi.
2445 2979 2612 3034 Soror
2637 3000 2770 3048 mea,
2803 2989 2930 3054 quia
2970 2991 3214 3068 cohaeres.
3235 3009 3375 3048 mea.

1809 3061 1991 3114 Amica
2029 3079 2163 3128 mea,
2195 3067 2320 3134 quia
2366 3084 2685 3126 arcanorum
2717 3090 2958 3131 meorum
3009 3078 3163 3150 {Cod.
3211 3065 3370 3149 ’γαίη

1810 3150 2024 3203 arcanis
2051 3154 2207 3222 meis]
2239 3159 2474 3210 conscia.
2513 3159 2763 3216 Columba
2807 3182 2942 3231 mea,
2975 3170 3100 3236 quia
3150 3173 3371 3241 spiritus

1810 3240 1911 3290 mei
1933 3239 2072 3294 dono
2099 3241 2377 3298 illustrata.
2409 3246 2756 3305 Immaculata
2775 3271 2909 3320 mea,
2938 3260 3063 3326 quia
3082 3239 3194 3315 sola
3220 3279 3378 3334 aspe-

1809 3338 1893 3378 ctu
1918 3343 2037 3381 meo
2057 3331 2234 3399 digna.
2270 3333 2406 3398 Quia
2445 3349 2596 3406 caput
2622 3357 2790 3394 meum
2811 3343 3017 3413 plenum
3041 3358 3118 3401 est
3164 3331 3299 3405 rorei
3325 3365 3376 3407 et

1805 3416 2034 3469 cincinni
2081 3423 2182 3472 mei
2228 3425 2386 3490 guttis
2413 3429 2681 3481 noctium.
2731 3431 2905 3501 Caput
2949 3433 3152 3491 Christi
3195 3438 3370 3506 Deus;

1805 3505 2034 3560 cincinni
2071 3518 2196 3562 sunt
2222 3510 2455 3566 ﬁdelium
2483 3516 2844 3575 collectiones.
2889 3523 2947 3576 In
2979 3540 3100 3580 rore
3125 3534 3181 3582 et
3207 3505 3375 3599 guttis

1804 3598 2060 3663 noctium,
2092 3600 2116 3653 f
2116 3605 2292 3672 rigens
2312 3605 2555 3692 charitas
2575 3610 2629 3662 in
2654 3613 2833 3692 multis
2860 3619 3180 3685 ostenditur,
3202 3598 3369 3692 quam

1803 3685 1856 3737 in
1886 3686 2052 3741 Deum
2077 3697 2133 3743 et
2176 3695 2477 3760 proximum
2515 3684 2714 3756 habere
2752 3703 3068 3760 debuerunt.
3102 3684 3235 3765 Ideo.
3271 3728 3374 3768 ne-

1802 3778 2036 3830 cessario
2064 3781 2264 3834 excitat
2300 3784 2557 3842 Dominus
2596 3789 2780 3847 ﬁdeles
2809 3810 3051 3865 quosque
3077 3799 3146 3853 ad
3174 3803 3370 3878 przedi-

1801 3865 2027 3920 cationis
2072 3869 2467 3942 studium,[Al.,
2516 3878 2794 3952 oﬁicium].
2822 3883 2942 3950 Cui,
2978 3865 3279 3956 provocata‘
3299 3893 3366 3946 ad

1799 3954 2036 4010 laborem
2061 3958 2307 4025 docendi,
2339 3968 2625 4034 respondet
2653 3970 2890 4027 Ecclesia
2924 3992 2937 4028 :

1869 4046 2030 4101 Vsus.
2055 4050 2107 4102 3.
2131 4080 2199 4089 —
2228 4049 2526 4120 Exspaliari
2555 4076 2633 4112 me
2653 4063 2849 4127 tunica,
2873 4068 3130 4134 quomodo
3171 4071 3368 4126 induar

1796 4134 1929 4188 illa?
1948 4137 2026 4192 Ac
2052 4141 2095 4194 si
2119 4151 2302 4211 aperte
2327 4145 2491 4211 dicat,
2509 4151 2718 4206 deserui
2741 4158 2951 4226 negotia
2974 4160 3256 4215 sa3cularia
3285 4165 3363 4217 tui

1796 4238 1978 4290 causa,
2001 4231 2268 4295 quomodo
2293 4243 2530 4302 repetam
2555 4237 2677 4291 illa?
2706 4240 2834 4295 Lavi
2856 4244 3010 4312 pedes
3035 4263 3198 4312 meos,
3225 4266 3360 4320 quo-

1793 4313 1946 4365 modo
1989 4315 2268 4384 inquinabo
2312 4321 2470 4375 illos?
2496 4321 2613 4379 Jam
2665 4338 2886 4384 secreta:
2933 4313 3360 4404 compunctionis
3413 4399 3419 4404 ,

1791 4397 2000 4455 ﬂetibus
2027 4404 2169 4458 ablui
2198 4409 2547 4476 cogitationes
2575 4421 2843 4481 terrenas,
2871 4397 3139 4488 quomodo
3172 4427 3360 4480 mundi

1794 4487 1920 4558 [Al.,
1952 4491 2258 4564 immundis]
2283 4498 2530 4554 sordibus
2552 4502 2748 4558 iterum
2780 4487 3021 4574 polluar?
3049 4511 3176 4579 quia
3217 4527 3360 4582 prte-

1789 4577 2070 4633 dicationis
2092 4579 2324 4637 cilicium
2351 4586 2465 4641 sine
2485 4594 2831 4661 occupatione
2859 4589 2993 4667 [Al.,
3011 4577 3360 4676 praeoccupa-

1789 4665 1952 4737 tione]
1983 4669 2224 4724 smeulari
2255 4675 2339 4726 vix
2371 4690 2491 4731 esse
2517 4689 2714 4747 potest.

1861 4755 2017 4811 Vsus.
2042 4759 2095 4813 4.
2128 4791 2195 4811 -.—
2241 4763 2472 4821 Dilectus
2501 4786 2650 4849 meus
2674 4776 2813 4828 misit
2837 4793 3047 4832 manum
3073 4796 3224 4835 sum
3260 4799 3353 4850 per

1784 4843 2039 4909 foramen.
2073 4847 2284 4904 Manum
2315 4856 2509 4924 quippe
2552 4844 2704 4914 suam
2732 4864 2956 4920 dilectus
2983 4883 3079 4938 per
3105 4843 3349 4931 foramen
3386 4880 3390 4886 ‘

1729 4955 1735 4960 -
1785 4933 1948 4997 misit,
1994 4951 2116 4990 cum
2160 4955 2256 4994 nos
2284 4941 2538 4998 Dominus
2580 4951 2789 5005 occulta
2820 4955 3158 5014 invisibiliter
3194 4977 3347 5018 com—

1783 5025 2069 5088 [iunctione
2110 5028 2176 5080 ad
2220 5045 2352 5099 opus
2390 5035 2650 5091 virtutum
2672 5043 2938 5109 accendit,
2990 5048 3249 5118 nobisque
3291 5053 3346 5106 in

1727 5163 1732 5168 .
1783 5117 2095 5170 memoriam
2130 5132 2346 5175 revocat
2373 5130 2639 5193 quomodo
2669 5139 2724 5184 et
2761 5142 2956 5203 quanta
2987 5135 3053 5189 de
3076 5117 3194 5191 sinu
3243 5140 3345 5194 Pa-

1781 5206 1877 5257 tris
1923 5207 2249 5266 descendens
2278 5231 2374 5282 pro
2427 5219 2578 5271 nobis
2617 5231 2762 5275 esset
2802 5240 3012 5292 passus.
3062 5228 3131 5281 Et
3169 5244 3343 5287 center

1780 5309 1923 5347 meus
1950 5298 2215 5353 intremuit
2235 5304 2302 5355 ad
2327 5314 2522 5359 tactum
2548 5309 2682 5376 ejus.
2718 5311 2841 5367 H830
2871 5316 3111 5372 recolens
3157 5321 3342 5379 intima

1779 5386 2101 5439 conscientia
2129 5403 2341 5456 sponsa,
2374 5399 2482 5445 tota
2535 5401 2860 5464 expavescit,
2888 5403 3157 5473 pigritiam
3185 5411 3339 5476 quie-

1778 5473 1846 5526 tis
1874 5490 2149 5540 accusans,
2179 5481 2244 5533 ad
2272 5480 2505 5538 laborem
2535 5491 2929 5555 praedicationis
2952 5495 3229 5554 festinans.

1851 5563 2006 5616 Vens.
2034 5567 2083 5618 5.
2116 5597 2185 5607 --
2229 5568 2446 5626 Surrexi
2476 5616 2487 5639 ,
2517 5588 2570 5628 ut
2602 5582 2854 5646 aperirem
2894 5585 3080 5639 difecto
3111 5603 3240 5642 meo.
3281 5592 3340 5648 ld

1770 5659 1874 5714 est,
1895 5655 2114 5711 verbum
2153 5656 2358 5714 Domini
2390 5666 2698 5732 prmdicare.
2731 5670 2921 5726 Manus
2946 5690 3071 5728 mea:
3107 5677 3334 5733 distilla-

1773 5752 2268 5818 reruntmyrrﬁam;
2300 5755 2446 5824 digiti
2493 5772 2594 5809 mer
2638 5760 2776 5825 pleni
2815 5766 3023 5832 myrrha
3052 5765 3331 5840 [probatis—

1773 5845 1942 5913 sima].
1980 5849 2031 5899 In
2081 5849 2322 5900 manibus
2369 5849 2508 5899 enim
2556 5865 2734 5917 opera,
2764 5856 2814 5906 in
2869 5857 3046 5929 digitis
3077 5860 3329 5917 discretio
