4338 6434
777 500 883 564 sas
1588 507 1651 559 Β.
1689 503 1753 560 r.
1792 501 2015 559 nam
2055 502 2184 559 seu
2222 492 2815 559 assumopsn'uu
2848 495 3030 553 mus
3050 470 3127 551 in.
3893 495 4014 556 oss

775 619 1115 689 designatur;
1144 618 1197 673 in
1220 618 1439 688 myrrha
1464 616 1793 673 continentia
1820 625 1875 674 et
1897 618 2334 687 passiones;qua2
2363 617 2408 676 Α
2434 620 2553 681 pter
2600 611 2993 680 despcctionem
3044 606 3181 677 apud
3226 608 3490 663 homines.
3548 606 3644 665 Vel
3665 648 3680 676 ,
3730 606 3885 668 elata)
3940 614 4017 667 oh

773 717 906 762 tunc
932 706 1301 775 probatissima
1318 713 1422 771 est,
1448 720 1571 761 cum
1591 704 1926 762 solummodo
1954 722 2053 778 pro
2068 706 2335 761 eharitate
2430 698 2713 753 victoriam
2738 715 2753 763 ;
2798 699 2965 767 nigrm
2990 698 3388 766 obpressums.

774 797 871 853 Dei
918 806 972 851 et
1020 796 1270 865 proximi,
1300 796 1383 850 vel
1428 796 1752 851 continentia
1796 795 1923 869 [lit],
1954 795 2035 851 vel
2061 794 2335 865 passiones
2476 788 2666 845 ‘Vuns.
2695 788 2780 843 12.
2805 819 2876 829 -—
2900 787 3051 843 Oculi
3078 788 3192 858 ejus
3217 789 3350 842 sicut
3372 788 3622 843 columba
3642 807 3795 861 super
3814 792 4019 851 rivulos

779 885 932 943 ﬁunt.
2431 893 2707 947 aquarum,
2755 877 2927 932 sancti
2974 876 3220 931 doctores
3267 884 3410 941 sunt,
3451 891 3547 945 per
3580 893 3715 948 quos
3760 879 4014 937 Ecclesia

778 1044 781 1045 ν
846 999 1009 1055 Vsus.
1030 997 1083 1054 6.
1112 1030 1183 1041 -—
1218 999 1484 1055 Pessulum
1513 1000 1631 1053 ostii
1664 999 1765 1059 mei
1786 998 1967 1067 aperui
1990 997 2175 1051 dilecto
2200 1012 2331 1051 meo.
2433 971 2579 1067 yid“
2620 987 2739 1067 ‘1“?
2982 978 3135 1067 διξξηῖ
3176 972 3267 1040 qui
3308 973 3453 1067 _be“°
3480 972 3759 1067 ⁰⁰¹ξ¹¹ῖ¹ιξεν
3785 985 4017 1067 Ρῒοῐηω

782 1090 1062 1145 pessulum
1091 1105 1287 1158 sponso
1307 1090 1503 1158 apem,
1542 1088 1633 1157 qui
1675 1058 1931 1157 [εωρξυω
1978 1087 2060 1142 sui
2102 1088 2338 1157 pectoris
2436 1061 2793 1158 innocentiam
2826 1058 2978 1158 [ροιέ
3029 1059 3144 1113 Vat.
3179 1074 3281 1114 om.
3307 1061 3691 1158 innocentiam]
3721 1073 3775 1119 et
3801 1066 4016 1137 simpli-

781 1180 961 1238 divina
1005 1152 1731 1251 [inspirationeadveniente
1782 1152 1988 1246 pandit,
2037 1152 2119 1231 id‘
2145 1185 2225 1231 est
2262 1176 2333 1247 u],
2435 1153 2494 1251 εἶτ

2299 1176 2333 1247 1,
2435 1153 2683 1251 citatem;
2732 1161 2788 1207 et
2817 1152 3001 1206 rivulis
3023 1166 3283 1251 aquarum
3324 1160 3547 1251 propter
3567 1153 3898 1210 charismata
3926 1156 4012 1210 di-

781 1238 1087 1325 vinitatione
1115 1238 1183 1323 ἐι
1212 1269 1597 1324 inhabitatione
1640 1238 1856 1334 dignum
1905 1238 2110 1321 fecerit.
2139 1268 2204 1319 At
2251 1238 2338 1319 ille
2434 1241 2494 1334 Ῠί¹

2434 1241 2556 1295 vina
2606 1249 3003 1309 comparantur.
3054 1238 3184 1303 Quae
3211 1238 3345 1293 lacte
3380 1249 3501 1294 sunt
3528 1239 3670 1306 lotce,
3708 1251 3755 1295 et
3778 1243 4010 1296 resident

779 1357 1119 1413 inclinaverat
1154 1368 1305 1428 atque
1331 1359 1627 1412 transierat.
1657 1328 1793 1422 Quia
1834 1354 1964 1408 nulli
2010 1355 2064 1408 in
2102 1356 2203 1409 hac
2230 1354 2336 1408 vita
2426 1331 2585 1428 Ῐπίςι
2618 1329 3178 1428 ηαςηξᾳφιεηὶεεὶπξατ
3233 1329 3397 1428 Lacte
3445 1328 3584 1428 lotas
3622 1329 3771 1428 dicit,
3806 1331 3859 1428 id
3901 1340 4011 1394 est,

781 1447 939 1517 ριειη
978 1446 1111 1501 visio
1152 1416 1269 1511 De},
1308 1448 1447 1501 sic,“
1497 1446 1553 1499 in
1600 1416 1798 1510 ίαῶη,
1840 1445 2182 1509 ωηωάίωτ,
2221 1443 2338 1498 ideo
2436 1418 2608 1517 gratia
2626 1416 2933 1517 dulcissima
2962 1417 3263 1517 mundatas.
3293 1416 3613 1517 lit-resident
3627 1417 3782 1487 juxta
3806 1416 4011 1517 ﬂuenta

783 1507 1015 1589 transire
1036 1534 1231 1597 dicitur
1255 1507 1499 1597 dilectus,
1531 1533 1584 1588 id
1606 1541 1707 1597 est,
1740 1507 1792 1587 in
1822 1531 2059 1587 futurum
2086 1507 2340 1589 seviden—
2435 1508 2762 1578 Ρίθθίεδίωθν
2812 1508 3008 1597 ίάίθδίν
3059 1507 3305 1597 οωηίυηξ
3338 1507 3601 1597 ἀοηοτωιι
3644 1508 4012 1597 ενίτίιυδιίειω

781 1625 907 1678 dum
945 1632 1001 1677 et
1036 1593 1417 1692 perfruendum
1458 1593 1666 1691 plenius
1692 1593 1943 1676 ostendit.
1988 1624 2177 1676 Anima
2224 1638 2339 1675 mea
2439 1597 2840 1692 δδυξδδθξίίδπξο
2869 1596 3047 1692 miles}
3080 1596 3132 1692 ίξι
3158 1593 3342 1692 fimus
3365 1596 3563 1692 ξειιξτὶε
3590 1596 3721 1666 legis
3739 1596 4008 1692 eruditio;

2438 1693 2492 1739 et
2538 1686 2592 1739 in
2639 1685 2852 1739 fluentis
2894 1684 3217 1754 plenissimis
3263 1682 3520 1751 perfectio
3552 1685 3869 1756 evangelicae
3914 1686 4015 1739 do-

2440 1774 2626 1828 ctrina:
2648 1773 2939 1843 designari,
2966 1772 3087 1840 quia
3117 1772 3495 1840 prazdicatores
3515 1771 3581 1825 de
3608 1772 3873 1826 thesauris
3898 1772 4017 1826 suis

2440 1861 2719 1935 proferunt
2742 1870 2923 1915 vetera
2951 1870 3004 1915 et
3031 1874 3166 1914 nova
3198 1859 3411 1932 (Matth.
3435 1875 3555 1925 xm,
3581 1847 3729 1949 Βῆ..

781 1712 1060 1781 liquefacta
1088 1721 1183 1776 est,
1213 1722 1269 1764 ut
1299 1711 1499 1766 locutus
1524 1721 1619 1765 est.
1648 1710 1855 1777 Quanto
1877 1712 2114 1775 suavius,
2146 1712 2339 1782 inquit,

780 1816 968 1856 vocem
1003 1810 1164 1870 atque
1204 1802 1457 1855 viciniam
1494 1800 1671 1856 dilecti
1701 1802 1805 1855 mei
1842 1802 2041 1871 accepi,
2074 1809 2220 1856 tanto
2252 1818 2342 1856 su-

781 1891 1019 1956 blimius,
1045 1891 1309 1963 quidquid
1328 1892 1384 1945 in
1415 1906 1500 1946 me
1538 1900 1657 1946 erat
1682 1891 1953 1961 frigidum,
1976 1894 2238 1948 ebaritate
2264 1895 2341 1947 in-

782 1979 947 2035 caluit
989 1978 1067 2051 [et
1116 1979 1457 2049 liquefactum
1506 1989 1591 2035 est
1616 1980 1769 2049 (Cod.
1820 1979 1934 2034 Vat.
1984 1991 2041 2036 et
2085 1984 2303 2051 quidqui

781 2070 1014 2141 rigidum
1057 2068 1321 2139 liquefuit)
1371 2068 1413 2141 ].
1438 2104 1441 2105 ν
1468 2069 1696 2135 Ωααςεὴθὶ
1741 2080 1792 2124 et
1828 2088 1928 2125 non
1964 2073 2131 2126 inveni
2158 2072 2338 2139 illum;

781 2161 961 2216 uocari
993 2170 1043 2215 et
1073 2177 1175 2215 nor
1216 2160 1478 2231 respondit
1508 2162 1653 2215 mihi.
1696 2162 1830 2229 Quia
1866 2164 2065 2217 donum
2090 2180 2345 2235 mmpun—

780 2252 981 2308 ctionis
1002 2260 1058 2306 et
1071 2250 1369 2305 dulcedinis
1384 2251 1585 2305 intimae
1605 2267 1712 2306 non
1727 2254 1783 2306 in
1806 2253 2029 2308 arbitrio
2051 2262 2135 2308 est
2159 2255 2343 2310 volen-

787 2342 881 2406 tis,
902 2341 997 2400 sed
1032 2342 1087 2396 in
1120 2339 1464 2395 miseratione
1490 2340 1695 2407 dantis;
1732 2343 1851 2398 ideo
1880 2358 1986 2398 non
2012 2359 2225 2414 semper
2251 2345 2347 2399 ha-

783 2432 1071 2487 bent'illud
1116 2432 1424 2502 aequaliter,
1451 2433 1576 2501 quia
1600 2448 1704 2488 non
1749 2433 1823 2489 ita
1845 2450 1904 2488 se
1930 2434 2087 2489 oﬂ'ert
2110 2435 2249 2490 Deus
2293 2438 2345 2491 in

785 2523 977 2578 exsilio
1024 2522 1418 2587 laborantibus,
1452 2523 1717 2592 quomodo
1762 2524 1815 2579 in
1847 2525 2020 2594 patria
2075 2528 2346 2598 regnanti-

784 2610 907 2665 bus.

858 2704 1021 2761 Vens.
1069 2707 1122 2759 ‘7.
1150 2737 1221 2749 -
1271 2708 1584 2764 Invenerunt
1610 2727 1690 2765 me
1734 2712 1993 2777 custodes,
2018 2712 2108 2783 qui
2135 2714 2352 2768 circuie-

790 2804 912 2849 rurtt
958 2796 1242 2863 civitatem,
1294 2810 1657 2869 percusserunt
1708 2818 1807 2865 me,
1860 2811 1910 2855 et
1950 2803 2352 2857 vulneraverunt

790 2901 893 2949 me,
916 2885 1144 2941 tulerunt
1172 2888 1390 2956 pallium
1430 2906 1601 2943 meum
1642 2892 1768 2944 mihi
1791 2893 2026 2946 custodes
2064 2909 2351 2947 murorum.

792 2973 1057 3029 Custodes
1078 2976 1334 3041 civitatis,
1378 2976 1430 3032 id
1458 2986 1540 3033 est
1567 2979 1841 3046 Ecclesiae,
1864 2982 2043 3036 sancti
2064 2981 2232 3053 [sunt]
2262 2984 2357 3037 do-

792 3071 991 3127 ctores,
1036 3064 1125 3132 qui
1173 3062 1356 3119 scdala
1402 3066 1783 3134 praedicatione
1824 3068 2156 3122 circumeunt
2196 3068 2356 3140 ωε

792 3152 957 3207 corda
984 3152 1336 3222 singulorum,
1364 3160 1419 3205 et
1445 3153 1663 3221 spiculis
1690 3155 1891 3209 amoris
1916 3155 2149 3210 caelestis
2174 3158 2360 3211 vulne-

791 3249 934 3307 rant,
962 3250 1103 3296 etut
1124 3243 1296 3313 magis
1317 3242 1557 3308 ardeant,
1583 3243 2031 3312 inﬂammescunt,
2056 3256 2110 3301 ct
2137 3254 2360 3301 vetustae

792 3331 1215 3386 conversationis
1241 3339 1448 3401 tegmen
1477 3333 1557 3387 eis
1580 3334 1921 3388 subtrahunt.

860 3445 1022 3499 Vsus.
1050 3444 1104 3499 8.
1137 3474 1203 3483 -—
1233 3443 1434 3511 Adjuro
1456 3459 1563 3505 eos,
1588 3443 1716 3511 ﬁlia:
1741 3442 2057 3506 Jerusalem,
2080 3445 2126 3498 si
2152 3445 2358 3500 inuene-

790 3536 907 3589 ritis
932 3532 1177 3587 dilectum
1208 3550 1381 3586 meum
1411 3532 1565 3603 [Cod.
1604 3535 1718 3588 Vat.
1748 3549 1856 3589 om.
1886 3533 2104 3604 meum],
2138 3544 2193 3588 ut
2223 3552 2359 3588 nun-

790 3624 928 3678 tietis
952 3623 1002 3677 ei
1027 3622 1166 3693 quod
1186 3621 1341 3694 [Cod.
1370 3622 1489 3677 Vat.
1516 3620 1663 3692 quia]
1685 3632 1862 3675 amore
1894 3621 2133 3691 langueo.
2172 3621 2361 3677 Merito

790 3712 1011 3783 languet
1035 3726 1251 3780 sponsa,
1274 3725 1396 3765 cum
1408 3710 1597 3779 gladio
1623 3710 1773 3764 verbi
1800 3710 1892 3764 Dei
1914 3725 2165 3779 percussa
2196 3718 2361 3766 terre-

795 3816 926 3858 num
951 3800 1103 3854 exuit
1129 3798 1419 3863 amictum;
1441 3806 1503 3853 et
1527 3799 1663 3855 tilias
1688 3797 2004 3864 Jerusalem,
2041 3800 2094 3856 id
2122 3809 2224 3865 est,
2251 3802 2362 3856 Deo

798 3889 991 3962 dignas
1014 3888 1225 3957 adiurat
1252 3889 1479 3952 animas,
1509 3896 1567 3942 ut
1602 3890 1683 3945 sui
1714 3890 1916 3945 amoris
1942 3891 2362 3961 magnitudinem

797 3982 866 4036 ad
892 3981 1062 4035 Deum
1084 3979 1341 4044 referant,
1366 3988 1421 4034 et
1444 3994 1543 4049 pro
1569 3979 1686 4049 ejus
1712 3980 1939 4040 videnda
1974 3981 2144 4051 gloria
2172 3996 2361 4049 super—

798 4085 929 4124 num
953 4068 1056 4124 sibi
1086 4076 1317 4137 poscant
1354 4068 1635 4122 auxilium.
2010 4062 2026 4068 ’

868 4178 1029 4235 Vens.
1058 4177 1112 4231 9.
1158 4207 1225 4216 —
1264 4175 1449 4241 Qualis
1478 4184 1553 4230 est
1595 4176 1813 4232 dilectus
1844 4185 1965 4232 tuus
2002 4194 2067 4233 ea:
2101 4178 2308 4244 dilecto,
2334 4198 2365 4235 ο

795 4266 1148 4339 pulcherrima
1172 4266 1451 4320 mulierum
1468 4308 1483 4330 ,
1505 4268 1677 4337 qualis
1697 4277 1775 4323 est
1797 4267 2017 4324 dilectus
2040 4278 2161 4323 tuus
2184 4286 2249 4324 ea;
2279 4270 2365 4324 di-

796 4355 950 4419 lecta,
971 4356 1098 4425 quia
1120 4354 1198 4409 sic
1222 4354 1482 4427 adjurasti
1504 4370 1596 4408 nos
1612 4355 1638 4407 .’
1655 4354 1891 4411 Obsecro
1919 4364 1994 4421 te,
2019 4358 2147 4425 quia
2170 4359 2251 4412 sic
2274 4360 2369 4412 ad-

794 4444 990 4513 jurasti
1032 4455 1139 4508 me,
1187 4452 1247 4496 ut
1271 4456 1472 4505 amore,
1499 4457 1607 4511 quo
1632 4451 1686 4499 te
1710 4443 2057 4515 languescere
2087 4445 2243 4511 dicis,
2284 4462 2369 4501 me

800 4547 1014 4604 quoque
1042 4548 1140 4603 per
1160 4533 1386 4588 verbum
1418 4533 1819 4601 praedicationis
1844 4534 2012 4591 facias
2044 4535 2326 4591 ardescere
2351 4553 2365 4600 ;

2306 1984 2342 2038 ά
2372 1958 2415 2017 Β
2510 1954 2671 2006 Vens.
2711 1953 2795 2006 l5.
2846 1980 2918 1991 —
2962 1950 3119 2004 Cena
3149 1950 3290 2003 illius
3317 1951 3451 2005 sicut
3476 1950 3677 2038 areola,
3692 1959 4014 2038 aromatum.

2439 2042 2496 2096 In
2544 2042 2692 2111 genis
2730 2040 3021 2095 Salvatoris
3048 2040 3215 2093 nostri
3244 2038 3358 2107 ejus
3383 2036 3822 2109 modestigICod.
3859 2036 4027 2095 Vat...

2440 2130 2681 2184 modesta
2722 2129 2918 2200 pietas]
2970 2128 3127 2181 simul
3175 2134 3229 2182 et
3263 2129 3523 2183 severitas
3570 2128 3906 2197 exprimitur.
3951 2128 4010 2181 in

2442 2218 2635 2273 arcolis
2660 2224 2957 2271 aromatum
2980 2217 3224 2279 virtutes,
3247 2223 3301 2271 et
3322 2215 3563 2280 dulcedo,
3587 2222 3641 2269 et
3664 2214 3803 2268 fama
3825 2215 4013 2284 glorias

2443 2306 2560 2374 ejus
2584 2307 2948 2375 designantur.
2996 2304 3222 2361 Consittc
3251 2308 3289 2358 a‘
3307 2306 3661 2375 pigmentariis
3684 2321 3703 2358 :
3728 2288 3880 2357 'labia
3900 2306 4021 2374 ejus

2444 2395 2558 2448 lilia
2619 2395 2930 2449 distillantia
2988 2395 3253 2464 myrrham
3317 2396 3561 2465 primam.
3629 2394 3909 2463 Prophetis
3961 2400 4021 2447 et

2445 2482 2739 2550 apostolis;
2786 2481 2841 2534 hi
2869 2479 3060 2534 futurae
3088 2477 3245 2549 [ϐοά.
3285 2478 3425 2542 l’at.,
3453 2478 3655 2550 futura]
3687 2480 4017 2535 incarnatio-

2447 2573 2531 2627 nis
2574 2570 2690 2639 eius
2731 2585 2958 2635 arcana;
3006 2570 3083 2623 illi
3128 2570 3269 2624 facta
3314 2578 3616 2626 narrantes.
3664 2570 3827 2624 Lahia
3871 2570 4021 2626 illius

2448 2662 2611 2716 verba
2662 2667 2789 2715 sunt
2834 2658 3091 2714 doctrina:
3143 2657 3286 2726 ejus;
3335 2658 3445 2711 lilia
3472 2698 3486 2722 ,
3538 2660 3661 2728 quia
3698 2658 4020 2713 charitazetn

2449 2752 2684 2808 caelestis
2712 2750 2861 2819 regni
2896 2748 3245 2819 promittunt;
3292 2748 3600 2801 distillantia
3622 2748 3885 2818 myrrham
3901 2747 4019 2817 pri-

2454 2858 2613 2903 mam,
2644 2839 2770 2907 quia
2801 2852 2899 2906 per
2926 2844 3291 2905 contemptum
3317 2836 3647 2905 voluptatum
3676 2836 4019 2906 praesentium

2454 2931 2522 2984 ad
2550 2930 2691 2983 hanc
2716 2926 3135 2997 perveniendum
3157 2934 3275 2981 esse
3294 2926 3606 2995 prtelicant.

2525 3022 2687 3075 Vsus.
2720 3019 2805 3073 ll.
2835 3048 2906 3059 —
2924 3017 3116 3072 Ianus
3144 3016 3286 3070 illius
3304 3015 3570 3069 tornatiles
3596 3031 3785 3068 auretr.
3811 3014 4018 3078 Manus,

2458 3112 2511 3165 id
2537 3120 2620 3165 est
2645 3125 2835 3180 opera;
2886 3109 3012 3177 quia
3041 3122 3165 3177 qum
3196 3107 3377 3161 verbis
3394 3106 3586 3160 docuit
3608 3145 3623 3169 ,
3650 3104 3805 3160 factis
3834 3104 4021 3174 imple-

2458 3203 2554 3256 vit.
2578 3200 2898 3264 'Tornatiles,
2940 3199 3066 3269 quia
3109 3199 3164 3252 in
3189 3211 3248 3253 se
3286 3212 3497 3252 omnem
3529 3196 3764 3266 regulam
3799 3195 4021 3264 iustitia

2382 3287 2432 3353 ε
2463 3298 2665 3356 tenent,
2695 3298 2755 3345 ut
2779 3290 2977 3345 dicitur
3017 3306 3031 3340 :
3067 3289 3278 3358 Oportet
3307 3302 3386 3340 me
3407 3301 3614 3340 omnem
3634 3285 3895 3355 justitiam
3921 3285 4022 3337 im-

2457 3380 2597 3451 plere
2633 3379 2846 3450 (Matth.
2887 3394 2962 3443 ιν,
3014 3376 3121 3448 15).
3168 3375 3305 3429 Sunt
3342 3382 3397 3428 et
3439 3390 3631 3429 manus
3657 3388 3856 3436 aureae,
3892 3372 4019 3440 quia

2458 3471 2637 3526 omnia
2659 3486 2778 3540 qua:
2807 3468 2859 3524 in
2885 3469 3103 3524 homine
3126 3466 3311 3537 gessit,
3338 3464 3634 3520 divinitatis
3657 3463 3822 3534 gloria
3849 3460 4025 3530 perfe-

2460 3561 2553 3615 cit.
2600 3558 2779 3613 Plenat
2822 3556 3134 3626 hyacinthis.
3166 3554 3296 3621 Qum
3321 3554 3390 3607 ad
3418 3569 3567 3621 spem
3596 3567 3695 3607 nos
3728 3552 4024 3607 caelestium

2461 3658 2619 3718 atque
2641 3660 2879 3701 amorem
2893 3646 3161 3709 excitant;
3184 3644 3307 3712 quia
3333 3642 3654 3717 hyacinthus
3693 3639 3845 3712 [ϐοά.
3878 3636 4024 3701 ναι..

2462 3740 2516 3793 in
2546 3734 2834 3809 hyacintis]
2882 3735 3016 3791 aerii
3060 3734 3257 3789 coloris
3301 3746 3513 3801 gemma
3544 3739 3645 3786 est.
3708 3728 3890 3784 Venter
3911 3728 4024 3796 (ius

2462 3827 2717 3881 eburneus
2745 3824 3018 3877 distinctus
3042 3821 3538 3893 sapphyris.Venter
3562 3834 3691 3890 ergo
3715 3819 3892 3874 dilecti
3914 3816 4024 3871 fra-

2461 3915 2719 3985 gilitatem
2761 3912 3114 3969 humanitatis
3138 3911 3257 3981 ejus
3303 3908 3573 3977 designat;
3621 3907 3755 3962 ebur
3782 3907 4053 3967 decorem_

2463 4004 2755 4067 castitatis;
2791 4002 3090 4071 sapphyrus
3129 3998 3509 4054 sublimitatem
3530 3996 3830 4053 caelestium
3860 3994 4025 4048 virtu-

2474 4103 2611 4149 tum.
2646 4092 2933 4147 Distinctus
2952 4089 3412 4161 sapphyris,qma
3450 4087 3899 4159 partimhumana
3926 4084 4027 4141 fra-

2465 4185 2645 4257 gilltas
2672 4182 2875 4247 esurie,
2900 4182 3211 4245 tentatione,
3248 4178 3581 4249 fatigatione,
3609 4186 3811 4242 morte;
3841 4176 4030 4248 partim

2466 4275 2645 4330 divina
2674 4273 2957 4338 celsitudo,
2998 4270 3291 4334 miraculis,
3341 4268 3728 4325 resurrectione
3759 4275 3819 4322 et
3850 4279 4029 4321 ascen-

2464 4362 2638 4417 sionis
2664 4361 2833 4439 gloria
2858 4362 3193 4431 intelligitur.

2541 4452 2706 4506 Vnus.
2729 4450 2834 4505 'l5.
2880 4478 2954 4491 —
3003 4447 3175 4503 Crura
3227 4449 3371 4503 illius
3414 4447 3667 4502 columna:
3716 4458 4029 4504 marmorea.

2471 4544 2703 4600 Crnrum
2724 4542 2981 4597 vocabulo
3005 4542 3197 4596 itinera
3229 4540 3361 4614 [Al.,
3386 4537 3631 4610 munera]
3654 4534 4033 4593 ineamationis

696 4652 697 4655 η
799 4622 1014 4677 “Mihi
1045 4622 1302 4678 οειεηάόε
1333 4621 1511 4690 qua“!
1538 4622 1608 4676 liii
1644 4622 1869 4678 ἀίιθαυε
1898 4632 2112 4702 ιιιιιειει
2133 4641 2197 4680 ea
2222 4635 2375 4696 parte
2400 4630 2451 4689 D
2477 4634 2676 4691 Christi
2706 4632 3062 4695 insinuantur,
3104 4646 3223 4700 quae
3261 4629 3529 4686 columnis
3570 4626 3886 4684 marmoreis
3912 4639 4032 4694 pro-

800 4727 905 4780 qna
929 4713 1100 4783 possit
1140 4711 1309 4783 diligi,
1354 4726 1461 4766 non
1502 4711 1704 4773 timeri,
1736 4712 1859 4780 quia
1892 4713 2124 4782 perfecta
2150 4708 2375 4769 charitas

804 4799 949 4868 {oras
973 4800 1130 4852 mittit
1156 4800 1394 4853 timorem
1424 4797 1478 4868 ('I
1513 4798 1673 4852 Joan.
1700 4814 1775 4862 tv,
1805 4800 1913 4869 18).
2120 4818 2123 4819 ν

860 4915 1034 4969 Ἶιιε.
1068 4912 1154 4967 10.
1207 4942 1279 4955 --
1330 4911 1563 4966 Dilectus
1598 4929 1743 4966 meus
1770 4913 2026 4966 candidus
2052 4923 2098 4966 et
2130 4915 2376 4967 rubicun-

805 5005 925 5070 dus,
952 5002 1141 5058 electus
1163 5019 1227 5057 ea:
1257 5000 1503 5055 millibus.
1530 5000 1819 5067 Candidus,
1847 5003 1973 5071 quia
1998 5002 2113 5057 sine
2128 5011 2377 5071 peccato;

807 5098 1136 5153 rubicundus
1162 5095 1423 5166 sanguine
1448 5095 1744 5163 passionis;
1781 5095 1984 5150 electus
2012 5110 2078 5149 ex
2118 5094 2373 5162 millibus,

809 5186 935 5255 quia
962 5185 1109 5241 solus
1130 5185 1394 5239 mediator
1418 5181 1510 5237 Dei
1533 5190 1589 5237 et
1614 5182 1909 5236 hominum.

881 5277 1042 5331 Vsus.
1074 5268 1159 5331 ll.
1190 5306 1260 5317 —
1285 5276 1453 5346 Caput
1502 5276 1615 5345 ejus
1661 5290 1848 5328 aurum
1905 5275 2173 5343 optimum.
2212 5273 2385 5342 Caput

810 5362 1010 5421 Christi
1054 5363 1217 5426 Deus,
1261 5365 1352 5431 qui
1409 5365 1555 5420 solus
1596 5365 1767 5419 bonus
1814 5371 1870 5417 et
1918 5364 2171 5432 optimus.
2212 5360 2385 5417 Coma:

814 5455 927 5523 ejus
950 5454 1083 5507 sicut
1106 5451 1256 5505 elatae
1280 5449 1589 5521 palmarum,
1629 5453 1789 5519 nigrte
1808 5452 1958 5521 quasi
1979 5466 2181 5505 corvus.
2208 5449 2391 5517 Comm,

816 5551 1042 5600 caterva:
1081 5548 1206 5595 sunt
1238 5548 1543 5594 sanctorum
1566 5581 1580 5604 ,
1635 5554 1755 5607 qua:
1789 5537 1899 5593 Deo
1945 5538 2085 5595 fideli
2130 5537 2389 5593 famulatu

819 5634 1112 5691 adbzrent.
1146 5630 1309 5687 Elatte
1337 5629 1548 5699 palmae,
1592 5637 1810 5700 propter
1834 5631 2180 5705 eminentiam
2232 5629 2386 5703 [ϐοά.

832 5719 948 5790 Vat.
991 5737 1096 5775 om.
1142 5718 1513 5792 eminentiam]
1570 5718 1711 5789 apud
1757 5717 1945 5776 Deum.
2000 5719 2215 5790 Nigra,
2272 5730 2391 5790 pro-

890 5846 915 5877 ι
949 5830 1112 5893 Uncis
1134 5833 1385 5890 conclusa
1412 5833 1737 5889 omittuntur
1764 5828 1816 5885 in
1846 5828 1961 5884 cod.
1992 5829 2113 5885 Vat.

2471 4736 2592 4796 pter
2626 4725 2932 4780 ﬁrmitatem
2966 4731 3021 4777 et
3060 4721 3441 4778 rectitudinem
3473 4725 3869 4789 comparatur.
3910 4714 4033 4781 Qua

2476 4817 2708 4885 fundata
2755 4824 2875 4869 sunt
2924 4830 3079 4883 super
3141 4814 3288 4866 bases
3332 4826 3540 4865 aureas.
3607 4807 3743 4874 Quia
3788 4805 4035 4876 quidquid

2474 4919 2571 4973 per
2597 4918 2718 4956 eum
2745 4900 2830 4955 vel
2860 4902 2925 4955 de
2950 4914 3015 4954 eo
3043 4907 3250 4970 gestum
3292 4905 3395 4962 est,
3421 4896 3599 4953 omnia
3622 4897 3815 4952 divina
3847 4894 4034 4966 pravi-

2476 4994 2646 5049 sionis
2689 4990 2845 5063 [Cod.
2899 4988 3017 5045 Vat.
3043 5030 3059 5055 ,
3112 4989 3466 5059 provisionis;
3514 4988 3611 5053 al.,
3652 4980 4034 5059 promissionis]

2478 5084 2704 5140 consilio
2734 5090 2859 5137 ante
2884 5090 3125 5149 tempora
3152 5078 3426 5134 smeularia
3452 5077 3710 5147 disposita
3732 5081 3878 5129 sunt.
3916 5070 4037 5142 Spe-

2481 5174 2583 5227 cies
2626 5173 2763 5242 ejus,
2793 5179 2848 5224 ut
2888 5169 3107 5233 Libani;
3141 5168 3360 5233 electus,
3405 5177 3462 5220 ut
3507 5164 3665 5219 cedri.
3710 5163 3782 5221 Ut
3819 5162 4041 5218 Libanus

2485 5240 2802 5327 celsitudine
2816 5267 2880 5313 et
2907 5260 3083 5329 gratia
3110 5260 3362 5313 arborum
3396 5256 3531 5310 alios
3563 5240 3807 5319 montes,
3841 5255 3916 5308 sic
3945 5252 4039 5307 Do-

2488 5350 2665 5404 minus
2686 5346 2933 5402 Christus
2952 5361 3141 5401 omnes
3166 5352 3381 5400 sanctos
3409 5342 3718 5397 meritomm
3743 5341 4041 5397 celsitudine

2488 5447 2544 5491 et
2584 5436 2753 5505 gratia
2794 5436 3051 5490 virtutum
3081 5433 3373 5488 antecellit.
3405 5431 3620 5488 Electus
3642 5439 3696 5486 ut
3719 5429 3889 5489 codri.
3901 5424 4041 5482 Sicut

2488 5527 2621 5582 alias
2640 5526 2862 5582 arbores
2896 5538 3017 5595 qua:
3044 5524 3097 5577 in
3130 5523 3333 5579 Libano
3354 5529 3669 5582 nascuntur,
3700 5526 3911 5586 superat
3935 5518 4015 5588 dig

2490 5618 2658 5672 nitate
2704 5631 2819 5681 sua,
2867 5616 2938 5669 ita
2986 5613 3232 5669 Christus
3255 5612 3578 5681 omnes'qui
3618 5611 3672 5665 in
3718 5608 3945 5665 Ecclesia
3978 5617 4039 5661 ad

2494 5706 2657 5761 vitam
2682 5711 2994 5769 nascuntur,
3024 5718 3120 5758 sua
3145 5701 3477 5770 transcendit
3506 5695 3695 5770 gloria.
