4338 6404
195 458 293 515 657

1001 455 1400 512 EXECETICA.
1432 485 1500 494 —
1532 452 1970 509 COHPENDIUM
2008 455 2073 508 IN
2109 427 2307 511 CMNT.
2345 456 2542 511 CANT.

3273 451 3373 506 653

260 573 420 630 Vua.
454 571 538 628 l6.
574 600 644 610 —
668 570 856 626 Cuttur
875 572 1015 626 illius
1037 572 1394 624 suavissimum
1448 571 1503 622 In
1526 575 1734 639 gutture
1760 569 1805 624 Δ
1830 567 2014 634 petitio
2046 567 2314 622 ﬁrmitatis
2340 576 2422 622 est
2465 567 2738 621 indicium.
2774 565 2829 620 ιιι
2860 565 3062 635 capillis
3093 565 3292 634 populi,
3321 567 3373 619 in

191 666 398 719 interna
445 662 668 718 dulcedo
692 663 974 716 verborum
1003 662 1143 714 illius
1187 666 1527 719 memoratur,
1571 673 1730 726 quam

189 755 278 821 qui
303 753 466 821 sapit,
505 766 610 805 non
657 751 838 804 esurit.
887 750 955 802 Et
1000 757 1136 802 totus
1184 746 1554 801 desiderabilis.
1596 744 1732 809 Quid

187 839 587 912 ampliusm
610 838 841 907 quieris?
878 837 1043 890 Totus
1083 833 1446 890 desiderabilis
1478 833 1729 898 est,.quia

187 935 329 981 totus
354 927 494 981 Deus
517 935 569 978 et
595 934 738 979 totus
760 925 936 986 homo,
973 923 1025 974 in
1053 936 1209 990 quem
1239 919 1537 974 desiderant
1563 926 1617 969 et
1637 929 1730 968 an-

184 1015 288 1083 geli
333 1015 654 1084 prospicere.
713 1013 853 1067 Deus
875 1013 932 1078 in
956 1009 1228 1078 majestate
1255 1008 1457 1072 Patris;
1494 1007 1653 1062 homo
1677 1007 1729 1058 in

184 1105 488 1174 virginitate
526 1102 739 1165 matris;
785 1101 837 1153 iu
864 1098 952 1154 illo
979 1097 1217 1159 Creator,
1243 1098 1296 1148 in
1335 1097 1436 1149 hac
1465 1093 1728 1146 Salvator.

187 1191 328 1245 Talis
351 1201 426 1245 est
449 1190 667 1244 dilectus
690 1204 850 1251 meus,
871 1197 918 1241 et
943 1187 1062 1240 talis
1092 1195 1165 1240 est
1193 1184 1388 1237 anticus
1415 1198 1576 1243 meus,
1605 1180 1731 1247 ﬁlia:

181 1278 491 1334 Jerusalem.
536 1277 743 1342 Quanto
784 1275 1025 1329 devotius
1075 1275 1299 1342 quisque
1334 1270 1506 1336 diligit
1543 1269 1728 1330 Deum,

181 1379 331 1425 tanto
359 1368 669 1423 familiarius
693 1368 852 1421 habet
874 1367 1104 1437 amicum
1130 1365 1326 1427 Deum;
1368 1371 1422 1417 et
1454 1361 1610 1416 talem
1634 1375 1728 1413 ne-

180 1473 330 1513 cesse
377 1456 502 1529 [est]
549 1465 609 1510 ut
658 1456 920 1526 intelligas
964 1467 1106 1518 eum,
1157 1453 1201 1506 si
1243 1451 1323 1504 vis
1363 1463 1485 1504 eum
1534 1447 1742 1502 habere

179 1548 436 1602 amicum.

773 1633 1000 1691 CAPUT
1037 1632 1123 1687 Vl.

246 1725 408 1778 Vna.
437 1723 487 1775 1.
521 1752 590 1763 ——
611 1721 727 1787 Quo
746 1721 1113 1775 dilectus
1139 1728 1277 1780 tuus,-
1325 1734 1367 1770 οι
1392 1707 1734 1784 pulcherrima

1829 653 2075 710 dentibus
2099 658 2342 711 doctores
2358 697 2372 720 ,
2417 656 2468 710 in
2494 655 2734 725 gemellis
2761 654 2953 710 fetibus
2979 655 3082 708 duo
3108 663 3370 724 praeque

1829 746 2110 800 charitatis
2133 746 2519 814 intelliguntur.

1898 831 2057 885 Vens.
2083 832 2134 882 7.
2166 862 2234 872 --
2263 831 2404 886 Sicut
2435 840 2608 886 cortex
2628 833 2752 884 mali
2777 833 2948 901 punici
2972 847 3111 900 gena
3132 840 3236 883 tute
3259 829 3379 884 abs-

1827 935 1924 987 que
1973 920 2136 973 oculis
2179 922 2300 973 tuis.
2344 921 2503 974 (lenae
2545 929 2742 973 sanctae
2787 920 3032 972 Ecclesia!
3074 915 3377 986 spiritualea

1827 1015 1949 1060 sunt
1974 1007 2178 1070 Patres,
2205 1010 2293 1076 qui
2317 1010 2600 1062 virtutibus
2618 1016 2739 1062 sunt
2758 1007 3045 1070 mirabiles,
3069 1007 3378 1061 ct'moribus

1827 1095 2156 1149 venerabiles
2179 1135 2196 1158 ,
2247 1104 2302 1149 et
2323 1097 2376 1149 in
2406 1096 2601 1150 Christi
2625 1112 2782 1152 cruce
2806 1096 3020 1165 gloriari
3056 1111 3158 1149 non
3187 1095 3374 1150 erube-

1828 1190 2054 1236 scentes.
2111 1183 2178 1236 Et
2204 1185 2317 1236 haec
2348 1197 2536 1251 magna
2563 1193 2685 1236 sunt
2709 1184 2864 1237 valde
2887 1199 3005 1251 quae
3037 1183 3282 1236 videntur
3322 1183 3373 1234 in

1827 1285 1910 1334 ea,
1933 1270 2026 1324 sed
2059 1270 2224 1325 multo
2251 1272 2451 1341 majora
2476 1285 2592 1340 qua:
2611 1285 2714 1326 non
2737 1271 2982 1326 videntur
2993 1280 3047 1324 et
3066 1273 3117 1324 in
3134 1270 3368 1324 futurum

1830 1367 2187 1413 reservantur.
3052 1429 3054 1431 p

1873 1436 2058 1499 'Veas.
2109 1447 2256 1500 8.‘-—
2284 1445 2563 1516 Sexaginta
2613 1457 2731 1502 sunt
2773 1450 2992 1518 regitur,
3037 1457 3083 1501 et
3117 1447 3375 1516 octoginta

1829 1532 2141 1596 concubina,
2193 1544 2240 1586 et
2292 1533 2787 1589 adolescents/arum
2844 1554 2946 1589 non
2988 1546 3061 1589 est
3100 1551 3361 1589 numerus.

1831 1621 2046 1689 Reginze
2082 1629 2223 1686 sunt,
2252 1637 2368 1690 qua:
2397 1638 2578 1678 amore
2603 1624 2781 1692 sponsi
2822 1633 2876 1678 et
2905 1624 3135 1678 cmlestis
3171 1624 3372 1694 prmmii

1831 1708 2023 1762 intuitu
2044 1723 2138 1776 per
2173 1710 2601 1778 medicationem
2621 1711 2860 1764 veritatis
2891 1719 2944 1763 et
2973 1710 3122 1774 fidei,
3152 1720 3205 1764 et
3232 1710 3374 1763 sacri

173 1811 486 1866 mulierum!
507 1811 610 1865 Pro
632 1812 822 1866 decore
841 1811 986 1864 enim
1009 1807 1261 1864 caminis
1280 1804 1431 1875 [Cod.
1457 1801 1600 1866 Vat.,
1623 1814 1736 1855 car-
1757 1866 1800 1875 _
1833 1795 2168 1864 baptismatis
2187 1796 2405 1863 fontem,
2432 1798 2661 1853 sobolem
2675 1805 2874 1852 aeterno
2888 1797 3016 1866 Regi
3034 1795 3371 1867 [spiritalem]

173 1898 279 1971 nis]
311 1900 585 1954 variantur
605 1914 845 1969 persona:
871 1898 1224 1968 loquentium;
1371 1901 1548 1945 tamen
1574 1888 1728 1942 Chri-
1757 1866 1804 1928 Β
1829 1894 2101 1953 generant.
2143 1886 2462 1942 Concubitus
2502 1895 2642 1952 sunt,
2687 1904 2804 1958 qua:
2840 1866 3137 1942 carnalibus
3177 1883 3373 1939 solum-

173 1991 243 2044 sti
271 1989 582 2053 Ecclesiam,
605 2005 722 2057 quae
753 2004 958 2058 sponsa:
993 1987 1246 2042 vocabulo
1268 1983 1602 2054 exprimitur,
1634 1981 1725 2034 de-

173 2079 408 2148 signant.
428 2060 784 2131 Pulcherrima
798 2076 1091 2129 mulierum.
1111 2075 1349 2129 Pulchra:
1367 2079 1490 2127 sunt
1509 2068 1727 2139 singula:

169 2173 478 2219 sanctorum
520 2165 806 2228 Ecclesiae,
860 2164 954 2218 sed
1003 2163 1360 2231 pulcherrima
1410 2159 1727 2234 universitas

170 2253 337 2306 totius
369 2261 564 2306 sancta:
601 2251 850 2306 Ecclesia:
873 2265 970 2320 per
991 2257 1162 2304 totum
1185 2249 1390 2302 orbem.
1423 2247 1539 2311 Quo
1568 2246 1726 2300 decli-

170 2340 312 2392 nat-it
349 2339 568 2392 dilectus
595 2350 736 2403 tuus,
759 2348 806 2392 et
833 2354 1123 2409 careremus
1141 2354 1275 2392 eum.
1313 2336 1414 2402 Qui
1443 2335 1726 2404 aliquando

170 2427 227 2480 in
245 2435 387 2480 terra
409 2427 670 2494 corporali
687 2427 863 2495 specie
881 2434 1126 2482 versatus
1145 2436 1246 2491 est,
1271 2427 1357 2480 dic
1376 2439 1481 2494 quo
1495 2423 1728 2479 declina-

171 2514 244 2569 rit
260 2515 370 2579 ille,
391 2523 451 2570 ιιι
477 2515 622 2569 illum
651 2529 936 2584 sequamur
958 2514 1088 2587 [Al.,
1111 2513 1429 2585 quaeramus]
1459 2523 1653 2568 tecum.
1678 2552 1682 2556 .

238 2603 401 2657 Vua.
423 2602 478 2655 2.
494 2631 566 2643 -
583 2601 811 2656 Dilectus
832 2619 973 2657 meus
993 2603 1253 2657 descendit
1277 2603 1555 2657 in-Itortuns
1574 2616 1724 2654 suum

167 2690 237 2742 ad
281 2687 509 2744 areolam
541 2691 806 2743 aromatis.
836 2689 998 2756 Quasi
1021 2691 1261 2754 dixisset,
1304 2690 1432 2744 illuc
1455 2689 1720 2752 ascendit,

166 2779 309 2836 unde
331 2779 622 2834 descendit.
649 2779 705 2832 In
727 2780 961 2845 hortum,
987 2781 1038 2834 id
1057 2789 1138 2834 est
1158 2782 1209 2833 in
1231 2780 1521 2835 Ecclesiam
1545 2793 1718 2841 suam,

166 2876 228 2921 ut
247 2861 369 2923 eam
395 2866 542 2922 fonte
577 2867 760 2938 gratiae
788 2883 919 2932 sum,
963 2870 1116 2938 quasi
1160 2868 1395 2922 areolam
1424 2873 1719 2920 aromatum

166 2957 439 3026 irrigaret,
466 2965 528 3010 ut
551 2956 803 3011 virtutum
833 2955 1049 3012 ﬂoribus
1076 2943 1418 3027 germi‘naret.
1444 2955 1509 3009 Ut
1537 2972 1722 3025 pusca-

169 3055 254 3098 tur
279 3045 335 3097 in
353 3044 540 3115 hortis,
563 3053 612 3097 et
638 3043 748 3098 lilia
775 3044 1000 3114 colligat.
1032 3044 1274 3100 Pascitur
1306 3045 1358 3097 in
1385 3044 1575 3107 hortis,
1597 3044 1721 3098 dum

167 3131 271 3199 piis
297 3139 604 3186 sanctorum
631 3131 902 3186 laboribus
930 3133 1256 3194 delectatur;
1286 3141 1336 3185 et
1370 3133 1534 3184 lilium
1568 3132 1716 3185 colli-

167 3223 264 3290 git,
289 3223 414 3276 dum
441 3220 508 3276 ad
538 3221 828 3291 perfectum
856 3221 1021 3292 [Cod..
1044 3220 1186 3286 ναι,
1207 3220 1584 3291 perfectorum]
1606 3236 1713 3273 me»

166 3313 394 3366 ritorum
432 3311 714 3366 candorem
753 3312 1118 3380 pervenientes
1148 3311 1214 3364 ad
1263 3310 1499 3365 cmlestia
1553 3323 1713 3380 regna

168 3398 433 3467 perducit.

233 3487 396 3541 Vens.
422 3486 672 3556 3.——Ego
713 3487 900 3541 dilecto
921 3503 1055 3552 meo,
1089 3497 1134 3541 et
1161 3488 1378 3541 dilectus
1399 3503 1540 3541 meus
1567 3487 1709 3547 mihi,

161 3577 248 3644 qui
275 3576 512 3644 pascitur
532 3577 668 3628 inter
699 3575 830 3628 lilia.
861 3576 970 3643 Ego
992 3577 1183 3630 dilecto
1212 3593 1331 3630 meo
1357 3577 1530 3630 locum
1560 3576 1713 3629 habi-

163 3663 379 3717 tationis
406 3676 648 3731 prteparo
683 3663 737 3715 in
764 3678 878 3726 me;
917 3671 972 3715 et
1005 3663 1115 3730 ipse
1151 3665 1279 3716 mihi
1324 3664 1461 3730 apud
1488 3679 1573 3722 se,
1622 3663 1710 3729 qui

159 3765 374 3821 semper
396 3751 539 3805 inter
557 3760 739 3804 sancta
765 3750 1026 3804 desideria
1053 3751 1305 3803 mentium
1327 3758 1590 3802 castarum
1619 3763 1713 3815 pa-

161 3840 348 3892 scitur.
379 3839 648 3893 Hactenus
671 3847 868 3893 sanctie
906 3838 1153 3892 Ecclesiae
1176 3853 1274 3890 vox
1305 3846 1414 3899 est,
1449 3836 1712 3890 laudantis

159 3941 222 3979 ac
256 3926 542 3992 quaerentis
566 3941 846 3994 sponsum;
879 3942 1019 3980 nunc
1054 3926 1180 3994 quid
1213 3926 1466 3993 quaesitus
1495 3939 1710 3995 respon-

162 4013 306 4078 deat,
338 4012 681 4066 subinfertur.

230 4103 393 4157 Vens.
415 4101 469 4154 4.
488 4130 558 4141 --
583 4100 812 4155 Pulchra
835 4117 908 4164 es,
940 4099 1151 4171 [amica]
1180 4116 1291 4152 mea
1308 4141 1322 4165 ,
1347 4102 1518 4153 suavis
1548 4109 1596 4152 et
1622 4099 1712 4152 de-

160 4207 283 4244 cora
314 4190 446 4244 sicut
474 4188 782 4243 Jerusalem.
828 4187 1022 4242 Sancta
1057 4189 1293 4243 Ecclesia
1321 4188 1499 4242 suavis
1527 4196 1582 4242 et
1620 4188 1711 4241 de-

159 4292 285 4331 cora
320 4285 380 4331 ut
402 4277 690 4332 Jerusalem
717 4279 929 4342 dicitur,
958 4279 1079 4346 quia
1107 4277 1221 4346 ejus
1245 4279 1368 4332 vita:
1389 4278 1707 4332 desiderium

159 4365 352 4419 visioni
385 4364 497 4431 jam
537 4367 683 4433 pacis
730 4367 928 4421 intimae
970 4367 1308 4422 assimilatur.
1358 4365 1619 4419 Terribilis
1652 4375 1722 4425 ut,

1828 1975 1985 2028 modo
2016 1974 2164 2046 [Cod.
2207 1974 2347 2041 ναι,
2390 1992 2509 2046 quae
2542 1976 2743 2030 carnali
2773 1975 3104 2031 solummodo
3139 1987 3375 2028 commo-

1827 2059 1917 2132 do]
1954 2061 2224 2117 Christum
2257 2065 2593 2132 praedicando
2619 2065 2699 2119 vel
2719 2064 3036 2132 baptizando
3066 2063 3274 2118 docent.
3308 2061 3376 2114 Et

1827 2150 1946 2205 ideo
1973 2151 2076 2206 illa:
2100 2151 2424 2220 perfectione
2461 2155 2656 2218 senarii
2691 2154 2920 2217 numeri,
2947 2167 3042 2221 per
3066 2151 3374 2220 decalogum

1829 2241 1957 2313 [Αι.,
1988 2244 2289 2315 denarium]
2325 2244 2717 2312 multiplicatae;
2762 2243 2844 2296 ha:
2877 2242 3136 2296 octonarii
3177 2241 3374 2308 impen-

1826 2331 2054 2387 fectione
2100 2337 2205 2388 noti
2245 2334 2529 2388 sinceriter
2565 2332 2871 2401 decalogum
2922 2336 3194 2384 servantes
3235 2329 3375 2382 desi-

1824 2429 2072 2487 gnantur.
2111 2421 2528 2476 Adolescentulze
2566 2427 2689 2475 sunt
2737 2419 2926 2472 animae
2969 2431 3136 2486 nuper
3176 2415 3374 2470 Christi

1824 2510 1994 2580 gratia
2019 2519 2235 2575 renatae,
2259 2526 2482 2580 quarum
2506 2526 2732 2573 summa,
2751 2516 2968 2578 propter
2979 2506 3370 2561 multitudinem

1827 2598 1977 2669 [Cod.
2017 2599 2165 2667 Vat.,
2206 2614 2318 2669 pra:
2345 2597 2700 2669 multitudine]
2727 2598 2918 2652 civium
2948 2596 3244 2651 cmlestium
3281 2611 3374 2648 nuo

1825 2701 2028 2741 merum
2051 2689 2395 2743 transcendit.

1891 2774 2052 2845 m
2067 2776 2226 2829 Vm.
2251 2775 2303 2831 9.
2332 2805 2402 2816 --
2423 2775 2541 2830 Una
2562 2792 2615 2830 es
2643 2775 2797 2848 [Cod.
2818 2776 2963 2842 Vat.,
2993 2774 3114 2848 est],
3138 2774 3374 2828 columba

1822 2879 1953 2925 mea,
1982 2864 2208 2932 perfecta
2228 2880 2358 2916 mea.
2386 2864 2580 2918 Sancta
2605 2865 2848 2918 videlicet
2863 2873 2916 2920 et
2940 2863 3258 2916 universalis
3275 2875 3373 2929 per

1823 2957 1990 3003 totum
2012 2953 2194 3005 orbem
2209 2950 2462 3004 Ecclesia.
2487 2948 2602 3003 Una
2623 2959 2696 3004 est
2717 2951 2872 3002 matri
2882 2944 3029 3012 mete,
3046 2948 3206 3002 electa
3227 2947 3372 3018 geni,-

1821 3041 1937 3092 trici
1959 3038 2110 3110 [Cod.
2133 3040 2277 3104 Vat.,
2300 3041 2546 3093 matris...
2581 3038 2867 3110 genitricis]
2889 3055 3016 3092 sum.
3048 3038 3107 3092 ld
3129 3044 3229 3104 est,
3257 3052 3368 3093 cm-

1820 3127 1938 3182 lesti
1963 3127 2418 3197 lerusalem,-qu:e
2433 3135 2513 3183 est
2535 3136 2707 3182 mater
2726 3128 2960 3182 omnium
2982 3134 3241 3192 nostrum,
3263 3142 3365 3180 un-

1817 3216 1883 3269 de
1909 3219 1975 3270 ad
2001 3232 2097 3271 nos
2118 3219 2288 3287 gratia
2310 3219 2478 3272 sancti
2502 3216 2735 3286 Spiritus
2750 3216 3044 3282 descendit,
3066 3230 3179 3284 per
3197 3229 3356 3283 quam

1814 3306 2143 3360 renascimur
2170 3307 2298 3360 Deo.
2346 3303 2590 3359 Viderunt
2613 3323 2725 3359 eam
2749 3306 2876 3374 ﬁlia:
2905 3306 3034 3361 Sion
3049 3315 3108 3359 -et
3132 3305 3364 3379 beatissi-

1812 3412 1950 3448 mam
1962 3395 2366 3465 praedicaverunt
2381 3410 2402 3448 :
2417 3395 2604 3470 regini:
2627 3404 2673 3446 et
2693 3396 2990 3447 concubina:
3015 3395 3355 3448 laudauerunt

1813 3500 1946 3537 eam.
1977 3483 2117 3548 Quas
2145 3484 2292 3553 prius
2312 3484 2444 3538 dixit
2469 3481 2904 3546 adolescentulas,
2940 3496 3081 3534 nunc
3100 3480 3234 3534 ﬁlias
3264 3495 3358 3533 no.

1812 3570 2000 3622 minat.
2039 3570 2268 3638 Reginae.
2294 3580 2350 3624 et
2384 3568 2694 3625 concubina:
2708 3569 2855 3624 idem
2901 3577 3028 3624 sunt
3064 3583 3184 3637 quat
3201 3576 3347 3633 ante,

1811 3672 1927 3723 qua
1952 3671 2138 3709 omnes
2170 3657 2484 3710 catholicam
2512 3659 2734 3711 laudant
2753 3657 3065 3712 Ecclesium.

1879 3744 2038 3797 Vens.
2072 3743 2155 3796 10.
2181 3772 2252 3782 —
2280 3743 2408 3807 Qui:
2447 3753 2532 3796 est.
2563 3746 2661 3797 ista
2680 3761 2801 3813 quia
2835 3746 3163 3814 progreditur
3206 3748 3358 3814 quasi

1810 3849 2000 3886 aurora
2030 3849 2337 3901 consurgens
2353 3834 2379 3885 2
2410 3831 2755 3900 Progreditu'r
2777 3832 3012 3887 Ecclesia
3036 3835 3186 3900 quasi
3205 3851 3362 3888 aurae

1811 3937 1891 3984 ra,
1913 3921 2036 3988 quia
2052 3921 2164 3989 jam
2184 3919 2295 3974 veri
2316 3919 2531 3974 luminis
2554 3919 2604 3972 in
2637 3934 2700 3973 ea
2722 3919 2801 3973 sol
2819 3928 2988 3984 ortus,
3019 3919 3216 3973 mundo
3234 3931 3366 3988 post

1811 4009 2056 4062 tenebras
2083 4007 2260 4078 longte
2282 4009 2596 4078 ignorantia
2624 4014 2970 4069 monstratur.
3020 4007 3250 4062 Pulchra
3294 4020 3352 4062 ut

1809 4098 1967 4160 luna;
1994 4101 2116 4166 quia
2138 4099 2482 4168 solejustitiae
2509 4100 2768 4155 illustrata
2795 4109 3002 4155 noctem
3026 4101 3207 4157 mundi
3234 4101 3353 4154 illn-

1807 4187 1993 4239 minat.
2035 4187 2238 4258 [Electa
2267 4201 2320 4243 ut
2339 4189 2461 4261 sol],
2487 4191 2609 4259 quia
2645 4191 2928 4260 imaginem
2956 4191 3040 4255 sui
3065 4191 3356 4249 conditoris

1808 4277 1860 4329 in
1883 4276 2272 4344 omniinstitia,
2302 4281 2582 4334 sanctitate
2605 4288 2658 4333 et
2677 4280 2873 4347 pietate
2903 4279 3066 4351 [Cod.'
3085 4280 3225 4347 ναι,
3262 4288 3353 4337 ve-

1807 4365 1986 4437 ritate]
2011 4375 2204 4437 portat.
2236 4367 2499 4422 Terribilis
2527 4377 2585 4421 ut
2607 4372 3064 4423 .castroruuracies
3085 4372 3343 4425 ordinata.

160 4461 446 4520 castrorum
475 4452 610 4505 acies
632 4454 888 4505 ordinata.
915 4453 970 4506 ld
993 4462 1090 4516 est,
1117 4456 1375 4508 charitate
1397 4454 1542 4506 unita
1574 4452 1705 4522 [Αι.,
1734 4485 1784 4545 D
1809 4455 2084 4510 Terribilis
2128 4455 2266 4510 aeris
2302 4454 2453 4527 [Cod.
2492 4453 2632 4518 Vat.,
2677 4453 2868 4525 aereis]
2897 4457 3254 4524 potestatibus
3296 4460 3350 4512 in

162 4631 444 4685 discordia:
469 4629 758 4701 aperiatur,
788 4631 913 4698 quia
943 4630 1271 4684 solummodo
1304 4631 1359 4683 in
1385 4629 1588 4684 unitate
1617 4645 1709 4699 pa-

159 4720 240 4773 cis
271 4719 535 4773 terribiles
557 4735 737 4774 sumus
755 4721 914 4775 hosti.

235 4809 392 4862 Vsus.
408 4807 730 4862 5.—Averte
748 4809 921 4864 oculos
944 4819 1058 4862 tuos
1081 4827 1112 4862 a
1128 4826 1224 4874 me,
1241 4809 1362 4878 quia
1378 4808 1476 4877 ipsi
1495 4824 1573 4861 me
1594 4823 1706 4860 avo-

161 4897 273 4954 lare
294 4899 544 4969 fecerunt.
574 4897 747 4962 idest,
761 4900 942 4962 oculos
968 4902 1162 4956 mentis
1180 4910 1301 4956 tuae.
1329 4901 1445 4955 Noli
1469 4914 1706 4969 quaerere

161 4990 218 5044 in
250 4998 355 5044 tute
392 4987 834 5058 peregrinationis
881 4989 1071 5043 itinere
1106 4990 1339 5058 perfecte
1381 5007 1467 5045 me
1507 5007 1704 5062 cogno-

161 5091 339 5140 scere,
382 5077 523 5145 quod
544 5076 657 5131 ﬁeri
687 5091 792 5130 non
817 5084 1016 5151 potest;
1045 5077 1167 5144 quia
1206 5091 1310 5144 quo
1341 5078 1594 5134 intentius
1622 5095 1706 5136 me

160 5177 449 5232 agnoscere
474 5166 684 5233 quas-is,
706 5179 771 5219 eo
796 5164 992 5218 certius
1013 5178 1098 5217 me
1122 5163 1705 5231 incomprehensibilem

159 5267 279 5307 esse
311 5251 601 5321 intelliges;
627 5262 682 5308 et
701 5268 808 5309 non
832 5267 1036 5322 quam
1064 5253 1118 5307 in
1140 5253 1222 5307 via
1245 5256 1712 5325 praemium,.qntxl

159 5344 255 5399 tibi
284 5345 339 5398 in
359 5342 537 5414 patria
553 5352 876 5398 reservatur.
908 5341 1096 5413 Capilli
1121 5343 1201 5394 tui
1219 5343 1350 5396 sicut
1372 5359 1498 5413 grex
1522 5363 1706 5416 capra—

159 5449 433 5503 rum,”
450 5443 800 5503 apparuerunt
824 5435 888 5487 de
908 5431 1131 5488 Galaatl.

225 5523 393 5580 Vm.
408 5525 462 5580 ϐ.
474 5524 739 5580 —Dentes
753 5525 830 5578 tui
852 5527 984 5580 sicut
1002 5541 1172 5596 greges
1188 5525 1375 5589 ovium,
1389 5541 1506 5594 qua
1527 5521 1706 5581 ascen-

73 4543 80 4550 “
154 4540 364 4612 juncta]
390 4548 444 4594 et
465 4549 754 4609 compacta,
780 4548 836 4592 ut
860 4541 1034 4593 nullus
1060 4541 1208 4594 locus
1228 4543 1367 4594 hosti
1391 4557 1487 4608 per
1512 4540 1771 4594 malum"
1810 4545 2012 4601 unitate
2039 4546 2334 4612 charitatis,
2363 4545 2489 4603 ﬁdei.
2511 4552 2566 4601 et
2584 4546 2716 4616 spei.
2794 4569 2797 4573 ·

1878 4636 2037 4688 Vens.
2081 4627 2167 4689 il.
2186 4636 2526 4707 --Des_cendi
2555 4636 2623 4689 ad
2661 4637 2864 4690 hortum
2893 4652 3098 4701 naeuus,
3132 4644 3188 4688 ut
3211 4639 3349 4693 ride-

1807 4737 1911 4775 rem
1941 4739 2091 4790 poma
2111 4723 2376 4778 convallis.
2399 4723 2592 4778 Hortus
2615 4723 2809 4777 etenim
2836 4738 3029 4776 uncum
3054 4730 3136 4776 est
3167 4723 3348 4777 Eccle—

1805 4810 1883 4862 sia
1909 4811 2184 4878 praesentis
2212 4813 2391 4867 saeculi
2437 4811 2456 4882 [
2460 4809 2586 4866 Cod.
2621 4810 2762 4875 Vat.,
2801 4812 3036 4867 Ecclesia
3069 4813 3346 4884 praesens],

1804 4899 1895 4956 ubi
1914 4901 2500 4956 nostras-conscientias
2519 4900 2832 4956 alterutrum
2855 4903 3070 4958 minime
3089 4903 3344 4974 videmus,

1804 4988 1895 5042 sed
1920 4989 2085 5044 fracta
2110 5005 2206 5060 per
2238 4989 2581 5045 tentationem
2611 4997 2747 5048 testa
2775 4993 3031 5059 corporis,
3071 4994 3348 5059 apparebit

1803 5078 2028 5134 interna:
2048 5079 2337 5134 dulcedinis
2357 5088 2561 5148 gustus.
2583 5080 2748 5135 Poma
2765 5081 3017 5136 convallis
3035 5082 3239 5135 fructus
3261 5089 3343 5134 est

1802 5167 2140 5223 humilitatis.
2184 5166 2460 5224 Descendit
2482 5175 2680 5224 sancta,
2706 5156 2963 5230 Ecclesia‘
2980 5182 3076 5235 per
3098 5168 3356 5222 doctores

1803 5263 2047 5320 sanctos,
2057 5255 2145 5324 qui
2165 5253 2448 5323 proﬁciunt
2465 5255 2534 5310 ad
2559 5254 2764 5311 fructus
2785 5256 2973 5319 bonos,
2996 5255 3150 5323 quive
3169 5255 3343 5311 adhuc

1802 5345 2035 5416 indigent
2070 5344 2324 5399 doctrina:
2369 5344 2701 5417 irrigatione.
2736 5345 2802 5400 Ut
2835 5347 3130 5417 inspicerem
3157 5345 3203 5398 si
3236 5347 3339 5414 ﬂo-

1801 5428 1984 5488 ruisset
2021 5433 2186 5486 einsa.
2223 5432 2540 5501 [aspicerem
2569 5437 2616 5492 si
2651 5437 2903 5491 virtutum
2929 5433 3102 5490 studia
3133 5432 3345 5493 ﬂoruis-

1797 5529 1934 5578 sent.
1963 5520 2034 5574 Et
2069 5522 2436 5590 germinassent
2463 5523 2602 5577 mala
2624 5525 2830 5596 punica.
2867 5523 2924 5578 Si
2959 5522 3052 5593 qui
3070 5522 3139 5580 ad
3163 5537 3343 5580 exem-

156 5616 339 5668 deruat
367 5612 677 5680 delamro,
698 5630 871 5671 omnes
884 5615 1106 5684 gemellis
1129 5616 1310 5686 fetibus
1331 5617 1578 5672 etsterilis
1601 5633 1700 5670 non
1796 5614 1938 5682 pium
1990 5611 2278 5666 Dominicis
2319 5611 2582 5680 passionis
2625 5613 2909 5681 pmrati
2955 5620 3134 5671 essent
3186 5629 3349 5672 suum

157 5714 232 5780 est
262 5705 315 5760 in
357 5703 452 5758 eis.
481 5704 547 5758 Hi
583 5704 826 5761 versiculi
856 5705 1002 5775 prius
1035 5707 1256 5776 expositi
1287 5714 1436 5774 sunt,
1487 5707 1578 5762 sed
1619 5723 1700 5763 re-
1755 5737 1759 5740 -
1795 5701 2014 5758 fundere
2040 5700 2366 5768 sanguinem.
