4338 6434
769 397 871 451 659

1477 464 1490 475 .
1594 401 1652 452 B.
1699 400 1758 454 F.
1803 400 2021 453 ALBINI
2059 401 2185 455 Sl-JU
2228 401 2499 456 ALCUINI
2536 402 2818 458 OPERUM
2852 403 3030 459 PARS
3067 404 3127 457 ll.

3891 409 4002 464 660

840 514 997 568 Vens.
1040 513 1125 566 η.
1154 544 1219 552 -—
1267 515 1490 577 .Vescm,
1537 519 1712 569 anima
1753 535 1864 572 mea
1894 519 2215 572 conturbavit
2249 535 2328 572 me
2357 521 2403 576 A
2431 526 2650 586 propter
2669 518 3077 586 providentiam,
3096 518 3234 573 sicut
3256 519 3450 573 collum
3467 528 3682 589 pr0pter
3701 509 4003 580 nutrimen-

765 614 970 672 prOpter
1016 604 1295 673 quadrigas
1342 606 1653 658 Aminadab.
1709 606 1918 663 Nescivi
1967 611 2102 662 dona
2146 611 2332 680 gratia:

767 693 1059 759 spiritualis
1098 695 1147 746 iu
1179 705 1229 747 te
1273 710 1411 758 esse,
1441 710 1666 764 sponsa,
1712 697 1804 750 sed
1832 698 2008 751 anima
2047 714 2163 752 mea
2208 714 2332 752 cono

769 784 1002 837 turbavit
1041 800 1125 838 me
1163 794 1380 853 propter
1406 785 1851 840 introductionem
1881 786 2032 856 [ϐοά.
2073 785 2224 850 γαί..
2254 789 2331 840 ἰη-

765 871 1093 942 ductionem]
1131 873 1261 926 Novi
1298 874 1657 940 Testamenti,
1691 884 1745 928 et
1772 877 2087 943 cvangelicm
2116 877 2331 943 quadri-

766 975 865 1027 gae,
897 976 1000 1029 qua
1045 960 1198 1032 [Cod.
1242 961 1382 1024 γαί..
1417 963 1564 1034 quia]
1596 967 1891 1019 Aminadab
1928 967 2038 1036 (qui
2071 968 2331 1034 interpre-

769 1058 951 1112 tatur,
993 1051 1170 1119 popu'li
1207 1054 1306 1104 mei
1337 1054 1669 1123 spontaneus)
1700 1055 1750 1107 id
1793 1063 1892 1118 est,
1933 1055 2196 1119 Christus,
2237 1072 2332 1125 per

711 1157 716 1162 '
768 1148 937 1193 totum
989 1142 1202 1195 vehitur
1250 1144 1548 1208 mundum;
1597 1146 1682 1199 cui
1731 1146 1973 1200 Ecclesia
2010 1147 2332 1201 consolando

765 1243 892 1283 mox
920 1233 1222 1300 respondet.

841 1320 1002 1373 Vens.
1053 1322 1135 1373 l5.
1169 1353 1234 1360 -—
1264 1310 1560 1383 Revertere,
1594 1335 1868 1385 revertere,
1907 1323 2213 1388 Sunamitis,
2255 1343 2332 1379 re-

767 1420 974 1472 uertere,
1007 1421 1273 1473 revertere,
1309 1421 1362 1463 ut
1394 1413 1687 1465 intueamur
1711 1425 1778 1466 te.
1812 1415 1926 1466 Noli
1956 1417 2163 1467 turbata
2189 1430 2328 1478 esse,

767 1499 860 1552 sed
908 1507 1181 1553 revertere
1210 1500 1275 1552 ad
1324 1502 1647 1567 agnitionem
1695 1504 1770 1556 tui
1804 1504 2175 1572 Redemptoris
2198 1546 2212 1568 ,
2240 1507 2332 1573 qui

768 1588 865 1640 tibi
893 1589 1050 1641 toties
1079 1589 1130 1641 in
1155 1591 1429 1658 prophetis
1453 1600 1507 1644 et
1535 1591 1647 1661 lege
1682 1595 1978 1661 promissus
2006 1605 2106 1650 est.
2134 1596 2333 1649 Rever-

771 1685 882 1729 tere
902 1677 1135 1744 puritate
1167 1677 1310 1741 ﬁdei,
1330 1694 1550 1748 operum
1571 1681 1916 1748 perfectione.
1941 1683 1984 1736 0
2015 1683 2330 1747 Sunamitis,

770 1766 950 1845 idest,
998 1769 1228 1835 captiva,
1254 1768 1364 1836 jam
1403 1771 1612 1825 vinculo
1639 1771 1966 1826 inﬁdelitatis
1993 1775 2202 1840 penitus
2239 1776 2332 1828 al)-

2435 618 2567 661 tum.
2600 608 2667 661 Et
2686 619 2831 664 recte
2854 609 3071 677 piscinae
3096 619 3494 678 comparantur,
3534 612 3656 680 quia
3679 611 3879 671 ﬂuenta
3904 615 4005 671 ὼ-

2431 696 2619 750 ειτίητε
2647 697 2760 750 suis
2783 697 3116 752 auditoribus
3143 699 3382 766 prebere
3405 714 3507 752 non
3530 708 3761 754 cessant.
3788 700 4006 756 Esebon

2431 787 2700 855 cingulum
2722 788 2969 842 mmroris
2995 788 3401 856 interpretatur,
3427 790 3549 857 quia
3565 793 3732 845 sancti
3747 808 3844 861 pro
3859 808 4003 847 vana

2429 876 2612 933 lzntitia
2635 879 2814 933 carnis
2839 879 3048 947 cingulo
3083 879 3418 933 abstinentia:
3445 881 3899 951 constringuntur.
3936 883 4008 938 Et

2430 968 2566 1021 bene
2594 969 2649 1021 in
2678 968 2846 1035 portis
2865 968 2990 1024 ﬁlia:
3014 969 3388 1032 multitudinis,
3416 971 3486 1024 ob
3507 971 3881 1025 abundantiam
3905 987 4005 1040 po-

2429 1056 2674 1124 pulorum
2700 1055 3132 1110 concurrentium
3175 1049 3520 1126 per'portam
3547 1058 3670 1113 ﬁdei
3708 1060 3762 1113 in
3814 1059 4006 1114 Eccle-

2430 1145 2587 1198 siam.
2651 1146 2829 1199 Nasus
2873 1156 2991 1199 tuus
3014 1147 3147 1199 sicut
3177 1148 3336 1199 turris
3363 1146 3568 1201 Libani.
3600 1149 3732 1203 Item
3773 1149 3828 1204 in
3867 1165 4010 1206 naso

2431 1236 2579 1288 verbi
2631 1235 2723 1288 Dei
2771 1233 3187 1302 dispendatores,
3234 1251 3396 1289 causa
3453 1238 3810 1302 discretionis,
3856 1238 4009 1294 desi-

2431 1335 2679 1393 gnantur.
2726 1323 2930 1390 Turris,
2961 1325 3085 1393 quia
3113 1326 3589 1381 eminentissimum
3618 1327 3790 1382 locum
3816 1334 4012 1383 tenent

2433 1413 2485 1464 in
2514 1412 2768 1466 Ecclesia.
2814 1413 2944 1476 Qua:
2969 1415 3171 1481 respicit
3209 1423 3390 1466 contra
3431 1414 3764 1469 Damascum.
3794 1415 3852 1470 ω
3892 1425 4005 1479 est,

2434 1503 2804 1571 sauguinarios
2832 1512 2886 1556 et
2933 1498 3178 1570 impios;
3204 1504 3328 1571 quia
3381 1504 3670 1558 Damascus
3695 1506 4007 1572 sanguinem

2433 1593 2606 1645 bibens
2632 1594 3034 1660 interpretatur.
3065 1592 3343 1662 Signiﬁcat
3389 1593 3633 1647 carnales
3662 1602 3717 1646 et
3736 1592 4004 1653 crudeles.

2432 1691 2620 1736 contra
2650 1697 2784 1748 quos
2810 1683 2979 1734 sancti
3025 1683 3271 1735 doctores
3298 1681 3351 1734 in
3403 1691 3549 1735 turre
3576 1681 3780 1744 Libani,
3810 1681 3864 1734 id
3895 1689 4009 1743 est,

2432 1771 2686 1826 ﬁrmitate
2709 1771 2979 1834 Ecclesim,
3008 1786 3218 1840 semper
3246 1771 3484 1840 vigilant.

771 1868 893 1907 raso
924 1851 1122 1924 [Verba
1171 1857 1380 1924 penitus
1421 1861 1612 1913 abraso
1659 1861 1851 1913 omissa
1884 1863 1939 1914 in
1969 1860 2097 1914 ϐοά.
2156 1862 2331 1933 Vat.],
2365 1863 2412 1920 Β
2511 1861 2670 1914 Vens.
2699 1861 2838 1913 5.-
2859 1859 3026 1929 Caput
3050 1870 3194 1911 tuum
3222 1869 3276 1910 ut
3308 1857 3598 1920 Carmelus,
3641 1868 3688 1913 et
3734 1875 3879 1912 coma
3909 1876 4006 1914 ca-

770 1953 1040 2000 rcverterc
1067 1948 1134 1998 ad
1166 1955 1308 2001 tuum
1337 1949 1767 2018 Redemptorem,
1799 1960 1858 2004 ut
1885 1951 2126 2007 salveris.

1350 2038 1577 2092 CAPUT
1634 2040 1741 2093 V'll.

842 2124 1000 2178 Vens.
1032 2125 1080 2177 l.
1104 2155 1174 2164 —
1211 2124 1348 2189 Quid
1385 2127 1574 2181 videbis
1602 2129 1656 2181 in
1685 2128 1972 2194 Sunamite,
2013 2132 2114 2183 nisi
2151 2133 2332 2185 choros

767 2218 1102 2270 castrorum?
1137 2217 1212 2270 Tu
1244 2218 1390 2272 doles
1417 2217 1754 2290 Synagogam
1779 2223 2124 2287 obduratam;
2169 2238 2332 2290 prope

767 2314 851 2359 est
886 2315 1097 2376 tempus
1115 2323 1222 2376 quo
1239 2309 1432 2363 choros
1459 2310 1769 2366 bellantium
1797 2311 2054 2366 adversus
2075 2313 2335 2382 malignos

766 2396 988 2464 spiritus
1009 2435 1024 2460 ,
1063 2405 1118 2449 et
1152 2397 1482 2451 laudantium
1511 2397 1680 2453 Deum
1705 2401 1910 2455 videbis
1938 2402 1990 2455 in
2032 2418 2117 2456 ea.
2162 2402 2333 2468 Quam

765 2485 968 2553 pulchri
992 2497 1111 2541 sunt
1125 2504 1329 2556 gressus
1351 2491 1429 2541 tui
1445 2491 1501 2541 in
1520 2487 1902 2557 calceamentis,
1923 2492 2035 2561 [ilia
2054 2495 2333 2564 principis!

769 2575 921 2630 Nunc
958 2575 1144 2630 laudes
1170 2577 1422 2632 Ecclesia:
1461 2578 1530 2633 ab
1556 2580 1672 2648 ipso
1698 2579 1905 2648 Sponso
1943 2583 2328 2659 proferuntur:

768 2671 824 2718 et
846 2665 1018 2733 primo
1037 2679 1260 2734 operum
1289 2667 1612 2730 constantia,
1644 2677 1699 2722 et
1727 2669 2066 2725 mortiﬁcatio
2093 2672 2335 2742 volupta-

768 2761 885 2806 tum
908 2754 1190 2810 laudantur
1219 2757 1271 2810 in
1297 2771 1379 2819 ea,
1411 2773 1573 2825 quam
1601 2767 1655 2812 et
1676 2759 1839 2813 ﬁliam
1877 2763 2153 2832 principis,
2179 2765 2232 2818 id
2255 2773 2336 2818 est

771 2840 995 2906 Christi,
1044 2844 1113 2897 ob
1138 2846 1374 2913 gratiam"
1400 2847 1737 2916 baptismatis
1778 2858 1832 2903 et
1865 2851 2194 2906 nobilitatem
2229 2853 2338 2906 vir-

773 2939 948 2986 tutum
965 2934 1225 2992 nomin'at.
1243 2935 1515 2990 lunctura:
1529 2937 1815 3006 [mitium-
1841 2949 2049 2996 tuorum
2072 2944 2204 2996 sicut
2227 2961 2338 2998 mo-

769 3019 920 3087 nilia,
941 3037 1058 3091 qua
1081 3022 1337 3090 fabricata
1359 3034 1477 3080 sunt
1496 3043 1589 3095 per
1611 3044 1820 3081 manum
1841 3031 2076 3097 artiﬁcis.
2102 3032 2337 3086 Duorum

769 3109 1056 3165 concordia
1101 3111 1416 3179 populorum
1446 3114 1707 3182 spirituali
1746 3117 1895 3187 prole
1937 3117 2337 3174 fecundantium

2431 1951 2550 2018 pilis
2581 1952 2656 2003 tui
2685 1950 2861 2021 [sicut]
2899 1967 3129 2019 purpura
3149 1951 3280 2019 regis
3307 1951 3475 2002 vincta
3511 1949 3797 2003 canalibus.
3822 1951 3877 2004 In
3909 1968 4005 2005 ca-

2432 2043 2542 2110 pite
2569 2057 2719 2095 mens
2742 2042 3082 2111 designatur;
3114 2042 3166 2096 in
3197 2041 3366 2096 comis
3391 2041 3769 2111 cogitationes;
3794 2051 3850 2095 et
3863 2044 4009 2097 sicut
4065 2111 4078 2116 _

2434 2131 2609 2197 capite
2638 2130 2902 2193 membra,
2927 2130 2998 2183 ita
3028 2141 3205 2184 mente
3252 2130 3602 2198 cogitationes
3643 2137 3922 2198 reguntur,
3948 2139 4011 2183 ut

2433 2220 2487 2272 in
2517 2217 2760 2272 Carmelo
2790 2219 2902 2286 (qui
2946 2219 3329 2286 interpretatur
3367 2217 3681 2270 conscientia
3729 2218 4008 2270 circumci-

2431 2308 2592 2361 sionis
2618 2306 2891 2377 [conclusa
2911 2307 3264 2362 semicirculis
3283 2308 3478 2360 omissa
3497 2309 3550 2360 in
3571 2304 3698 2359 Cod.
3735 2305 3830 2358 Vat
3863 2305 3923 2376 ]).
3950 2305 4010 2360 Id

2431 2396 2889 2465 est,.sublimibus,
2921 2403 2974 2448 et
3001 2396 3276 2464 passione,
3331 2410 3452 2464 qua:
3494 2398 3706 2457 nomine
3755 2411 4009 2465 purpurae

2432 2486 2749 2555 exprimitur
2769 2526 2782 2550 ,
2808 2493 3110 2540 versentur.
3162 2485 3385 2554 canales
3411 2486 3703 2554 pmcordia
3729 2495 3855 2539 sunt
3879 2500 4009 2539 san-

2433 2573 2736 2637 ctormn,iu
2764 2574 2957 2640 quibus
2998 2572 3286 2640 alligantur
3313 2572 3446 2625 tales
3489 2573 3858 2641 cogitationes.

2504 2664 2667 2718 Vens.
2702 2662 2756 2714 6.
2781 2691 2850 2700 -—-
2874 2660 3043 2724 Quam
3063 2660 3280 2729 pulchra
3311 2652 3364 2714 es
3393 2669 3441 2714 et
3469 2677 3625 2730 quam
3647 2661 3860 2724 decora,
3879 2661 4006 2713 cita-

2436 2754 2643 2808 rissima
2683 2753 2737 2804 in
2780 2751 3000 2804 deliciis.
3049 2749 3275 2805 Pulchra
3323 2750 3426 2805 ﬁde
3469 2758 3525 2806 et
3571 2765 3733 2819 opere
3786 2751 4004 2805 decora.

2435 2834 2761 2916 Charissi'ma
2805 2842 2858 2897 in
2907 2841 3133 2908 deliciis,
3185 2842 3237 2895 id
3277 2850 3380 2905 est,
3426 2841 3794 2909 spiritualibus
3837 2841 4005 2894 virtu-

2436 2933 2600 2988 tibus.

2507 3024 2670 3077 Vens.
2703 3023 2754 3075 ’1.
2778 3052 2850 3062 —
2872 3008 3090 3076 Statura
3129 3031 3220 3075 tua
3263 3021 3554 3076 assimilata
3597 3028 3671 3074 est
3703 3018 3910 3090 palmae.
3945 3017 4007 3071 ld

2437 3121 2539 3177 est,
2568 3113 2830 3168 rectitudo
2851 3112 3183 3182 operationis
3212 3113 3365 3166 bona:
3399 3125 3608 3180 semper
3634 3111 3700 3163 ad
3725 3107 4003 3165 victoriam

774 3199 828 3251 in
853 3198 1108 3269 junctura
1149 3200 1410 3258 feminum
1441 3204 1778 3272 designatur;
1806 3223 1926 3276 quze
1950 3209 2088 3262 sicut
2117 3209 2334 3264 monilia
2359 3196 2406 3257 C
2438 3204 2627 3258 tendit.
2653 3202 2718 3256 Et
2740 3202 2898 3255 ubera
2917 3211 3008 3254 tua
3033 3201 3213 3255 botris.
3235 3199 3506 3256 Uberibus
3530 3203 3776 3254 doctores
3821 3196 4004 3251 Eccle-

769 3287 1031 3342 fabricata
1061 3298 1184 3343 sunt
1205 3305 1366 3344 manu
1395 3291 1640 3358 artiﬁcis,
1672 3294 1722 3348 id
1749 3304 1853 3360 est,
1893 3296 2148 3352 inell'abili
2177 3298 2339 3369 largi-

771 3387 881 3433 tate
912 3377 1217 3435 Gonditoris
1255 3381 1422 3436 nostri
1467 3381 1677 3438 ﬁrmata
1707 3403 1720 3438 :
1751 3385 1807 3440 in
1862 3388 2150 3442 monilibus
2197 3390 2338 3444 bona

767 3481 932 3536 opera
962 3470 1356 3538 exprimuntur.
1967 3475 1979 3482 ’

838 3556 1002 3610 Vens.
1033 3557 1070 3611 2
1094 3587 1163 3597 -
1193 3555 1481 3615 Umbilicus
1515 3570 1636 3616 tuus
1675 3573 1845 3617 crater
1869 3567 2157 3630 tornatilis,
2205 3583 2338 3621 nun-

766 3659 923 3712 quam
954 3644 1190 3714 indigens
1223 3645 1442 3715 poculis.
1477 3647 1792 3715 Umbilicus,
1840 3652 1892 3705 id
1918 3661 2032 3715 est,
2079 3653 2339 3722 fragilitas

770 3735 1100 3816 inﬁrmitatis
1143 3746 1341 3792 nostra!
1371 3749 1558 3796 contra
1604 3743 1760 3797 iidem
1808 3741 1978 3816 [Cod.
2040 3743 2181 3810 ναι..
2229 3762 2332 3800 om.

769 3827 922 3878 verba
949 3815 964 3878 ξ
997 3834 1185 3878 contra
1213 3826 1414 3899 ﬁdem].
1455 3828 1645 3884 Crater
1672 3831 1731 3885 ﬁt
1756 3815 2038 3899 tornatilis,
2063 3851 2185 3890 cum
2211 3852 2339 3890 con-

768 3915 993 3968 scientia
1021 3916 1380 3979 mortalitatis,
1406 3927 1566 3988 atque
1585 3921 1911 3978 inﬁrmitatis
1938 3934 2134 3979 nostra:
2157 3929 2339 3980 admo-

774 4007 871 4060 niti
907 4007 1132 4061 calicem
1151 4009 1297 4061 verbi
1320 4009 1572 4063 salutaris
1595 4013 1856 4080 proximis
1885 4025 2127 4083 prompta
2159 4026 2338 4070 mente

773 4097 1060 4165 propinare
1085 4097 1394 4166 satagimus.
1434 4096 1617 4152 Venter
1643 4110 1762 4154 tuus
1781 4103 1916 4155 sicut
1936 4122 2148 4159 acervus
2178 4109 2338 4160 tritici

773 4185 997 4241 vallatus
1034 4186 1180 4241 liliis.
1208 4189 1447 4244 Acervus
1482 4191 1644 4242 tritici
1671 4192 1896 4245 vallatus
1923 4195 2049 4247 liliis
2075 4205 2177 4257 est,
2216 4213 2337 4250 cum

774 4275 1103 4330 abundantia
1132 4276 1258 4330 boni
1284 4278 1463 4346 Operis
1489 4278 1600 4331 sola
1625 4294 1717 4347 spe
1741 4291 2011 4349 perpetua:
2038 4283 2170 4337 lucis
2191 4285 2340 4338 colli-

773 4367 937 4433 gitur.
987 4365 1046 4420 ιιι
1080 4377 1290 4432 ventre,
1324 4371 1612 4435 memoria;
1650 4373 1701 4425 in
1727 4373 1928 4436 tritico,
1969 4375 2341 4444 multiplicatio

775 4457 902 4511 boni
938 4459 1156 4526 operis;
1201 4460 1254 4513 in
1279 4460 1423 4524 liliis,
1450 4462 1670 4516 castitas
1702 4464 1812 4531 spei
1838 4466 2178 4533 exprimitur.
2209 4467 2337 4520 Item

2435 3299 2531 3350 sire
2555 3303 2773 3363 propter
2811 3293 2894 3347 lac
2927 3293 3116 3362 prima:
3151 3292 3467 3346 eruditionis
3505 3296 3902 3358 coniparantur,
3949 3293 4003 3340 et

2436 3390 2605 3443 botris
2645 3391 2925 3454 aequantur
2956 3391 3173 3451 propter
3198 3386 3454 3451 mysteria
3485 3378 3807 3432 dulcissima:
3847 3371 4002 3445 [ϐοά.

2450 3479 2592 3543 ναι,
2627 3473 2957 3545 dulcissima]
2979 3475 3315 3530 mternitatis.

2505 3569 2668 3622 Vens.
2695 3565 2749 3619 8.
2775 3595 2846 3606 —
2863 3563 3013 3627 Dixi,
3033 3563 3310 3617 ascendam
3333 3563 3388 3615 in
3406 3562 3602 3632 palma,
3627 3556 4004 3630 apprehendam

2403 3665 2412 3676 ‘
2437 3657 2638 3726 fructus
2657 3655 2795 3723 ejus,
2816 3662 2865 3706 et
2891 3661 3043 3706 erunt
3069 3651 3228 3705 ubera
3248 3661 3340 3704 tua
3361 3652 3495 3704 sicut
3516 3650 3649 3702 botri
3668 3649 3846 3702 tam.
3869 3645 4004 3713 Apte

2435 3745 2649 3814 quidem
2665 3759 2796 3798 crux
2820 3743 3014 3797 victrix
3033 3740 3190 3812 [Cod.
3225 3739 3368 3802 Vat.,
3385 3737 3822 3792 victoriosissima
3847 3731 4002 3803 crux]

2437 3834 2626 3904 palmas
2649 3842 3013 3902 comparatur,
3044 3833 3099 3884 in
3126 3844 3287 3898 quam
3314 3828 3562 3882 Christus
3588 3825 3883 3880 ascendens
3909 3838 4003 3891 ap-

2436 3924 2717 3994 prehendit
2742 3922 2948 3975 fructus
2970 3920 3102 3989 ejus,
3129 3919 3181 3972 id
3222 3927 3326 3982 est,
3357 3918 3494 3971 dona
3519 3930 3639 3984 qua:
3678 3913 3902 3982 largitus
3925 3919 4001 3964 est

2438 4021 2638 4067 sancta:
2668 4010 2934 4072 Ecclesiae,
2965 4022 3085 4076 quae
3111 4022 3178 4061 ex
3201 4006 3292 4060 illo
3321 4014 3560 4073 tempore
3607 4003 3792 4055 botros
3834 3998 4000 4051 vineae

2438 4101 2775 4174 germinavit,
2828 4099 2881 4152 id
2923 4107 3024 4163 est,
3079 4105 3295 4151 sanctos
3346 4096 3611 4156 doctores,
3661 4091 3754 4157 qui
3804 4087 4002 4174 majore

2438 4173 2662 4244 scientia
2682 4196 2738 4240 et
2758 4187 2944 4256 gratia,
2972 4193 3094 4254 post
3119 4199 3332 4239 crucem
3353 4191 3406 4235 et
3427 4178 3870 4233 resurrectionem
3891 4173 4000 4228 Sal-

2440 4280 2662 4343 vatoris,
2686 4277 3047 4331 abundabant.
3081 4275 3147 4327 Et
3169 4275 3300 4329 odor
3319 4273 3427 4326 oris
3455 4271 3530 4322 tui
3561 4267 3714 4340 [Cod.
3770 4265 3910 4330 Vat.,
3949 4274 4001 4320 et

2442 4371 2636 4425 odores
2657 4365 2757 4437 tui]
2796 4367 2931 4419 sicut
2957 4362 3234 4417 malorum.

2513 4459 2674 4511 Vens.
2711 4458 2763 4510 9.
2787 4484 2858 4495 -—
2880 4453 3075 4508 Guttur
3116 4461 3262 4504 tuum
3297 4451 3430 4504 sicut
3461 4448 3632 4502 vinum
3661 4446 3907 4514 optimum
3933 4441 3999 4496 ad

775 4549 829 4600 in
863 4548 1059 4613 tritico,
1090 4551 1275 4618 panis;
1308 4560 1362 4603 et
1385 4551 1437 4604 in
1466 4561 1672 4606 cratere
1702 4530 1878 4620 potus,
1905 4530 1994 4621 qui
2018 4558 2341 4624 pauperibus
2369 4532 2416 4590 ί)
2441 4546 2746 4618 potanda?"-
2796 4544 2852 4596 ιη
2882 4550 3097 4610 Eum“?

2369 4532 2416 4590 Ῑ)
2441 4546 2746 4618 potandum.
2796 4544 2852 4596 la
2882 4550 3097 4610 gutture
3148 4554 3249 4592 vox
3304 4537 3583 4607 praesentis
3632 4530 4001 4624 doctrinm-in

777 4639 958 4704 datur,
984 4639 1320 4709 exprimitur.

841 4731 1003 4784 Vsus.
1032 4732 1086 4785 5.
1112 4729 1314 4784 —Duo
1344 4730 1501 4784 ubera
1521 4741 1613 4784 tua
1634 4734 1764 4786 sicut
1788 4734 1891 4786 duo
1918 4734 2121 4788 hinnuli
2140 4735 2343 4803 gemelli

776 4834 994 4888 caprae.
1027 4818 1101 4872 De
1131 4821 1234 4874 hoc
1253 4836 1410 4874 versu
1438 4821 1684 4889 superius
1706 4824 1905 4877 dictum
1929 4832 2029 4877 est.
2074 4823 2188 4876 Duo
2215 4824 2344 4877 ube-

778 4927 837 4964 ra
865 4911 1111 4966 doctores
1140 4919 1270 4964 sunt
1313 4912 1590 4980 utriusque
1630 4914 1808 4981 populi
1837 4932 1851 4978 ;
1900 4915 2103 4968 hinnuli
2131 4914 2340 4984 gemelli

777 4999 884 5055 duo
912 5009 1226 5054 testamenta
1256 5009 1380 5054 sunt
1409 5002 1632 5055 invicem
1661 5003 2038 5056 concordantia
2067 5005 2114 5054 δ.

846 5088 1008 5159 605
1049 5089 1212 5144 Vens.
1235 5089 1294 5164 ‘4.
1325 5120 1393 5129 —
1414 5088 1618 5142 Collum
1667 5101 1811 5144 tuum
1839 5093 1972 5144 sicut
2003 5094 2163 5145 turris
2193 5094 2346 5146 ebur-

781 5193 878 5232 nea
908 5176 1060 5248 [Cod.
1098 5177 1240 5242 Vat.,
1267 5179 1561 5251 eburnea].
1593 5179 1648 5232 lu
1677 5180 1813 5234 collo
1843 5180 1968 5234 item
1995 5181 2240 5235 doctores
2256 5183 2347 5234 de-

782 5272 979 5340 signati
1020 5279 1162 5333 sunt,
1202 5273 1293 5340 qui
1348 5275 1480 5326 turri
1508 5275 1754 5328 eburnea:
1779 5289 1876 5342 pro
1904 5273 2153 5326 ﬁrmitate
2189 5272 2340 5343 [Cod.

792 5360 938 5426 ναι..
986 5371 1204 5432 propter
1258 5363 1587 5432 ﬁrmitatem]
1614 5373 1669 5416 et
1693 5364 2086 5432 pulchritudine
2131 5379 2345 5432 compa-

782 5457 990 5513 rantur,
1020 5452 1143 5518 quia
1163 5451 1364 5505 civitati
1391 5451 1481 5505 Dei
1512 5458 1565 5504 ct
1604 5451 1767 5504 robur
1794 5459 2046 5519 praestant
2072 5459 2126 5504 et
2161 5451 2342 5505 decus.

784 5539 935 5595 Oculi
961 5541 1036 5596 tui
1063 5543 1194 5594 sicut
1219 5543 1431 5608 piscinis
1453 5543 1506 5595 in
1545 5539 1798 5600 Hesebon,
1829 5556 1944 5609 qua:
1967 5549 2084 5592 sunt
2115 5541 2169 5593 in
2195 5548 2347 5608 porta

783 5633 907 5701 [ilic
930 5632 1296 5688 multitudinis.
1325 5632 1453 5688 Item
1479 5631 1617 5688 oculi
1647 5629 1900 5686 Ecclesia:
1939 5629 2187 5685 doctores
2221 5636 2346 5684 sunt

853 5762 878 5789 ⁸
912 5749 1089 5820 Vulg,
1121 5750 1391 5817 femorum.

2442 4617 2606 4691 odore
2651 4634 2792 4688 fama
2838 4631 3076 4686 absentis
3112 4629 3466 4696 designatur:
3499 4635 3555 4678 et
3596 4623 3713 4678 ideo
3763 4620 3886 4673 vino
3914 4617 4000 4676 illa

2444 4738 2663 4801 propter
2705 4727 3054 4797 fragrantiam
3083 4725 3360 4782 virtutum,
3410 4720 3524 4772 haec
3544 4715 3698 4769 malis
3722 4715 3792 4770 ob
3829 4713 3996 4801 suavi-

2443 4798 2607 4874 tatem
2661 4816 2897 4869 absentis
2947 4814 3102 4865 fama:
3146 4814 3508 4886 comparatur.
3549 4803 3774 4872 Dignum
3817 4798 3999 4851 dilecto

2444 4925 2575 4962 meo.
2594 4905 2790 4973 Rapuit
2816 4903 2959 4956 enim
2985 4915 3178 4970 sponsa
3205 4899 3430 4952 verbum
3455 4911 3522 4949 ex
3546 4909 3641 4948 ore
3663 4889 3862 4960 sponsi,
3879 4886 3997 4955 quia

2447 4999 2538 5053 ille
2557 4998 2680 5050 vino
2703 4995 2905 5063 optimo
2929 5008 3048 5047 eam
3077 4988 3407 5060 comparavit
3425 4995 3477 5040 et
3498 4983 3753 5052 subjecit;
3773 4978 3993 5047 Dignum

2445 5087 2630 5141 dilecto
2678 5101 2809 5147 meo,
2847 5084 2898 5137 id
2920 5091 3020 5146 est,
3046 5089 3192 5136 tanta
3220 5078 3520 5163 sublimitas
3557 5078 3640 5126 est
3685 5064 3996 5163 evapgelicm

2445 5174 2857 5248 praedicationis,
2890 5180 2949 5225 ut
2991 5172 3104 5238 ipse
3149 5168 3371 5222 dilectus
3410 5162 3633 5230 primus,
3660 5171 3755 5226 per
3781 5155 3927 5248 hanc
3944 5155 3994 5206 in

2447 5240 2607 5320 carne
2634 5277 2914 5332 apparens,
2963 5259 3163 5315 mundo
3207 5259 3309 5311 iter
3349 5252 3564 5307 caeleste
3592 5245 3873 5318 aperuerit.
3897 5240 3989 5298 La-

2446 5357 2640 5423 biisque
2669 5361 2715 5406 et
2740 5352 2978 5408 dentibus
3003 5349 3145 5402 illius
3169 5337 3638 5431 ruminandum._id
3664 5344 3766 5399 est,
3793 5336 3994 5431 appeto:

2445 5445 2513 5498 lis
2540 5415 3084 5511 praedicatoribusque
3113 5433 3342 5490 maxime
3373 5429 3526 5504 [ϐοά.
3563 5427 3704 5486 Vat.-.
3733 5415 3991 5488 maximis]

2444 5532 2591 5586 dedit
2615 5531 2682 5585 ad
2709 5530 3090 5586 meditandum.
3748 5603 3763 5608 _
3854 5601 3866 5608 _
3975 5596 3986 5608 ,

2513 5624 2678 5679 Vsus.
2708 5622 2794 5677 lo.
2821 5651 2892 5663 —
2917 5618 3052 5691 [Ego
3073 5617 3260 5672 dilecto
3290 5632 3423 5680 meo,
3463 5619 3523 5668 et
3561 5622 3668 5663 non
3715 5601 3890 5664 alteri.
3913 5601 3991 5653 ali

2295 5742 2339 5814 _b
2356 5737 2484 5793 Cod.
2508 5737 2651 5803 Van,
2675 5754 2692 5787 ι
2714 5733 2920 5792 hinnuli
2941 5730 3146 5802 gemelli
3168 5721 3384 5801 propter
3409 5739 3568 5781 unam
3595 5715 3946 5780 concordiam.
3963 5724 3986 5766 ι
