4338 6404
191 459 285 516 661

204 668 258 716 td
285 679 365 716 me
385 665 648 718 conversio
665 665 798 735 ejus.
828 667 909 724 Me
930 669 1096 724 solam
1127 672 1314 741 diligit,
1343 683 1397 728 et
1418 673 1651 742 adjuvat,
1680 693 1747 732 ne

200 751 434 806 t‘eliciam
463 752 518 806 in
546 755 652 807 via.
890 822 894 828 _
983 756 988 760 ’

267 839 423 894 Vens.
464 840 550 907 Η,
585 837 768 895 ’12.-
793 843 942 912 Veni,
985 847 1166 902 dilecte
1194 852 1284 915 ml,
1327 852 1654 921 egredimur
1693 856 1748 907 in

193 946 392 1000 egrum,
444 948 819 988 commoremur
865 938 920 991 in
966 939 1118 994 uillis.
1167 941 1323 996 Hanc
1356 945 1634 1012 surgamus
1679 946 1746 998 ad

188 1014 378 1084 tineas,
401 1019 665 1075 rideamus
687 1025 732 1076 si
754 1025 932 1092 ﬂoruit
952 1031 1118 1091 uinea,
1141 1032 1184 1084 si
1214 1031 1409 1099 fructus
1429 1035 1744 1104 parturiunt,

185 1107 233 1158 si
275 1107 568 1176 floruerunt
617 1111 758 1165 mala
798 1115 1007 1182 punica.
1048 1116 1180 1182 Quia
1229 1120 1531 1176 nullatenus
1561 1133 1746 1177 sancta

186 1193 449 1261 Ecclesia,
476 1197 561 1250 vel
595 1196 662 1250 ad
705 1198 842 1253 bene
868 1204 1191 1269 operandum
1220 1208 1540 1273 egrediendo
1564 1225 1747 1278 proce-

183 1282 330 1348 dere,
375 1285 458 1339 vel
499 1286 553 1339 in
605 1289 860 1344 exercitio
889 1294 1041 1346 bona:
1069 1296 1392 1361 operationis
1415 1300 1748 1365 persistendo

180 1377 522 1440 commorari,
556 1376 639 1430 vel
668 1378 855 1434 saltem
902 1382 968 1435 ad
1006 1386 1336 1452 propositum
1381 1387 1515 1441 bene
1558 1389 1745 1455 agendi

180 1481 482 1536 assurgere,
517 1468 600 1522 vel
625 1471 834 1526 animos
881 1474 1182 1528 auditorum
1221 1491 1458 1541 suorum,
1490 1488 1746 1546 quantum

177 1553 526 1620 profecerim,
550 1556 854 1613 discernere
882 1559 1090 1625 sullicit,
1112 1564 1213 1617 nisi
1242 1565 1333 1618 Dei
1362 1565 1529 1634 gratia
1546 1566 1740 1644 ωῆτιιιι⁹

178 1642 268 1708 qui
309 1642 487 1697 dixit:
515 1643 651 1699 Ecce
691 1663 781 1716 ego
817 1649 1075 1704 uobiscum
1105 1670 1220 1707 sum
1264 1656 1499 1709 omnibus
1544 1657 1742 1716 diebus,

175 1745 338 1799 usque
363 1732 433 1784 ad
463 1736 954 1789 consummationem
984 1739 1160 1791 sa’culi
1186 1741 1395 1808 (Matth.
1424 1758 1608 1803 xxviii,
1634 1744 1743 1813 20).

173 1820 305 1874 item
335 1823 390 1875 in
417 1838 545 1892 agro
581 1825 890 1890 Christiani,
940 1829 993 1882 in
1039 1831 1176 1884 villis
1223 1836 1432 1902 pagani,
1485 1836 1537 1888 in
1582 1838 1747 1891 vincis

172 1910 444 1975 Ecclesiae,
472 1913 525 1964 in
557 1913 778 1969 ﬁoribus
819 1915 969 1981 ﬁdes,
1009 1917 1060 1971 in
1106 1917 1364 1974 fructibus
1410 1924 1650 1987 virtutes,
1687 1925 1736 1976 in
1774 1910 1816 1969 Β

170 1998 327 2053 malis
353 2001 563 2069 punicis
588 2006 900 2071 martyrium
925 2005 1251 2074 designatur.
1278 2008 1334 2060 In
1359 2009 1441 2062 his
1462 2011 1603 2063 enim
1629 2013 1739 2063 sin-

168 2087 305 2155 gulis
332 2103 527 2156 sponsa
557 2089 732 2144 dilecti
763 2093 841 2144 sui
872 2096 1208 2160 prtesentiam
1239 2099 1448 2165 quaerit.
1497 2098 1576 2151 lbi
1603 2100 1735 2152 dabo

167 2174 260 2227 tibi
309 2175 469 2228 ubera
525 2192 661 2228 mea.
713 2177 768 2230 ld
812 2185 913 2241 est,
963 2182 1303 2246 parvulorum
1351 2200 1590 2238 meorum
1630 2201 1735 2254 pte-

166 2262 422 2332 dagogos,
475 2263 599 2332 quia
644 2262 696 2317 in
749 2264 832 2318 bis
879 2266 1125 2320 omnibus
1167 2270 1454 2336 proﬁciunt
1491 2272 1735 2327 doctores

166 2352 359 2405 sancti.

235 2444 403 2498 Vens.
435 2445 520 2498 l3.
542 2475 612 2484 ——
636 2445 1004 2518 Mandragoraz
1025 2454 1278 2510 dederunt
1304 2454 1512 2508 odorem
1536 2460 1590 2508 in
1612 2473 1733 2524 por-

163 2534 229 2585 tis
257 2533 467 2586 nostris.
501 2533 871 2604 Mandragora,
924 2549 1142 2608 propter
1169 2542 1477 2598 multimoda
1503 2545 1732 2598 medica-

164 2623 370 2676 minum
418 2639 636 2694 genera,
693 2635 998 2682 sanctorum
1043 2631 1328 2688 virtutibus
1372 2645 1727 2704 comparatur.

163 2711 338 2768 Porta:
381 2715 634 2770 Ecclesiae
676 2716 838 2788 406
863 2720 1109 2776 doctores
1154 2732 1277 2776 sunt
1322 2727 1512 2778 sancti.
1547 2725 1602 2780 ln
1633 2727 1733 2781 hu-

157 2804 393 2872 jusmodi
435 2806 606 2872 portis
630 2807 997 2876 mandragorte
1028 2810 1157 2863 dant
1183 2813 1421 2873 odorem,
1470 2831 1589 2869 cum
1618 2817 1728 2886 spi-

164 2892 388 2948 rituales
411 2894 610 2962 quique
655 2907 720 2948 ex
767 2910 826 2949 se
868 2897 1123 2951 virtutum
1153 2897 1349 2954 famam
1389 2901 1541 2972 [Cod.
1581 2903 1726 2970 Vat.,

159 2978 419 3053 palmam]
449 2980 604 3052 longe
632 2983 839 3053 lateque
894 2995 1166 3056 spargunt.
1201 2987 1389 3052 Omnia
1417 3007 1568 3070 poma
1599 3010 1727 3049 nova

159 3081 208 3122 et
232 3079 427 3136 uetera,
447 3073 630 3128 dilecte
656 3077 748 3138 mi,
779 3078 972 3131 servavi
998 3079 1109 3131 tibi.
1146 3080 1307 3135 Poma
1358 3097 1493 3137 nova
1541 3092 1595 3138 et
1639 3101 1727 3139 ve-

160 3165 320 3222 tera,
346 3172 610 3231 pracepta
656 3165 767 3220 sive
815 3168 1075 3234 promissa
1103 3178 1225 3224 sunt
1271 3173 1394 3227 novi
1433 3182 1487 3226 et
1529 3176 1726 3230 veteris

162 3251 490 3316 testamenti,
517 3267 637 3326 qum
667 3256 846 3312 omnia
873 3258 940 3312 ad
985 3259 1098 3328 eius
1139 3261 1366 3330 gratiam
1417 3251 1580 3315 refert
1624 3264 1722 3318 Ec—
1749 3244 1794 3304 C

162 3338 344 3394 clesia.

742 3437 967 3496 CAPUT
1023 3441 1151 3495 Vill.

231 3524 394 3579 Vens.
430 3525 480 3578 1.
504 3555 574 3566 -
593 3525 722 3592 Quis
750 3531 876 3582 mihi
896 3531 980 3584 det
1008 3541 1056 3584 te
1083 3531 1296 3600 fratrem
1322 3549 1510 3597 meum,
1541 3551 1726 3604 sugen-

158 3620 260 3664 tem
291 3612 452 3666 ubera
473 3617 653 3668 matris
679 3633 824 3670 mete.
847 3619 961 3673 Vox
980 3619 1081 3673 ista
1096 3629 1178 3674 est
1202 3622 1537 3690 antiquorum
1554 3624 1724 3691 justo-

161 3716 297 3765 rum,
319 3703 616 3770 optantium
642 3705 929 3761 adventum
956 3707 1152 3764 Christi
1176 3711 1228 3764 in
1247 3725 1426 3765 carne.
1449 3711 1724 3780 Sugentem

161 3790 318 3843 ubera
357 3793 542 3846 matris
574 3809 720 3858 metr,
772 3795 825 3848 id
852 3804 951 3860 est,
985 3798 1036 3850 in
1061 3809 1324 3866 synagoga
1357 3800 1501 3852 nasci
1529 3815 1593 3853 ac
1626 3816 1723 3852 nu-

162 3881 300 3944 tn‘ri,
329 3880 486 3949 juxta
514 3882 761 3938 humanae
809 3886 1130 3942 conditionis
1167 3896 1433 3942 naturam.
1477 3887 1544 3941 Ut
1585 3890 1724 3943 inve-

161 3971 300 4020 niam
323 3979 373 4022 te
413 3969 561 4037 foris.
589 3972 735 4027 Intus
763 3983 882 4029 erat
909 3976 1153 4041 dilectus,
1201 3977 1327 4031 dum
1367 3978 1420 4031 in
1462 3979 1723 4048 principio

157 4064 274 4109 erat
322 4057 606 4124 Verbum:
620 4060 766 4124 foris,
803 4063 927 4116 dum
975 4065 1206 4120 Verbum
1234 4083 1361 4121 caro
1387 4067 1585 4122 factum
1613 4078 1716 4124 est.

157 4144 225 4198 Et
272 4145 542 4200 deosculer
580 4158 646 4203 te.
681 4148 738 4204 ια
774 4159 877 4214 est,
911 4151 1047 4207 facie
1091 4154 1154 4207 ad
1185 4154 1375 4209 faciem
1410 4158 1636 4221 videam,
1667 4168 1721 4213 et

155 4248 249 4288 ore
279 4235 348 4289 ad
369 4249 432 4289 os
457 4234 664 4304 loquar.
692 4235 760 4290 Et
771 4237 888 4307 jam
909 4255 990 4292 me
1019 4256 1164 4294 nemo
1188 4241 1452 4311 despiciat.
1477 4243 1614 4299 Ante
1631 4247 1724 4300 ad-

156 4330 373 4376 ventum
400 4322 600 4378 Christi
653 4327 791 4379 intra
831 4329 1104 4398 angustias
1147 4328 1341 4385 Iudaeae
1385 4341 1588 4389 tantum
1621 4333 1720 4388 fuit

155 4412 428 4478 Ecclesia;
458 4424 578 4482 post
596 4418 984 4484 ascensionem,
1018 4420 1071 4475 in
1101 4429 1212 4477 toto
1256 4425 1455 4478 mundo
1503 4425 1718 4480 dilatata

155 4499 256 4552 fuit
275 4508 332 4554 et
358 4503 696 4558 venerabilis.

1000 475 1401 530 EXECETICA.
1441 507 1508 516 -—
1542 479 1986 538 COMPENDIL'M
2023 484 2088 538 ΙΝ
2129 487 2324 542 CANT.
2368 489 2565 545 CANT.

205 579 360 630 iitam
408 589 592 631 curam
637 578 907 634 servitutis
938 590 992 636 et
1033 583 1330 641 dilectionis
1360 588 1647 659 impendo].
1673 589 1741 642 Et
1769 595 1814 648 Α

3303 499 3404 550 (illi

1917 595 2073 649 Vitis.
2111 597 2162 648 3.
2184 628 2256 637 —
2278 599 2425 653 Laeva
2465 603 2576 669 ejus
2616 605 2708 656 sub
2749 609 2912 675 capite
2940 625 3071 671 meo,
3104 621 3148 660 ct
3182 611 3400 664 dextera

1846 680 1986 734 illius
2028 685 2407 751 amplexabitur
2447 705 2545 742 me.
2594 691 2746 745 Laeva
2788 693 3168 749 incarnationis
3206 696 3402 754 Christi

1846 769 1982 822 dona
2030 772 2298 840 designat;
2350 784 2401 828 et
2447 777 2665 833 dextera
2713 780 2889 835 futura
2939 793 3242 839 sanctorum
3285 801 3406 844 cum

1845 854 2059 913 Christo
2087 863 2277 931 gaudia
2301 867 2569 932 exprimit.

1916 967 2075 1021 Vens.
2120 969 2175 1032 4,
2225 970 2587 1042 5.—Adjuro
2635 993 2748 1042 ros,
2799 980 2923 1045 ﬁlia
2975 984 3296 1052 Jerusalem,
3345 1001 3392 1046 κ

1844 1057 2116 1119 suscitatis,
2164 1077 2322 1128 neque
2371 1063 2609 1131 erigi/are
2655 1067 2858 1134 faciatis
2907 1071 3212 1145 [dilectam],
3247 1077 3387 1137 dona

1846 1143 1955 1211 ipsa
2007 1145 2141 1196 uelit.
2189 1146 2323 1210 Qua:
2361 1160 2431 1202 est
2484 1153 2600 1214 ista,
2657 1171 2771 1222 qua-
2816 1161 3043 1211 ascendit
3087 1162 3150 1214 de
3172 1143 3400 1226 deserto,

1846 1233 2042 1287 deliciis
2068 1238 2313 1304 afﬂuens?
2346 1241 2452 1292 Vox
2505 1241 2800 1314 Synagogm
2846 1249 3109 1312 mirantis,
3142 1256 3404 1320 quomodo

1848 1322 2080 1376 Ecclesia
2113 1326 2176 1378 de
2199 1325 2409 1382 deserto
2438 1332 2747 1396 gentilitatis
2774 1336 2824 1387 in
2870 1341 3047 1404 sponsi
3093 1343 3269 1396 subito
3296 1358 3403 1397 am-

1847 1411 2030 1478 plexus
2055 1417 2396 1470 ascendisset.
2430 1419 2638 1474 Deliciis
2665 1424 2894 1492 aﬂluens,
2943 1428 2991 1479 id
3040 1438 3140 1492 est,
3166 1434 3403 1488 omnium

1846 1501 2102 1555 donorum
2128 1505 2538 1569 pulchritudine.
2572 1509 2761 1563 Innixa
2790 1530 2938 1582 super
2970 1515 3208 1571 dilectum
3231 1537 3400 1574 suum.

1847 1587 2032 1641 Omnia
2061 1607 2177 1658 qum
2217 1593 2402 1659 habet,
2445 1600 2507 1650 ad
2551 1602 2777 1667 gratiam
2803 1605 3000 1670 dilecti,
3040 1608 3112 1660 illi
3139 1611 3237 1664 soli
3268 1613 3402 1667 inni‘

1847 1680 2022 1743 tendo,
2050 1681 2305 1738 referens.
2332 1685 2438 1740 Sub
2460 1689 2642 1742 arbore
2665 1694 2800 1744 malo
2817 1699 3057 1752 suscitari
3078 1709 3144 1753 te.
3163 1702 3402 1772 Respon-

1848 1768 1923 1821 dit
1949 1784 2045 1836 pro
2074 1787 2265 1839 sponsa
2298 1775 2587 1847 Synagoga:
2628 1780 2739 1848 ipse
2791 1799 3033 1852 sponsus.
3083 1789 3190 1844 Sub
3223 1768 3406 1848 arbore

1849 1858 1984 1910 malo
2006 1862 2221 1913 excitari
2255 1873 2319 1925 te,
2347 1864 2395 1916 id
2433 1875 2531 1928 cst,
2561 1867 2658 1920 sub
2687 1871 2876 1924 arbore
2898 1876 3072 1929 crucis
3093 1891 3122 1928 a
3151 1890 3403 1947 perpetua

1843 1957 2016 2001 morte
2047 1953 2288 2004 revocavi
2314 1951 2467 2023 [Cod.
2518 1954 2656 2020 Vat.,
2698 1961 2968 2033 renovavi]
3015 1972 3168 2029 te,ut
3194 1978 3402 2036 aposto-

1839 2034 1919 2088 los
1948 2046 1999 2089 ct
2023 2047 2246 2093 caeteros
2271 2041 2468 2096 electos
2489 2060 2551 2097 ex
2580 2043 2780 2100 Judzea.
2812 2048 2893 2101 Ilii
2923 2063 3162 2122 corrupta
3185 2065 3257 2107 est
3284 2072 3400 2109 ma-

1837 2133 2056 2189 tertua;
2086 2129 2153 2180 ibi
2178 2131 2364 2184 riolata
2395 2143 2467 2186 est
2490 2138 2711 2204 genitrix
2736 2149 2844 2192 tua.
2877 2141 2932 2194 1d
2958 2152 3058 2207 cst,
3083 2145 3253 2214 major
3277 2164 3401 2216 pars

1836 2212 2004 2280 plebis
2030 2215 2299 2270 Christum
2332 2223 2594 2290 negando,
2622 2235 2675 2279 et
2708 2227 3005 2284 Barabbam
3031 2212 3296 2303 eligendo,
3329 2240 3394 2292 ad

1835 2317 2048 2359 crucem
2079 2309 2356 2376 reprobate
2381 2322 2480 2365 est.

1910 2416 2069 2470 VEBS.
2112 2416 2162 2471 6.
2177 2409 2245 2457 I—
2262 2418 2404 2474 Pone
2423 2438 2522 2488 me,
2541 2435 2594 2477 ut
2613 2427 2935 2497 signaculum
2955 2449 3106 2504 super
3123 2453 3214 2490 cor
3231 2448 3396 2506 tuum,

1835 2513 1890 2556 ut
1917 2507 2238 2574 signaculum
2260 2527 2412 2578 super
2436 2514 2699 2570 brachium
2723 2528 2887 2574 tuum.
2914 2520 3250 2594 Signaculum
3276 2530 3397 2583 bra—

1835 2590 1956 2644 chio
1978 2595 2059 2646 vel
2093 2597 2256 2665 digito
2283 2601 2351 2655 ob
2376 2609 2689 2662 memoriam
2717 2590 2998 2680 cujuslibet
3043 2621 3117 2673 rei
3145 2618 3392 2692 ligamus.

1832 2678 1936 2733 Per
1963 2697 2056 2737 cor
2080 2688 2352 2756 cogitatio,
2389 2700 2442 2744 et
2482 2708 2578 2760 per
2613 2678 2892 2754 brachium
2937 2678 3246 2782 designatur
3273 2726 3397 2780 ope-

1835 2771 1990 2825 ratio.
2018 2771 2074 2826 Si
2098 2790 2183 2830 me
2210 2778 2342 2832 velis
2369 2780 2566 2836 habere
2594 2799 2867 2852 sponsum,
2898 2790 3040 2846 intus
3057 2771 3138 2847 sit
3159 2771 3394 2853 citari-tas

1832 2859 1884 2912 in
1911 2861 2011 2916 ﬁde
2038 2879 2142 2918 non
2174 2864 2319 2932 ﬁcta,
2347 2878 2401 2922 et
2425 2869 2556 2925 foris
2575 2876 2813 2942 operatio
2841 2877 3045 2932 devota.
3081 2879 3215 2946 Quia
3244 2885 3391 2952 fortis

1829 2960 1883 3003 ut
1904 2968 2040 3006 mors
2066 2955 2288 3021 dilectio,
2323 2962 2456 3014 dura
2477 2965 2608 3017 sicut
2636 2967 2866 3033 infernus
2905 2969 3186 3025 amulatio.
3215 2971 3392 3030 Fortis

1828 3049 1911 3095 est
1937 3059 2105 3112 usque
2133 3047 2197 3100 ad
2227 3059 2451 3105 mortem
2480 3070 2596 3109 mea
2617 3056 2832 3114 dilectio
2849 3061 2903 3114 in
2930 3070 2999 3128 te,
3027 3080 3057 3117 ο
3080 3063 3385 3138 Synagogal

1773 3176 1791 3183 κ
1829 3131 1920 3185 sed
1948 3139 2035 3186 tua
2057 3135 2324 3191 aemulatio
2349 3138 2480 3192 dura
2511 3141 2563 3194 in
2589 3158 2674 3196 me
2697 3143 2810 3208 fuit,
2836 3148 2971 3202 sicut
3000 3131 3256 3208 infernus.
3284 3131 3386 3210 éed

1827 3231 1974 3276 verte
1994 3224 2380 3280 aemulationem
2398 3229 2449 3282 in
2467 3230 2821 3297 dilectionem,
2843 3242 2896 3288 et
2911 3236 3019 3290 eris
3036 3239 3164 3292 mihi
3191 3256 3386 3309 sponsa

1825 3315 1879 3360 et
1910 3323 2063 3363 soror
2115 3321 2168 3366 et
2220 3315 2408 3369 amica.
2452 3315 2739 3388 Lampades
2777 3322 2889 3391 ejus
2935 3321 3200 3394 lampades
3249 3330 3382 3398 ignis

1825 3405 1974 3465 atque
2013 3401 2364 3468 ﬂammarum.
2415 3405 2730 3481 Dilectionis
2771 3411 3042 3481 lampades
3074 3416 3235 3470 corda
3263 3427 3387 3473 sunt

1825 3485 2076 3540 ﬁdelium.
2112 3488 2278 3559 Ignis,
2322 3502 2537 3563 propter
2590 3478 2853 3554 fervorem
2879 3478 3107 3565 Vcordis;
3148 3505 3384 3568 ﬂamma-

1826 3591 1961 3638 rum,
1993 3589 2208 3648 propter
2233 3584 2558 3650 operationis
2592 3583 2742 3656 [Cod.
2799 3586 2934 3651 Vat.,
2966 3591 3244 3664 orationis]
3275 3593 3384 3647 elli-

1822 3676 2046 3716 cat-tam.

1896 3770 2052 3824 Vsus.
2090 3773 2140 3825 7.
2159 3804 2226 3812 —
2245 3778 2403 3846 Aqua:
2428 3777 2604 3833 multa:
2632 3799 2735 3835 non
2761 3794 3036 3852 potuerunt
3062 3791 3383 3861 exstinguere

1821 3864 2146 3932 charitatem,
2171 3887 2260 3922 nec
2282 3873 2500 3938 ﬂumina
2544 3876 2757 3931 obruent
2788 3879 2952 3933 illam.
2985 3882 3165 3953 Aquas
3191 3888 3384 3945 multas

1824 3960 1875 4005 et
1901 3951 2137 4020 ﬁumina,
2172 3962 2521 4017 tentationum
2563 3965 2693 4020 dicit
2741 3969 3008 4037 incursus,
3052 3989 3168 4042 quae
3199 3978 3384 4033 visibi-

1823 4039 1945 4094 liter
1974 4043 2056 4096 vel
2085 4045 2419 4104 invisibiliter
2443 4053 2649 4109 animas
2671 4057 2902 4114 ﬁdelium
2943 4039 3252 4133 impugnare
3274 4083 3378 4123 non

1823 4129 2092 4197 desinunt,
2121 4137 2315 4204 quibus
2349 4141 2586 4198 charitas
2611 4161 2714 4199 non
2742 4149 2900 4203 cedit.
2930 4150 2989 4208 Si
3010 4129 3204 4208 dederit
3230 4157 3382 4211 homo

1821 4235 2020 4275 omnem
2060 4226 2398 4283 substantiam
2441 4235 2624 4289 domus
2663 4249 2772 4291 sua!
2806 4257 2899 4309 pro
2941 4241 3192 4300 chan’tate
3221 4245 3372 4318 [Cod.

1822 4308 1966 4372 Vat.,
1996 4312 2314 4388 dilectione],
2346 4324 2497 4389 quasi
2544 4325 2672 4377 nihil
2717 4308 2958 4397 despiciet
3005 4322 3140 4385 eum.
3189 4308 3372 4392 sancti

1819 4410 1947 4450 vero
1968 4399 2332 4457 totiusmundi
2359 4410 2709 4464 substantiam
2729 4430 2828 4482 pro
2857 4417 3154 4477 dilectionis
3175 4427 3376 4496 magni-

1821 4487 2005 4541 tudine
2055 4489 2436 4571 relinquentes,
2488 4498 2588 4550 nisi
2639 4500 2800 4552 etiam
2849 4517 2905 4556 se
2935 4505 3078 4571 ipsos
3107 4487 3376 4576 alijiciant,

229 4589 391 4643 Vsus.
448 4590 1002 4663 2.—Apprehendam
1050 4607 1117 4650 te.
1165 4598 1415 4668 Prompta
1465 4618 1529 4657 ac
1577 4603 1716 4659 ﬁdeli
1744 4573 2355 4646 Dnihjlpmﬁcjumah

150 4675 434 4732 devotione
455 4679 754 4734 venientem
780 4683 1060 4750 excipiam.
1100 4684 1170 4738 Et
1201 4686 1387 4740 ducam
1429 4697 1477 4742 te
1507 4691 1574 4742 ad
1618 4691 1714 4744 do-

150 4782 293 4820 mum
337 4772 520 4824 matris
548 4788 692 4826 mete.
724 4773 945 4830 Peracta
980 4776 1170 4831 carnis
1213 4779 1604 4848 dispensatione
1633 4799 1716 4838 re-

150 4855 422 4920 deuntem,
453 4858 587 4913 laatis
607 4861 798 4918 ducam
844 4865 1130 4923 luminibus
1173 4868 1226 4920 in
1258 4869 1473 4923 domum
1503 4871 1710 4938 matris,

149 4946 239 5000 ubi
269 4946 507 5002 caelestis
533 4946 828 5004 Jerusalem
855 4938 1028 5046 niater
1057 4963 1139 5010 est
1167 4965 1367 5010 nostra.
1399 4957 1482 5011 Ibi
1512 4975 1590 5012 me
1613 4960 1711 5013 do—

147 5037 304 5091 cebis.
332 5037 519 5093 Facies
539 5053 625 5092 me
651 5040 854 5107 potiora
900 5037 1115 5110 sperare
1146 5047 1304 5110 dona,
1329 5051 1569 5124 quamoin
1598 5051 1713 5119 lege

147 5127 476 5183 habuissem.
519 5127 586 5181 Et
609 5127 744 5182 dabo
766 5129 858 5181 tibi
886 5130 1128 5198 poculum
1160 5150 1225 5198 ea:
1254 5137 1368 5188 uino
1399 5138 1624 5192 condito.
1656 5141 1711 5195 ld

147 5223 246 5278 est,
297 5215 590 5292 ferventem
643 5231 898 5281 amorem,
930 5218 1094 5274 variis
1130 5223 1387 5278 virtutum
1425 5226 1712 5296 pigmentis

147 5314 415 5362 ornatum.
448 5290 524 5360 Et,
553 5318 778 5362 mustum
819 5307 970 5381 [Cod.
1018 5307 1161 5373 νει..
1189 5290 1708 5384 ηιὶειωηΪηῖαΙοι-ωη

149 5404 486 5466 granatorum
524 5409 774 5450 meorum.
822 5395 879 5450 ld
925 5403 1024 5471 est,
1071 5395 1359 5464 gloriosum
1402 5409 1706 5458 sanctorum

150 5493 448 5554 martyrum
486 5481 835 5550 triumphum,
882 5485 973 5554 qui
1019 5483 1409 5543 ferventissima
1449 5491 1709 5546 charitate

151 5583 245 5642 per
283 5571 488 5630 ferrum
527 5568 876 5643 ﬂammasque
917 5576 983 5631 ad
1027 5584 1080 5630 te
1127 5577 1356 5633 transire
1399 5595 1530 5638 non-
1554 5584 1707 5638 dubi-

153 5664 282 5718 lant.

1891 4685 2051 4740 Vens.
2091 4689 2142 4741 8.
2161 4719 2228 4727 —
2247 4689 2410 4744 Soror
2431 4705 2608 4747 nostra
2628 4709 2879 4764 parua,et
2905 4705 3058 4754 ubera
3074 4718 3176 4757 non
3202 4706 3374 4774 habet,

1783 4793 1792 4802 ί
1817 4773 2212 4841 ᾳυίά.[ασίεγηυε
2234 4782 2400 4831 sorori
2430 4787 2691 4838 nostrain
2714 4788 2816 4850 die,
2837 4791 3042 4858 quando
3067 4791 3379 4865 alloquenda

1817 4864 1933 4916 est?
1960 4864 2137 4919 Prima
2179 4871 2445 4924 nascentis
2472 4872 2722 4929 Ecclesia:
2748 4876 2813 4930 de
2851 4880 3096 4946 gentibus
3134 4864 3373 4952 tempora

1819 4953 2082 5023 signiﬁcat
2106 4955 2262 5028 [Cod.
2302 4957 2416 5012 Vat.
2447 4971 2492 5011 et
2525 4961 2620 5025 al.,
2647 4965 2930 5038 designat],
2957 4972 3167 5038 quando
3200 4973 3373 5030 adhuc

1814 5051 1868 5097 et
1897 5058 2059 5112 parva
2108 5040 2212 5099 fuit
2253 5063 2491 5112 numero,
2535 5060 2590 5104 et
2635 5054 2811 5110 minus
2851 5057 3039 5113 idonea
3081 5062 3374 5128 praedicare

1813 5136 2033 5190 verbum
2070 5137 2228 5209 407
2255 5143 2405 5208 quasi
2451 5142 2690 5213 Sponsus
2718 5149 3008 5220 Synagoga:
3057 5152 3279 5206 dixisset
3309 5157 3375 5209 de

1811 5238 1870 5278 ea
1901 5227 2084 5291 ::Quid
2109 5230 2357 5295 faciemus
2377 5235 2542 5288 sorori
2571 5247 2755 5291 nostra
2780 5241 2831 5291 in
2861 5241 2964 5302 die,
3002 5241 3207 5307 quando
3237 5243 3371 5296 allo-

1810 5316 2012 5382 quenda
2030 5328 2101 5369 est
2121 5320 2145 5370 ἔ)
2166 5336 2227 5372 ac
2255 5322 2297 5373 si
2326 5332 2508 5390 aperte
2533 5325 2695 5390 dicat,
2719 5343 2885 5394 parva
2905 5329 3115 5397 quidem
3146 5348 3367 5390 numero

1809 5411 1889 5456 est
1914 5403 2142 5459 Ecclesia
2163 5409 2418 5474 gentium,
2450 5419 2504 5464 et
2524 5413 2748 5467 necdum
2778 5414 2881 5486 [ΑΙ.
2918 5417 3022 5470 add
3086 5419 3186 5490 ad]
3218 5425 3368 5478 verbi

1809 5495 2119 5562 mysterium
2152 5496 2300 5567 [Cod.
2342 5497 2478 5561 ναις,
2506 5501 2882 5579 ministerium]
2919 5508 3095 5562 subire
3133 5509 3357 5579 suﬁicit;

1807 5583 1934 5648 quid
1963 5597 2090 5652 ergo
2120 5584 2214 5638 tibi
2237 5587 2464 5652 videtur,
2488 5604 2520 5644 o
2548 5588 2845 5662 Synagoga,
2874 5595 2937 5648 de
2963 5609 3145 5649 sorore
3171 5595 3363 5654 facien~

1808 5673 1929 5729 dum
1961 5683 2164 5738 nostra,
2188 5679 2398 5746 quando
2427 5681 2739 5750 alloquenda
2764 5692 2865 5747 est,
2898 5682 2948 5737 id
2969 5695 3075 5748 est,
3097 5700 3193 5756 per
3213 5692 3368 5746 verbi

219 5789 244 5818 ι
267 5776 399 5834 Cod.
433 5775 555 5834 Vat.
581 5793 595 5833 :
630 5776 866 5854 (Sancti
891 5792 1014 5835 vero
1055 5781 1218 5837 totius
1247 5778 1597 5839 substantiam
1625 5798 1722 5855 pro
1754 5783 2047 5842 dilectionis
2075 5786 2435 5857 magnitudine
2463 5789 2614 5856 quasi
2640 5789 2768 5845 nihil
2789 5792 3168 5864 despiciebant.
3201 5820 3220 5853 ›
