4338 6440
747 470 846 524 665

1554 475 1609 527 B.
1653 477 1711 528 r.
1755 438 1977 532 ALlitNl
2016 477 2146 534 seu
2187 477 2458 536 ALCUINI
2497 481 2778 542 OPERL‘M
2817 485 2997 541 rans
3034 485 3093 540 ιι.

3883 493 3979 548 664

743 603 1100 660 ministerium
1153 608 1390 660 ducenda
1446 609 1498 661 in
1552 610 1744 665 fidem?
1773 613 2067 683 Synagogae
2113 618 2311 671 tacenti
2346 599 2387 656 Α
2416 613 2456 650 θλ

2273 618 2311 671 ιε
2346 599 2387 656 Α
2416 601 2593 652 omnia
2650 599 2881 670 reliquit.
2923 600 3177 668 Argentei
3225 615 3322 669 pro
3364 604 3507 656 omni
3566 605 3787 675 pecunia
3847 610 3981 663 acci-

741 696 853 764 ipse
883 695 1144 764 Sponsus,
1181 697 1306 765 quid
1333 699 1448 754 tieri
1481 701 1694 766 debeat,
1719 705 1994 774 respondit
2032 722 2047 757 :

812 783 974 840 Vsus.
1027 787 1165 842 9.—
1195 788 1257 843 Si
1303 805 1485 842 murus
1528 800 1625 853 est,
1665 791 1985 860 a‘di/icemus
2017 809 2172 864 super
2199 809 2315 846 eum

2418 699 2656 754 ptunttlr.

2489 777 2650 833 Vens.
2691 780 2776 834 12.
2795 811 2866 821 —
2896 781 3057 837 Vinea
3081 801 3194 838 mea
3231 802 3405 840 coram
3435 802 3515 841 me
3534 798 3627 841 est.
3653 787 3721 843 Et
3745 788 3862 846 hate
3882 803 3983 845 vox

735 876 1128 944 propugnacula
1155 889 1419 948 argentea.
1443 880 1519 934 Ac
1546 880 1590 934 si
1615 881 1832 945 diceret,
1855 885 1898 937 si
1927 884 2133 952 aliquos
2154 885 2316 938 habet
2417 864 2609 934 S90115i
2639 877 2739 924 εει·
2773 871 2972 926 verum
2999 874 3100 928 elSi
3128 881 3181 928 le
3209 873 3328 929 aliis
3356 876 3725 931 commendem
3747 879 3981 933 Custodi-

736 967 788 1017 in
817 979 878 1019 se
898 965 1064 1020 fortes
1086 967 1140 1021 in
1163 968 1287 1033 fide,
1314 971 1393 1024 vel
1417 971 1590 1026 claros
1615 973 1850 1042 ingenio,
1873 973 1956 1027 vel
1981 974 2311 1044 philosophia

736 1055 1044 1118 instructos,
1077 1058 1336 1113 addemus
1366 1061 1471 1114 illis
1505 1063 1904 1130 propugnacula
1943 1071 2216 1132 argentea,
2260 1064 2311 1118 id

733 1155 832 1206 est.
854 1146 1131 1200 scientiam
1149 1149 1450 1203 divinarum
1476 1149 1898 1220 Seriptnrarnm,
1926 1162 1984 1207 ut
2013 1169 2077 1208 eo
2102 1154 2310 1208 facilius

731 1237 939 1302 possint
960 1239 1123 1292 tutari
1151 1239 1392 1295 inlirmos
1416 1251 1576 1312 atque
1605 1243 1869 1298 indoctos.
1907 1243 1967 1298 Si
1997 1246 2183 1297 ostium
2210 1255 2306 1308 est,

729 1328 1120 1397 cainpiugamus
1146 1329 1278 1381 illud
1307 1331 1500 1384 tabulis
1521 1332 1765 1386 ccdriuis.
1803 1331 1858 1386 Si
1886 1333 1992 1386 sint
2015 1332 2306 1401 simplices,

731 1426 910 1470 tamen
959 1418 1184 1472 docendi
1239 1420 1416 1473 studio
1465 1421 1755 1486 inhiantes,
1806 1435 2168 1492 proponamus
2205 1422 2307 1476 illis

729 1506 970 1572 priorum
1001 1508 1245 1576 exempla
1272 1508 1562 1578 iustorum,
1593 1527 1700 1580 quo
1735 1513 1936 1567 certius
1960 1521 2014 1566 ct
2039 1512 2307 1568 ellicacius

726 1595 950 1650 docendi
981 1612 1118 1667 Opus
1144 1598 1366 1668 implere
1389 1603 1613 1669 possint.
1644 1603 1825 1665 Ccdri.
1844 1604 2069 1658 virtutes
2092 1615 2306 1659 sancto-

725 1701 867 1749 rum,
893 1695 948 1739 et
983 1688 1177 1744 tabula:
1210 1690 1546 1747 latitudinem
1575 1694 1856 1748 charitatis
1887 1694 2189 1762 designant.
2222 1695 2303 1750 Ad

723 1775 838 1830 lucc
865 1777 980 1848 ipsa
1010 1781 1296 1850 respondet
1317 1779 1579 1837 EcClesia.

797 1866 958 1923 \‘sns.
994 1869 1294 1940 tO.—Ego
1323 1889 1524 1928 murus.
1567 1873 1678 1944 Ego
1727 1875 1791 1928 de
1839 1875 1975 1930 vivis
2020 1886 2296 1946 compacta

721 1970 836 2008 sum
867 1954 1153 2024 lapidibus,
1187 1967 1241 2012 et
1267 1959 1473 2027 glutino
1499 1963 1784 2016 charitatis
1809 1964 2066 2027 adunata,
2113 1974 2168 2018 et
2203 1980 2296 2018 su-

720 2059 816 2112 per
837 2043 1243 2102 fundamentum
1271 2049 1543 2105 immobile
1571 2051 1853 2105 :edificata.
1889 2051 1957 2104 Et
1999 2054 2156 2106 ubera
2183 2071 2298 2108 mea

714 2135 848 2186 sicut
872 2137 1056 2201 tim-is,
1083 2154 1148 2191 ca:
1173 2155 1276 2207 quo
1302 2139 1442 2206 facta
1463 2156 1576 2192 sum
1601 2156 1774 2193 coram
1801 2156 1877 2204 eo,
1904 2140 1956 2195 id
1982 2153 2086 2207 est,
2111 2143 2298 2198 docto-

714 2239 802 2278 rcs
834 2224 1038 2279 habens
1079 2225 1404 2282 fortissimos
1447 2244 1545 2283 ccu
1592 2229 1777 2294 turris,
1815 2231 1906 2299 qui
1945 2240 2000 2285 et
2044 2233 2295 2300 parvulos

713 2314 922 2368 nutrire
948 2315 1125 2370 sciunt
1150 2325 1205 2370 et
1229 2317 1408 2372 omnia
1435 2317 1650 2388 maligni
1677 2319 1854 2388 jacula
1904 2321 2193 2388 expellere.
2227 2321 2295 2374 Et

711 2407 812 2460 hoc
841 2406 972 2460 mihi
1002 2407 1198 2462 accidit
1243 2423 1310 2462 ex
1356 2423 1422 2463 co
1474 2418 1733 2478 tempore,
1789 2424 1896 2478 quo
1925 2409 2174 2464 Christus
2208 2427 2294 2466 me

711 2496 1100 2561 reconciliavit,
1133 2495 1210 2568 [et
1237 2513 1424 2566 pacem
1457 2511 1553 2565 per
1581 2512 1703 2550 eum
1754 2496 1971 2568 reperi].
2003 2497 2167 2563 Quasi
2192 2515 2288 2565 pa-

707 2603 814 2639 ccm
840 2588 1116 2656 reperiens.
1147 2587 1278 2653 Quia
1303 2588 1412 2656 ipsc
1434 2597 1513 2641 cst
1544 2602 1645 2657 pax
1675 2603 1817 2648 vera,
1840 2587 2040 2644 faciens
2065 2599 2292 2658 utraque

710 2691 895 2730 ιηιυηι.

779 2767 939 2821 Vens.
986 2769 1151 2822 ll.—
1176 2768 1336 2825 Vinea
1364 2771 1462 2841 fuit
1498 2773 1717 2842 paciﬁca
1754 2774 1808 2825 in
1855 2789 1938 2836 eo,
1986 2789 2104 2842 qum
2139 2773 2289 2827 habet

704 2856 941 2924 populus.
975 2858 1163 2920 Vinea,
1184 2859 1234 2913 id
1255 2868 1354 2920 est,
1375 2861 1638 2914 catholica
1667 2860 1904 2914 Ecclesia
1931 2860 2106 2915 fructu
2125 2863 2290 2916 almu-

707 2945 840 2996 dans
872 2943 1015 3008 lidei,
1068 2945 1170 2999 fuit
1215 2947 1456 3016 paciﬁco,
1512 2948 1564 3003 id
1611 2958 1695 3002 cst
1719 2949 1957 3012 Chrislo,
1992 2950 2083 3017 qui
2105 2951 2286 3003 omnia

705 3031 1010 3099 pacilicavit
1038 3035 1090 3089 in
1123 3036 1275 3090 cmlis
1304 3045 1357 3090 et
1383 3037 1439 3090 in
1469 3037 1627 3091 terris
1655 3038 1709 3089 in
1739 3050 1799 3090 ea
1847 3038 2282 3106 congregatione,

702 3138 822 3189 qua:
878 3122 1074 3176 multos
1123 3127 1349 3194 populos
1393 3125 1630 3193 possedit
1683 3139 1746 3178 ex
1777 3133 1887 3179 toto
1913 3125 2062 3186 orbe,
2096 3139 2202 3178 non
2231 3126 2284 3179 in

701 3213 886 3268 Judma
914 3215 1104 3270 solum.
1143 3216 1380 3271 Tradidit
1418 3235 1531 3272 eam
1573 3219 1895 3282 custodibus,
1926 3217 2202 3286 prophetis
2230 3226 2286 3272 et

704 3304 982 3374 apostolis,
1029 3306 1111 3360 vel
1167 3307 1424 3378 angelicis
1463 3309 1830 3378 dignitatibus.
1883 3306 1980 3359 Vir
2007 3309 2159 3375 aﬂ'ert
2186 3324 2282 3377 pro

703 3397 878 3462 fructu
915 3396 1030 3464 ejus
1076 3396 1218 3449 mille
1257 3407 1543 3466 argenteos.
1594 3397 1648 3450 Id
1673 3405 1775 3459 est,
1802 3411 1899 3466 pro
1929 3397 2282 3451 retributione

701 3490 902 3535 interna
930 3481 1088 3550 huius
1130 3484 1318 3550 vincar,
1357 3484 1512 3540 aﬂ‘ert
1539 3485 1684 3541 mille
1730 3495 2047 3553 argenteos;
2089 3485 2143 3538 id
2175 3493 2279 3549 est,

700 3589 799 3641 pro
827 3576 1178 3644 acquisitione
1202 3579 1348 3645 regni
1377 3577 1633 3641 caelestis,
1649 3577 1839 3645 quiest
1863 3574 2069 3628 fructus
2090 3574 2278 3637 vineae,

702 3677 920 3732 cuncta,
950 3683 1070 3737 qua:
1099 3671 1282 3722 mundi
1313 3677 1458 3733 sunt,
1482 3669 1719 3738 reliquit.
1747 3667 2076 3721 Millenarius
2096 3681 2284 3721 nume-

701 3772 794 3814 rus
838 3772 938 3827 pro
985 3757 1313 3828 perfectione
1360 3759 1593 3830 ponitur,
1626 3759 1676 3814 id
1707 3768 1790 3816 est
1819 3756 1933 3821 [Ρη
1963 3757 2151 3829 illius],
2191 3756 2280 3825 qui

2308 3259 2355 3320 ϐ

2414 956 2532 1019 Lus,
2563 963 2742 1011 tamen
2772 966 2823 1012 te
2853 975 3069 1030 semper
3111 961 3166 1014 in
3213 977 3330 1016 mea
3371 961 3542 1017 habeo
3569 965 3873 1032 prmscntia,
3906 966 3983 1018 vi-

2412 1045 2545 1100 dens
2569 1054 2625 1100 et
2652 1063 3001 1104 remunerans
3028 1050 3228 1106 laboris
3255 1051 3332 1106 tui
3372 1052 3707 1108 devotionem
3734 1055 3786 1108 in
3811 1055 3984 1109 omni-

2409 1135 2529 1192 bus.
2551 1135 2697 1191 Jlille
2718 1140 2795 1191 tui
2813 1139 3040 1208 paciﬁci.
3068 1139 3209 1194 Mille
3234 1141 3330 1206 tui,
3354 1142 3690 1208 subauditur,
3712 1142 3980 1216 argentei;

2408 1225 2561 1294 quasi
2588 1226 2834 1292 dixisset,
2859 1228 2950 1296 qui
2977 1244 3076 1297 pro
3099 1245 3284 1284 amore
3329 1245 3449 1286 meo
3467 1238 3658 1287 cuncta
3679 1245 3774 1287 sua
3804 1233 3986 1288 dimit-

2409 1323 2548 1379 tunt,
2579 1316 2631 1369 in
2676 1330 2810 1384 pace
2850 1318 3052 1372 habent
3098 1327 3390 1386 reservata,
3431 1319 3741 1392 signiﬁcans
3774 1319 3981 1394 simpli-

2405 1407 2581 1461 ciores
2613 1406 2666 1460 in
2715 1408 2974 1485 Ecclesia,
3005 1412 3350 1485 quiomncm
3407 1413 3763 1478 substantiam
3803 1430 3979 1479 suam,

2405 1496 2707 1552 millenario
2753 1496 2979 1554 numer’o
3022 1501 3378 1572 designatam,
3431 1518 3529 1572 pro
3582 1503 3845 1561 eharitate
3885 1504 3980 1560 Dei

2402 1590 2672 1665 amittunt.
2706 1590 2774 1643 Et
2811 1590 3019 1644 ducenti
3046 1591 3146 1654 Itis,
3169 1593 3258 1661 qui
3286 1593 3584 1646 custodiunt
3607 1594 3808 1662 fructus
3840 1597 3976 1666 ejus.

2402 1677 2589 1742 ldcst,
2619 1679 2861 1748 argentei
2883 1679 2985 1743 bis,
3013 1679 3103 1749 qui
3135 1680 3444 1734 custodiunt
3487 1679 3692 1736 fructus
3716 1683 3864 1752 ejus;
3885 1683 3978 1753 qui

2401 1777 2525 1823 sunt
2553 1769 2802 1824 doctores
2829 1770 3022 1835 sancti,
3053 1772 3144 1840 qui
3169 1771 3348 1826 omnia
3379 1771 3564 1827 mundi
3603 1773 3898 1839 dimittunt,
3923 1785 3982 1830 et

2402 1865 2454 1916 in
2478 1863 2643 1916 verbo
2665 1863 3061 1932 praedicationis
3102 1863 3348 1918 laborare
3378 1879 3484 1918 non
3514 1872 3747 1919 cessant.
3779 1864 3843 1918 Hi
3869 1865 3970 1920 du-

2400 1955 2524 2025 plici
2555 1957 3005 2024 remuneratione,
3033 1971 3153 2026 qua:
3181 1957 3496 2011 ducentario
3520 1957 3851 2027 designatur,
3886 1959 3979 2013 do—

2400 2055 2600 2102 nantur
2625 2049 2762 2117 apud
2788 2063 2892 2103 me.
3849 2113 3874 2123 ,-

2467 2138 2632 2193 "ens.
2670 2139 2755 2193 15.
2777 2169 2846 2177 -
2873 2137 2976 2204 Qui
3019 2139 3224 2193 habitas
3252 2140 3306 2192 in
3343 2140 3529 2204 hortis,
3580 2155 3734 2193 armet
3767 2142 3981 2194 auscul-

2394 2238 2527 2282 tant.
2560 2227 2695 2294 Quia
2725 2228 2920 2284 locutio
2950 2238 3132 2285 nostra
3166 2229 3396 2285 finienda
3445 2239 3548 2293 est,
3597 2232 3700 2286 hoc
3728 2231 3976 2286 ultimum

2394 2317 2512 2372 vale
2540 2332 2570 2370 a
2597 2330 2683 2371 me
2709 2318 2908 2372 audito.
2962 2317 3186 2387 Semper
3230 2318 3436 2372 habitat
3485 2314 3652 2388 [ϐοά.
3706 2315 3846 2381 Vat.,
3880 2319 3980 2372 ha-

2393 2407 2531 2480 bita]
2552 2409 2605 2464 in
2637 2411 2812 2465 hortis
2840 2411 3122 2474 virtutum,
3153 2419 3206 2463 et
3251 2410 3388 2464 scito
3426 2411 3774 2480 quod'amici,
3809 2411 3860 2466 id
3888 2421 3974 2466 est

2393 2499 2620 2569 angelici
2647 2500 2870 2569 spiritus
2896 2507 2952 2554 et
2974 2499 3169 2554 animae
3193 2506 3521 2563 sanctorum,
3541 2515 3756 2571 semper
3777 2509 3830 2556 te
3849 2517 3977 2556 con-

2392 2591 2632 2644 siderant
2666 2598 2720 2643 et
2761 2597 2854 2644 tuo
2904 2589 3139 2661 gaudent
3187 2589 3452 2658 profectu.
3512 2588 3624 2643 Fac
3670 2606 3751 2644 me
3790 2592 3979 2645 audire

2305 2719 2311 2726 .
2392 2694 2562 2732 vocem
2586 2688 2752 2732 tuam.
2777 2679 2846 2733 ld-
2861 2687 2965 2741 est,
3000 2694 3102 2732 vox
3155 2679 3570 2748 prtedieationis,
3597 2687 3855 2747 quantum
3881 2692 3978 2732 va-

2389 2771 2491 2835 les,
2533 2785 2748 2839 semper
2793 2769 3044 2824 audiatur
3087 2783 3117 2822 a
3174 2781 3280 2824 me.
3337 2767 3420 2824 Ad
3470 2769 3586 2824 hzec
3632 2783 3827 2840 sponsa
3859 2781 3975 2824 res-

2389 2861 2574 2931 pondit
2611 2878 2624 2913 :

2461 2950 2625 3004 Vens.
2672 2949 2757 3002 M.
2780 2980 2846 2990 -—
2869 2949 3036 3020 Fuge,
3061 2949 3246 3006 dilecte
3267 2949 3354 3012 mi,
3383 2959 3431 3003 et
3461 2950 3752 3004 assimilare
3770 2965 3974 3021 capreis

2387 3039 2708 3109 [tinnulaque
2730 3056 2995 3093 cervorum
3021 3056 3178 3109 super
3221 3048 3418 3092 montes
3459 3047 3770 3092 aromatum.
3813 3036 3890 3092 Ac
3923 3039 3969 3092 si

2386 3135 2572 3194 aperte
2592 3127 2734 3180 dicat
2759 3126 3013 3194 quoniam
3036 3127 3090 3180 in
3119 3140 3285 3180 carne
3320 3140 3584 3196 apparens
3614 3136 3877 3196 prmeepta
3905 3143 3970 3182 ac

2387 3217 2524 3270 dona
2552 3217 2684 3295 vite
2704 3217 2836 3272 mihi
2865 3216 3048 3282 tulisti,
3071 3233 3215 3272 nunc
3243 3216 3330 3271 his
3356 3217 3587 3287 peractis
3617 3224 3885 3272 revertere
3914 3217 3967 3271 in

2386 3307 2563 3362 sinum
2591 3307 2770 3362 Patris
2795 3305 2849 3378 [ο
2878 3308 2950 3360 mi
2985 3306 3188 3371 dilecte,
3225 3305 3519 3360 assimilare
3547 3321 3745 3376 capreis
3777 3305 3968 3359 hinnu-

2387 3398 2538 3466 loque
2560 3411 2825 3450 cervorum
2846 3413 2992 3467 super
3026 3405 3225 3450 montes
3260 3395 3599 3467 aromatum].
3625 3396 3690 3448 Et
3708 3397 3810 3450 hoc
3832 3394 3968 3449 mihi

2388 3487 2458 3539 sit
2487 3484 2760 3550 solatium,
2787 3484 2928 3554 quod
2952 3499 3073 3538 cum
3121 3485 3373 3540 continua
3403 3485 3609 3538 visione
3639 3499 3742 3537 non
3769 3497 3970 3551 queam

2390 3573 2545 3646 [Cod.
2582 3573 2725 3638 Vat.,
2759 3573 2991 3646 nequeo]
3023 3582 3075 3627 te
3103 3587 3342 3638 cernere,
3383 3572 3572 3626 saltem
3602 3570 3793 3626 crebra
3839 3569 3966 3623 Visi-

2385 3665 2592 3719 tatione
2613 3677 2701 3717 me
2729 3662 2997 3718 consolari
3022 3661 3231 3731 dignari
3261 3660 3394 3716 velis
3420 3658 3574 3732 [ϐοά.
3621 3658 3756 3724 Vat.,
3785 3657 3967 3714 saltim

2386 3754 2576 3808 crebra
2606 3751 2814 3806 visione
2835 3764 2923 3805 me
2951 3749 3220 3805 consolari
3250 3747 3566 3820 memento].

702 3909 3950 3941 ________________________________________________._______..__

1735 4024 1902 4097 ωε
1931 4011 2316 4076 EPISTOLA
2364 4014 2473 4073 AD
2515 4013 2901 4093 DAPHNIN.

817 4162 914 4223 De
949 4161 1061 4222 illo
1113 4161 1375 4222 Cantieo
1411 4161 1800 4222 canticorum
1847 4159 1986 4222 loco
2028 4179 2042 4217 :
2097 4178 2120 4206 ι
2159 4156 2500 4233 Sexaginta
2545 4165 2690 4217 sunt
2745 4156 2971 4236 reginae
3017 4163 3074 4218 et
3120 4157 3441 4235 octoginta
3491 4153 3845 4216 concubina

2101 4255 2296 4332 (Cant.
2345 4269 2429 4324 vr,
2484 4255 2568 4335 7).

2168 4380 2465 4392 ————-—

1131 4465 1442 4524 MONlTUM
1479 4463 1635 4520 ΡΒᾸΞ
1647 4463 1829 4520 VIDI.

771 4617 1094 4671 Prtcsentem
1121 4615 1423 4684 epistolam,
1453 4611 2170 4684 seuAcomtnentatinnculam
2199 4611 2277 4665 civ-

701 4687 797 4740 tati
827 4701 891 4738 ex
918 4679 1168 4738 Canticis'
1187 4685 1306 4742 loci.
1339 4684 1513 4751 primo
1537 4680 1808 4751 Canisiu‘tn
1855 4691 1983 4751 tom.
2001 4679 2081 4751 δί
2121 4681 2272 4736 Lcct.

698 4753 907 4825 Antiq.,
935 4769 1056 4824 pag.
1075 4748 1374 4825 p.369-568,:
1396 4766 1508 4825 seu
1539 4759 1670 4804 tom.
1713 4748 1776 4825 _ll_
1812 4750 1944 4825 edit.
1966 4819 1978 4825 Δ
1999 4748 2270 4821 Basnagii,

698 4819 1044 4904 part.
1071 4821 1196 4904 5:“),
1212 4837 1277 4876 ex
1304 4820 1624 4904 bibliotheca
1648 4819 1978 4904 celeberrimi
2002 4819 2274 4904 [nonas—te-

700 4889 766 4948 rii
875 4889 1034 4953 Galli,
1049 4893 1277 4946 edidisse
1297 4891 1566 4955 creditur;
1594 4891 1840 4958 quamvis
1861 4890 2124 4942 Antonius
2139 4889 2274 4944 Pos—

700 4963 934 5024 sevinus,
966 4970 1094 5031 tom.
1119 4960 1136 5013 l
1162 4961 1414 5029 Apparat.
1447 4959 1618 5031 Sacri,
1651 4973 1769 5028 pag.
1794 4958 1883 5019 555,
1915 4958 2286 5031 antiquion

697 5033 1005 5089 editionem,
1035 5028 1226 5083 factam
1253 5043 1392 5082 anno
1420 5028 1575 5090 1568,
1605 5045 1707 5082 una
1735 5043 1856 5082 cum
1885 5029 2272 5084 commentario

701 5103 753 5154 in
799 5099 1062 5161 Psalmos,
1095 5105 1390 5153 recenseat.
1441 5096 1521 5150 Cl.
1569 5097 1933 5163 Qucrcetanus
1979 5096 2267 5152 editionem

699 5171 902 5224 Canisii
932 5177 1146 5224 secutus
1167 5175 1268 5228 est.
1299 5167 1549 5233 illamque
1576 5167 1715 5220 inter
1761 5165 1934 5231 Opera
1963 5166 2023 5218 Β.
2055 5165 2132 5219 Fl.
2183 5167 2272 5220 Al-

699 5241 843 5294 cuini
872 5238 1141 5293 reccnSuit
1165 5251 1229 5306 pa
1272 5276 1285 5288 .
1319 5235 1441 5291 506.
1473 5235 1643 5301 Quam
1688 5234 1978 5288 editionem
2011 5251 2107 5288 nos
2135 5252 2272 5304 quo-

702 5323 804 5358 nuc
828 5309 1119 5358 sequimur.
1153 5253 1400 5358 coliatam
1429 5321 1550 5358 cum
1578 5304 1746 5358 veteri
1795 5304 1980 5358 codice
2027 5320 2125 5356 ms.
2174 5305 2272 5358 Sa-

665 5350 670 5353 .
701 5323 804 5391 “ne
828 5309 1119 5387 sequimur,
1153 5304 1400 5391 collatam
1429 5304 1747 5391 cum-letori
1795 5304 1980 5391 codice
2027 5320 2125 5356 ms.
2166 5305 2274 5391 ἐπὶ·

701 5373 1040 5445 lisbttrgcnsi,
1066 5376 1207 5429 unde
1229 5377 1488 5445 quasdam
1509 5374 1816 5445 dilfercntcs
1837 5373 2093 5445 lectiones
2114 5375 2277 5445 adno-

703 5443 953 5500 tavimus.
997 5443 1333 5507 Jut'enis,'ni
1375 5445 1551 5512 fallor,
1582 5445 1657 5497 ait
1700 5444 1990 5512 Basnagius
2020 5443 2120 5512 loc.
2158 5444 2292 5507 cit.,'

701 5527 812 5568 erat
855 5517 1044 5577 adhuc.
1095 5529 1214 5568 cum
1254 5511 1389 5566 hanc
1426 5513 1694 5580 epistolam
1740 5511 1945 5582 scripsit
1991 5511 2277 5573 Aletrinas;

701 5585 887 5664 quippe
908 5586 1046 5664 inter
1071 5582 1360 5664 familiares
1387 5582 1596 5636 latitare
1617 5582 1879 5664 cupiebat,
1897 5582 2163 5638 doctorum
2176 5584 2270 5652 juo

703 5652 844 5706 dicio
872 5653 1240 5720 reformidans,
1263 5669 1354 5706 nec
1380 5666 1559 5706 eorum
1582 5652 1879 5719 conspcc'ui
1909 5666 2024 5705 sese
2046 5667 2276 5720 przescn-

707 5735 819 5776 tare
840 5719 1091 5778 audebat.
1111 5721 1277 5775 Parvi
1301 5735 1511 5791 quoque
1553 5719 1810 5776 momenti
1854 5734 1974 5774 esse
2000 5721 2136 5776 hanc
2162 5723 2274 5791 epi-

2378 4435 2573 4559 ﬁniam
2605 4443 2828 4557 cgtbscnt
2853 4435 3143 4556 sciriptores
3167 4432 3306 4488 Hist.
3348 4433 3452 4488 litt.
3493 4432 3736 4488 Francia:
3758 4474 3774 4500 ,
3825 4441 3958 4489 tom.

2455 4547 2469 4559 .
2500 4520 2622 4559 οδε.
2721 4523 2773 4559 a.
2804 4521 2858 4558 n.
2931 4543 2945 4556 .
3941 4558 3944 4559 γ

2455 4547 2469 4566 ,
2500 4520 2622 4566 pag.
2650 4520 2773 4565 auo,
2804 4521 2858 4558 n.
2891 4520 2945 4556 υ.
3939 4558 3944 4563 ,

2454 4520 3168 4642 ὺέδῗίειῖἷΐῖἱῦερὶιὶηἰ
3198 4573 3378 4628 omnia
3426 4572 3582 4627 nobis
3619 4573 3821 4642 ignota,
3853 4558 3959 4642 nisi

2382 4644 2524 4714 quod
2550 4639 2759 4714 Λιοὺίῃὶ
2789 4640 2951 4714 fuerit
2971 4639 3283 4714 discipulus,
3311 4643 3396 4714 cui
3422 4656 3577 4714 suum
3613 4639 3852 4714 dolorem
3890 4639 3958 4694 de

2457 4727 2639 4767 rversa
2674 4712 2887 4767 vivendi
2917 4708 3142 4775 ratione,
3169 4713 3256 4766 cui
3283 4711 3420 4765 alter
3439 4710 3754 4778 discipulus,
3782 4708 3971 4764 Cucu-.

2406 4799 2468 4861 us
2512 4783 2748 4861 nomine.
2804 4797 2862 4861 se
2903 4782 3139 4842 dederat,
3185 4779 3523 4861 signiﬁcavit,
3572 4794 3730 4861 quiem
3759 4778 3959 4861 plangit

2384 4793 2468 4838 lus
2512 4797 2748 4844 nomine,
2804 4797 2862 4836 se
2903 4793 3139 4842 dederat,
3185 4793 3523 4849 signtncavtt,
3572 4794 3730 4901 gnem
3759 4793 3951 4902 plangit

2382 4851 2640 4920 singulari
2667 4851 2927 4912 carmine,
2951 4864 3048 4903 suo
3068 4863 3282 4917 quoque
3307 4846 3424 4903 loco
3465 4863 3532 4901 ex
3628 4849 3850 4903 nalectis
3937 4885 3951 4901 .

2385 4919 2673 4973 Mabillonii
2694 4920 3014 4973 exhibendo.

2437 4934 2673 4973 auntonn
2694 4934 3014 4973 exnmenau.

2454 5010 2812 5065 Dilectissimo
2840 5008 2949 5063 lilio
2974 5023 3094 5064 meo
3114 5008 3344 5080 Daphini
3362 5008 3513 5082 [.lfs.,
3534 5006 3784 5079 Daphni],
3808 5004 3955 5062 Albi-

2379 5118 2482 5158 nus
2511 5101 2672 5166 Pater
2699 5101 2945 5155 salutem.

2445 5189 2580 5256 Quia
2608 5188 2816 5258 pridem
2845 5189 2912 5243 de
2934 5202 3282 5243 numerorum
3304 5189 3514 5243 ratione
3538 5200 3745 5240 mecum
3773 5183 3952 5255 egisti,

2379 5282 2717 5351 interrogans
2743 5280 3014 5348 quomodo
3044 5279 3096 5333 in
3122 5277 3570 5340 excellentissimo
3601 5277 3822 5333 Cantico
3853 5274 3954 5350 Sa:

2379 5371 2608 5424 lomonis
2627 5368 3010 5438 sexagenarius
3036 5382 3290 5423 numerus
3325 5365 3524 5434 reginis
3548 5366 3876 5429 conveniret,
3895 5370 3952 5418 et

2379 5458 2761 5529 octogenarius
2785 5459 3118 5522 concubinis,
3169 5465 3226 5512 et
3267 5470 3364 5510 cur
3405 5454 3810 5512 adolescentium
3832 5453 3950 5508 sine

2383 5561 2608 5601 numero
2629 5555 2810 5602 essent
2838 5565 2850 5601 :
2880 5548 3046 5619 igitur
3067 5554 3124 5601 et
3148 5546 3194 5600 si
3224 5546 3462 5600 noverim
3489 5555 3542 5601 te
3560 5545 3770 5621 plenam
3787 5538 3945 5617 [Hs.,

2374 5637 2689 5708 plenariam]
2719 5637 2879 5706 hujus
2904 5638 3165 5693 rationem
3189 5636 3245 5690 in
3264 5645 3572 5693 sanctorum
3592 5633 3811 5689 Patrum
3835 5642 3942 5690 tra-

2374 5719 2606 5782 ctatibus
2636 5727 2850 5799 legisse,
2885 5733 3066 5781 tamen
3087 5741 3156 5782 ne
3177 5733 3324 5782 tuam
3342 5725 3656 5782 eontristem
3681 5724 3940 5786 sollicitua

776 5847 798 5872 ⁸
831 5836 888 5893 In
918 5836 1047 5895 Cod.
1078 5853 1178 5894 ms.
1209 5835 1402 5896 Salisb.
1448 5839 1632 5896 titulus
1659 5858 1668 5892 :
1703 5838 1778 5894 De
1815 5840 2151 5908 πατρωαν-ἑο
2178 5857 2392 5895 numero
2415 5842 2728 5911 reginarum,
2757 5821 2805 5895 ἐξ
2827 5843 3154 5912 octogenario
3174 5839 3600 5898 concubinarum.
