4338 6440
693 458 789 515 CC?

1534 465 1591 516 Β.
1625 466 1684 517 l".
1716 466 1940 518 ALBINI
1983 464 2111 517 Slil’
2148 457 2421 539 εξιςυικι
2460 459 2744 513 ΟΡιίιὶιρΜ
2785 461 2962 513 PARS
2999 458 3055 519 Π.

3842 460 3940 514 668

695 572 1032 629 bibliothecze
1059 584 1273 633 nostrte,
1308 578 1615 629 monasterii
1642 576 1845 629 scilicet
1866 576 2035 627 Sancti
2060 574 2263 625 iltnzne-
2295 573 2334 623 Λ
2365 570 2576 635 genium
2602 610 2614 631 ,
2657 586 2720 622 ne
2765 569 2930 623 nimio
2952 583 3134 622 amore
3174 567 3436 624 studeatis
3481 570 3720 632 caducis,
3751 578 3807 623 et
3831 570 3943 623 cito

696 644 959 713 ratniani;
996 646 1159 713 (cujus
1204 646 1366 697 etiam
1417 661 1517 713 ope
1560 645 1836 713 pta-fatain
1881 645 2186 713 ρίΙΛὶυιιειιιΔ

695 710 965 778 aliquibus
994 710 1126 766 locis
1156 710 1577 771 emendationis,
1606 730 1667 766 ac
1696 714 2003 766 dill‘erentes
2045 722 2097 765 et
2143 710 2266 762 alibi

694 781 1008 833 deﬁcientes
1036 783 1291 835 lectiones
1321 784 1692 835 adnotavimus
1713 824 1725 841 ,
1752 797 2043 847 versusque
2080 782 2130 832 in
2165 779 2266 830 line

694 849 936 916 cpistolze
961 850 1271 917 adjecimus.
1307 853 1486 904 liilem
1518 854 1686 904 codici
1738 862 1919 902 nostro
1956 853 2039 902 hie
2085 849 2268 899 titulus

695 918 947 988 pnelixus
976 931 1092 973 est:
1126 920 1316 988 Incipit
1364 921 1632 987 Expositio
1677 921 1846 972 .llbini
1888 936 2042 985 super
2084 918 2263 969 Eccle—

695 987 921 1049 siasten;
951 990 1001 1041 in
1035 990 1139 1043 line
1170 999 1346 1042 tamen
1386 999 1496 1042 tres
1525 1000 1616 1041 aut
1643 998 1873 1057 quatuor
1902 989 2101 1039 ul1itnre,
2130 988 2269 1053 pagi-

694 1059 1000 1180 natzfexeisze
1026 1069 1182 1122 sunt;
1231 1074 1387 1126 quem
1419 1059 1681 1112 defectum
1717 1058 1850 1111 infra
1882 1074 1977 1111 suo
2015 1060 2129 1110 loco
2177 1073 2270 1107 no-

694 1134 751 1179 ta
790 1141 952 1180 Imus.

694 1134 952 1180 labimus.

1303 1216 1686 1271 ΡῐὶᾹῖΡᾹΊΊΟ.

766 1306 1140 1363 Dilectissimis
1166 1311 1219 1362 in
1242 1308 1456 1361 Christo
1484 1310 1622 1367 filiis,
1656 1308 1803 1362 Oni:c
1829 1308 2112 1367 sacerdoti,
2136 1306 2271 1359 Can-

694 1396 1189 1468 didopresbytero,
1222 1408 1277 1452 et
1310 1398 1623 1452 Nathanaeli
1658 1398 1806 1469 (315.,
1834 1400 2134 1469 Nathaheli]
2160 1400 2270 1450 dia-

694 1502 854 1551 cono,
878 1488 1101 1542 Albinus
1131 1499 1401 1559 perpeture
1423 1489 1798 1558 prosperitatis
1827 1490 1876 1541 in
1906 1490 2131 1542 Domino
2161 1486 2270 1542 Deo

698 1575 944 1630 salutem.

764 1660 1055 1731 Postquam
1085 1664 1149 1718 de
1178 1672 1415 1731 patenum
1441 1666 1658 1733 pietatis
1691 1665 1814 1718 nilo
1837 1666 1886 1717 in
1911 1666 2150 1733 pu‘diras
2174 1681 2270 1719 sae-

694 1752 955 1807 cularium
986 1755 1317 1822 negotiorum
1364 1754 1615 1809 evolastis
1659 1770 1848 1817 auras,
1898 1754 2094 1807 mentis
2136 1770 2269 1807 mea:

695 1845 994 1921 sollicitudo
1022 1856 1279 1909 vestram,
1308 1850 1557 1902 omnibus
1594 1864 1727 1918 pene
1754 1850 1919 1909 horis,
1957 1850 2266 1916 occupatio-

695 1951 818 1988 nem
847 1938 1099 1989 comitata
1121 1946 1223 1999 est,
1253 1946 1445 2005 aptans
1472 1954 1584 2003 vos,
1611 1937 1787 1991 divina
1819 1940 2051 1993 donante
2074 1939 2264 2009 gratia,

2369 660 2694 712 transitoriis
2724 660 2931 712 inhiare
2963 658 3179 719 divitiis,
3216 672 3336 727 quas
3373 658 3633 713 citissime
3673 657 3815 711 velut
3847 671 3937 710 vo-

2370 746 2541 801 latiles
2571 749 2824 801 recedunt
2853 748 3075 810 umbrtc,
3106 756 3161 800 et
3190 754 3277 810 ut,
3304 748 3348 802 si
3371 747 3500 816 quid
3530 748 3759 816 supersit
3781 748 3837 801 in
3860 747 3942 802 eis

2371 841 2672 893 necessario
2717 841 2837 893 vita:
2881 848 3071 893 vcstrze
3098 838 3254 910 41],
3288 840 3555 908 stipendio
3575 881 3590 905 ,
3616 842 3944 910 pauperibus

2369 928 2592 997 erogare
2627 929 2887 999 studentis
2914 948 2924 981 :
2957 931 3104 998 quia,
3147 938 3207 983 ut
3237 931 3378 984 idem
3408 928 3662 985 Salomon
3697 933 3770 986 ait
3796 950 3810 985 :
3841 930 3942 986 Re-

2370 1020 2592 1087 demptio
2622 1022 2810 1072 animm
2841 1022 2934 1073 viri
2954 1062 2965 1083 ,
2989 1021 3213 1089 propria:
3239 1021 3432 1075 divitia!
3459 1022 3576 1091 ejus
3601 1020 3780 1091 (Prov.
3817 1038 3941 1088 xm,

2370 1109 2445 1174 8).
2479 1108 2671 1161 Sedula
2702 1120 2880 1163 mente
2909 1111 3074 1179 ipsius
3106 1110 3312 1163 Domini
3345 1119 3590 1166 sanctum
3611 1111 3944 1168 considerate

2370 1210 2715 1267 perceptum,
2731 1216 2834 1267 quo
2858 1216 2953 1252 nos
2970 1200 3250 1252 admonuit"
3266 1201 3573 1256 cmlestibus
3593 1202 3762 1272 magis
3782 1217 3942 1271 quam

2374 1289 2600 1340 terrenis
2633 1288 2838 1340 inhiare
2862 1289 3349 1350 thesauris,diccns
3376 1307 3388 1342 :
3417 1289 3784 1343 Ἡροδίκην-ἕκατι
3803 1290 3944 1343 vobis

2371 1378 2637 1428 thesauros
2666 1378 2718 1428 in
2748 1376 2894 1441 (mlo,
2922 1378 3010 1429 ubi
3046 1393 3209 1447 neque
3241 1394 3441 1446 mrugo,
3477 1395 3638 1447 neque
3677 1380 3816 1432 tinea
3850 1379 3943 1433 de-

2370 1466 2604 1527 molitur,
2634 1476 2679 1517 et
2706 1467 2788 1517 ubi
2816 1467 2956 1534 {ures
2984 1482 3086 1520 non
3117 1467 3390 1533 e/Todinnt,
3429 1484 3519 1520 nec
3540 1468 3822 1536 furantur:
3852 1467 3940 1521 ubi

2370 1556 2504 1605 enim
2524 1564 2595 1606 est
2621 1555 2894 1607 thesaurus
2919 1563 3058 1617 tuus,
3084 1556 3153 1607 ibi
3176 1566 3248 1609 est
3271 1565 3317 1608 et
3343 1571 3434 1609 cor
3458 1565 3599 1607 tuum
3619 1555 3830 1623 (Matth.
3862 1571 3939 1618 Vt,

2368 1642 2479 1712 20).
2510 1642 2659 1696 lluuc
2687 1644 2947 1711 siquidem
2980 1644 3175 1697 librum
3204 1645 3567 1713 supradictum
3605 1659 3814 1713 semper
3842 1659 3942 1714 pro

2371 1735 2625 1801 magistro
2642 1734 2884 1787 habeatis
2912 1734 2963 1787 in
2984 1734 3249 1798 manibus,
3272 1743 3332 1787 ut
3356 1734 3573 1787 discatis
3601 1743 3809 1789 terrena
3837 1750 3944 1790 non

2372 1838 2575 1887 amare,
2599 1824 2693 1877 sed
2721 1825 2989 1887 coelestia;
3019 1824 3282 1879 dominari
3314 1826 3515 1879 divitiis
3534 1866 3550 1889 ,
3576 1841 3681 1879 non
3710 1827 3943 1891 servire;

2306 1894 2341 1948 Ῑῖ
2372 1914 2585 1967 laudem
2616 1930 2720 1968 non
2747 1930 2989 1984 qumrerc
3018 1924 3309 1979 terrenam,
3339 1917 3432 1971 sed
3460 1932 3488 1970 a
3518 1916 3693 1984 iudice
3709 1914 3950 1979 Christo,

694 2022 748 2076 in
780 2024 1042 2077 cbaritate
1070 2004 1323 2092 perfecta,
1360 2036 1667 2078 sanctarum
1686 2027 1857 2080 titulis
1882 2004 2141 2079 virtutuvm
2164 2025 2281 2079 Deo

2375 2004 2692 2058 miserorum
2722 2006 3080 2070 consolatore,
3104 2006 3387 2060 amabilem
3413 2006 3601 2061 audire
3624 2007 3949 2061 sententiam

693 2110 927 2179 placere,
947 2113 1290 2181 honestisque
1303 2116 1483 2168 vivere
1501 2116 1739 2168 moribus
1751 2130 1928 2168 coram
1946 2116 2270 2176 hominibus.

693 2208 749 2253 et
768 2202 908 2267 quod
928 2201 1188 2254 didicistis
1218 2204 1316 2255 sub
1339 2203 1436 2254 alis
1464 2213 1700 2271 paterna:
1722 2205 2055 2267 eruditionis,
2077 2204 2273 2257 nobili-

691 2287 795 2342 bus
820 2289 1105 2344 ostendere
1132 2291 1390 2344 moribus.
1421 2290 1530 2344 Nec
1559 2292 1715 2344 velim
1761 2294 2035 2361 sapientia:
2080 2292 2271 2353 decus,

691 2377 836 2445 quod
854 2377 1066 2433 habetis
1092 2380 1144 2431 in
1170 2380 1352 2443 corde,
1397 2380 1579 2434 saeculi
1610 2380 1889 2434 obscurari
1923 2382 2271 2445 vanitatibus,

691 2471 835 2525 inter
887 2486 1023 2540 quas
1068 2472 1255 2540 religio
1301 2482 1493 2525 vestra:
1555 2475 1981 2527 conversationis
2033 2473 2273 2543 fulgeat,

693 2559 847 2627 quasi
883 2559 1102 2613 claritas
1129 2559 1264 2614 lucis
1295 2561 1347 2614 in
1383 2561 1638 2615 tenebris.
1677 2561 1997 2614 Mementote
2026 2578 2121 2615 vos
2147 2563 2275 2615 alie-

692 2670 759 2707 na
813 2654 1146 2721 dispensare,
1200 2669 1306 2707 non
1358 2656 1575 2722 propria
1623 2655 1925 2723 possidere;
1979 2655 2046 2709 de
2083 2656 2276 2723 quibus

695 2743 811 2810 ipsa
840 2742 1053 2795 Veritas
1076 2742 1151 2794 ait
1183 2760 1195 2793 :
1228 2741 1289 2794 Si
1314 2743 1368 2794 in
1394 2742 1565 2795 alieno
1587 2742 1766 2808 ﬁdeles
1791 2761 1892 2797 non
1918 2744 2111 2813 fuistis,
2137 2746 2275 2813 quod

693 2841 918 2887 vestrum
949 2842 1045 2894 est,
1078 2833 1193 2901 quis
1218 2834 1362 2885 dabit
1407 2834 1546 2886 vobis
1572 2832 1721 2903 (Luc.
1753 2850 1843 2887 xvt
1863 2874 1876 2896 ,
1910 2835 2036 2903 l2)?
2075 2834 2277 2888 Aliena:

693 2930 821 2976 sunt
848 2936 876 2974 a
904 2922 1059 2975 nobis
1089 2921 1248 2990 hujus
1277 2922 1456 2975 saeculi
1505 2920 1817 2986 facultates,
1865 2923 1916 2976 id
1957 2931 2076 2987 est,
2123 2933 2276 2977 extra
2346 2962 2353 2967 -

692 3018 934 3064 nostram
960 3011 1079 3065 sita:
1104 3021 1374 3064 naturam.
1410 3010 1560 3064 Nihil
1588 3013 1724 3065 enim
1769 3012 2041 3067 intulimus
2063 3015 2115 3067 in
2139 3016 2276 3067 hunc

695 3098 979 3162 mundum,
1024 3100 1166 3153 haud
1213 3101 1428 3153 dubium
1457 3103 1581 3171 quia
1602 3119 1694 3155 nec
1721 3103 1929 3171 auferre
1948 3102 2072 3171 quid
2094 3119 2278 3172 possu-

696 3204 812 3241 mus
837 3187 890 3258 (Ι
918 3187 1051 3242 Tim.
1086 3205 1162 3253 vt,
1192 3191 1265 3259 τ).
1298 3189 1491 3243 Nostra
1536 3200 1713 3245 autem
1744 3193 2012 3261 possessio
2048 3209 2268 3265 regnum
2299 3210 2348 3272 ο

694 3279 974 3342 caelorum,
1008 3289 1188 3333 nostra
1221 3280 1328 3332 vita
1355 3278 1602 3334 Christus
1622 3290 1723 3346 est,
1752 3290 1950 3336 ucstra:
1987 3298 2115 3351 opes
2149 3292 2273 3337 sunt

694 3364 1054 3435 spiritualium
1096 3381 1323 3435 operum
1354 3366 1561 3421 fructus
1584 3386 1596 3420 :
1621 3383 1755 3437 quas
1788 3385 2115 3440 congregare
2142 3387 2270 3438 vos,

693 3454 790 3511 ﬁlii
820 3457 1152 3521 charissimi,
1180 3457 1324 3511 omni
1351 3458 1645 3513 intentione
1670 3460 1963 3525 exhortor}:
1994 3476 2091 3515 nec
2119 3461 2171 3514 in
2194 3462 2277 3515 in-

694 3553 845 3600 certo
897 3545 1206 3600 divitiarum
1250 3562 1486 3616 sperare,
1528 3546 1648 3618 quae
1690 3557 1784 3603 aut
1827 3552 2079 3603 deserunt
2105 3553 2277 3620 possi-

695 3639 928 3703 dentem,
956 3648 1050 3694 aut
1071 3656 1101 3693 a
1126 3641 1436 3708 possidente
1460 3642 1799 3695 deseruntur.
1820 3643 1879 3696 In
1903 3659 2056 3711 quas,
2081 3647 2277 3700 mentis

695 3741 896 3786 nostra:
924 3732 1272 3786 intentionem
1301 3732 1535 3801 Spiritus
1572 3744 1789 3790 sanctus
1824 3752 1920 3805 per
1956 3736 2275 3806 Prophetam

696 3820 937 3875 anhelari
969 3820 1121 3893 (ML,
1166 3823 1440 3895 anhelare]
1486 3827 1787 3894 prohibuit,
1819 3828 2040 3881 dicens:
2073 3827 2278 3881 Diritiw
2310 3852 2329 3861 ε

695 3908 743 3961 si
767 3909 1001 3978 aﬂluant,
1035 3908 1191 3962 nolite
1213 3926 1302 3961 cor
1326 3928 1582 3979 apponere
1604 3912 1825 3982 (Psalm.
1855 3931 1963 3975 LXI,
1992 3910 2019 3965 il
2038 3914 2106 3981 l).
2136 3914 2277 3979 Qua-

700 4011 819 4049 rum
848 3997 1023 4063 copia,
1053 4004 1136 4050 est
1164 3996 1389 4052 aliorum
1422 4000 1618 4068 inopia.
1648 4000 1723 4055 De
1748 4003 1940 4071 quibus
1972 4002 2069 4074 [et]
2099 4003 2278 4057 Domi-

698 4100 802 4139 nus
830 4084 882 4138 in
912 4086 1201 4157 Evangelio
1236 4089 1309 4142 ait
1336 4107 1348 4142 :
1379 4088 1564 4144 Facite
1609 4093 1746 4147 vobis
1776 4096 1969 4147 amicos
2017 4095 2079 4148 de
2108 4112 2276 4148 mam-

700 4192 857 4229 mona
887 4178 1172 4247 iniquitatis
1200 4179 1350 4250 (Luc.
1381 4197 1495 4245 tm,
1524 4182 1599 4252 9).
1633 4183 1837 4238 Idcirco
1868 4186 2077 4253 iniquas
2104 4186 2276 4239 nomi-

706 4267 852 4317 navit
876 4266 1034 4333 hujus
1061 4269 1239 4322 sreculi
1267 4270 1481 4324 divitias
1510 4270 1654 4341 (quia
1685 4289 1982 4326 mammona
2012 4274 2148 4343 Syra
2197 4283 2279 4328 est

662 4342 667 4347 ’
702 4353 903 4424 lingua.
932 4364 987 4409 et
1014 4356 1202 4412 Latine
1229 4359 1427 4414 divitias
1456 4361 1557 4414 dici
1590 4362 1867 4431 possunt).
1908 4364 2033 4431 quia
2056 4342 2278 4419 divitiae

703 4452 797 4496 aut
820 4458 916 4512 per
944 4445 1281 4515 iniquitatem
1325 4462 1744 4519 congregantur,
1796 4452 1876 4505 \el
1911 4453 2092 4521 inique
2137 4470 2274 4523 pau—

2375 2095 2515 2148 inter
2540 2110 2633 2149 eos
2658 2097 2853 2164 quibus
2880 2098 3121 2151 dicturus
3142 2098 3279 2150 erit:
3310 2094 3519 2159 Venite,
3551 2096 3801 2150 benedicti
3843 2094 3952 2149 Pa-

2374 2186 2467 2237 tris
2496 2189 2612 2243 mei,
2645 2188 2888 2254 percipite
2920 2203 3154 2254 regnum,
3180 2186 3320 2255 quod
3344 2186 3483 2240 vobis
3520 2196 3761 2257 paratum
3784 2196 3860 2242 est
3885 2187 3954 2242 ab

2375 2276 2571 2342 Origine
2594 2277 2774 2329 mundi
2806 2275 3017 2346 (Matth.
3049 2293 3176 2342 xxv,

2445 2385 2471 2413 ι
2503 2373 2744 2427 Flumina
2775 2375 2864 2443 qui
2895 2383 3101 2429 metuat
3127 2376 3336 2431 modica
3362 2376 3572 2432 sulcare
3602 2374 3786 2433 carina

2513 2463 2771 2525 Grandia,
2800 2480 2867 2518 ne
2895 2474 3101 2534 mergat
3126 2466 3375 2521 turbidus
3393 2466 3595 2523 Auster
3612 2482 3734 2523 eam
3758 2484 3774 2522 :

2444 2555 2548 2609 iste
2578 2568 2674 2608 suo
2697 2554 2933 2623 placidas
2959 2554 3135 2609 lembo
3156 2556 3469 2626 pernaviget
3495 2556 3668 2611 undas

2516 2643 2807 2699 Currentes
2836 2646 2977 2698 inter
3006 2643 3191 2699 ﬂorida
3215 2655 3373 2716 prata
3402 2646 3508 2715 pie.

2447 2729 2535 2784 Sic
2561 2731 2652 2799 qui
2683 2745 2995 2816 magnorum
3022 2747 3212 2787 sensus
3237 2732 3435 2786 rimare
3458 2731 3751 2802 profundos

2517 2818 2806 2872 Doctorum
2830 2820 3017 2873 timeat
3046 2819 3279 2887 pectoris
3305 2817 3539 2886 ingenio,

2445 2906 2637 2959 Nostra
2659 2906 2800 2976 legat
2824 2905 2950 2960 felix
2979 2907 3158 2960 animo
3185 2915 3486 2962 commenta
3514 2923 3708 2965 sereno
3725 2950 3740 2974 ,

2518 2996 2593 3049 De
2616 2997 2763 3063 gazis
2787 3004 3026 3051 veterum
3061 3010 3182 3065 qua:
3212 2996 3333 3051 tulit
3360 3012 3496 3052 unca
3523 3011 3731 3052 manus.

2452 3085 2741 3139 Vos‘vivete
2757 3084 2851 3155 (sic
2865 3085 2986 3157 nis.)
3003 3086 3113 3141 Deo
3133 3100 3363 3155 semper,
3378 3100 3503 3139 nam
3514 3084 3695 3141 vivere
3703 3098 3849 3142 mors
3864 3093 3950 3143 est

2518 3174 2654 3228 lluic
2679 3176 2907 3240 mundo;
2931 3190 3057 3230 vera
3087 3182 3171 3230 est
3193 3175 3375 3230 vivere
3401 3176 3511 3230 vita
3535 3174 3666 3231 Deo.

2448 3264 2574 3328 Vos,
2602 3280 2746 3334 rego,
2782 3273 3063 3321 conservet
3087 3264 3272 3321 felices
3296 3266 3467 3336 gratia
3488 3263 3711 3331 Christi,

2516 3352 2560 3408 0
2584 3353 2767 3408 dulces
2795 3356 2926 3420 nati,
2955 3363 3141 3410 sancta
3170 3356 3358 3410 salutis
3381 3369 3483 3425 ope
3502 3355 3553 3409 δ.

2880 3458 3107 3517 CAPUT
3144 3458 3432 3517 PRIMUM.

2448 3550 2610 3604 Vnus.
2646 3550 2696 3603 l.
2718 3579 2788 3590 —
2817 3547 2984 3604 Verba
3009 3548 3339 3604 Ecclesiastie
3357 3549 3457 3615 filii
3480 3550 3647 3605 David
3672 3552 3804 3623 regis
3824 3550 3952 3609 Hio-

2378 3640 2623 3693 rusalem.
2652 3651 2675 3679 ο
2702 3640 2897 3695 Tribus
2922 3640 3229 3696 nominibus
3247 3653 3495 3699 vocatum
3518 3643 3681 3699 fuisse
3710 3643 3949 3701 Salomw

2378 3746 2498 3783 nem
2542 3727 2832 3799 Scriptura:
2855 3729 3290 3787 manifestissime
3319 3732 3515 3785 docent
3543 3749 3557 3784 :
3588 3730 3949 3800 Salomonem,

2379 3818 2430 3872 id
2468 3827 2576 3882 est,
2618 3818 2935 3888 pacificum;
2985 3826 3040 3872 et
3077 3818 3247 3873 Ydida
3277 3818 3405 3891 [Με.
3436 3818 3661 3893 Edida],
3687 3819 3792 3875 hoc
3809 3829 3944 3883 Iest.

2379 3908 2631 3962 dilectum
2661 3908 2898 3971 Domini;
2928 3916 2981 3960 et
3002 3910 3142 3977 quod
3184 3924 3327 3964 nunc
3368 3908 3564 3981 dicitur
3590 3908 3807 3964 Coeleth
3829 3948 3845 3973 ,
3893 3909 3948 3963 id

2378 4004 2479 4058 cst,
2508 3996 2884 4051 Ecclesiasten.
2919 3996 3266 4053 Ecclesiastes
3286 4006 3462 4053 autem
3484 3998 3779 4067 appellatur
3798 3995 3949 4052 Grae-

2379 4104 2443 4141 eo
2473 4104 2739 4151 sermone,
2771 4090 2912 4158 quod
2940 4097 3159 4153 emtum,
3188 4089 3240 4143 id
3264 4098 3347 4144 est
3369 4088 3661 4144 Ecclesiam
3680 4127 3696 4153 ,
3727 4102 3949 4159 congre-

2357 4188 2494 4247 'get;
2525 4193 2684 4246 quem
2711 4195 2808 4233 nos
2852 4180 3122 4250 appellare
3170 4193 3458 4250 possumus
3487 4178 3946 4243 concionatorem,

2380 4268 2471 4336 qui
2500 4267 2740 4336 loquitur
2767 4269 2834 4321 ad
2857 4269 3108 4336 populum
3128 4309 3140 4328 ,
3171 4277 3226 4321 et
3252 4283 3433 4322 sermo
3461 4266 3576 4335 ejus
3603 4283 3709 4323 non
3746 4267 3950 4337 specia-

2381 4358 2504 4413 liter
2525 4358 2591 4412 ad
2616 4374 2804 4423 unum,
2826 4356 2916 4412 sed
2944 4358 3011 4411 ad
3037 4358 3317 4413 universos
3336 4357 3659 4429 generaliter
3678 4357 3947 4427 dirigitur.

2379 4449 2551 4504 Porro
2574 4450 2859 4519 pacificus,
2905 4458 2959 4503 et
3000 4449 3228 4503 dilectus
3254 4448 3497 4512 Domini,
3528 4450 3595 4503 ab
3630 4462 3697 4502 eo
3719 4446 3864 4516 quod
3893 4447 3951 4503 in

704 4533 924 4600 peribus
969 4536 1379 4590 subtrahuntur.
1405 4538 1480 4591 De
1514 4555 1740 4607 quarum
1775 4556 1910 4593 vana
1942 4543 2278 4610 possessione
2306 4535 2359 4598 Ι)
2385 4555 2548 4608 regno
2577 4537 2693 4605 ejus
2731 4554 2831 4608 pax
2876 4537 3074 4601 fuerit,
3122 4546 3176 4593 et
3219 4554 3342 4593 eum
3386 4538 3643 4593 Dominus
3684 4536 3951 4602 dilexerit,

703 4627 756 4681 in
784 4625 941 4692 hujus
969 4627 1150 4681 szeculi
1178 4628 1381 4683 deliciis
1404 4644 1539 4698 pene
1564 4631 1995 4700 sapientissimus
2022 4632 2274 4687 Salomon

699 4724 870 4770 totum
900 4719 1199 4787 composuit
1224 4719 1438 4780 librum,
1466 4721 1555 4775 cui
1581 4721 1767 4776 titulus
1791 4732 1872 4777 est
1901 4722 2274 4789 Ecclesiastes,

699 4804 883 4860 dicens
909 4808 961 4859 in
990 4807 1166 4874 capite
1193 4808 1315 4861 libri
1342 4827 1355 4861 :
1394 4806 1610 4863 Vanitae
1643 4812 1927 4863 ranitatum
1953 4852 1967 4873 ,
1997 4812 2129 4865 dixit
2169 4812 2278 4865 Ec-

699 4891 960 4947 cicsinstes
979 4934 993 4957 ,
1027 4904 1075 4948 et
1123 4898 1298 4949 omnia
1324 4899 1546 4950 vanitas.
1577 4897 1636 4952 Si
1670 4899 1850 4952 omnia
1886 4901 2127 4962 vanitas,
2157 4915 2276 4968 quzc

701 4972 906 5038 utilitas
950 4991 1033 5037 est
1067 4985 1281 5041 divitias
1328 4987 1563 5042 retinere
1607 4989 1869 5044 caducas?
1908 4987 1964 5042 lu
2010 5004 2169 5059 quem
2214 4990 2277 5043 li-

703 5075 880 5139 brum,
912 5090 977 5128 ex
1001 5086 1311 5129 sanctorum
1338 5078 1613 5145 opusculis
1637 5079 1857 5134 Patrum
1878 5120 1893 5144 ,
1933 5096 1997 5136 ac
2042 5084 2276 5137 maxime

706 5162 771 5216 de
797 5164 938 5217 beati
969 5164 1279 5235 Hieronymi
1311 5169 1717 5230 commentario,
1740 5183 1966 5237 parvum
1997 5173 2273 5241 composui

704 5249 1037 5307 Breviarium
1064 5294 1078 5317 ,
1103 5254 1269 5309 vestri
1298 5271 1460 5311 causa
1478 5297 1493 5319 ,
1520 5256 1612 5311 lilii
1641 5257 1946 5313 charissimi
1965 5299 1980 5324 ,
2008 5262 2277 5329 quatenus

705 5349 927 5409 paterna
952 5341 1309 5396 sollicitudine
1339 5345 1680 5400 admonerem
1714 5355 1951 5401 vestrum
1981 5348 2160 5402 nobile
2189 5349 2273 5402 in-

776 5460 805 5488 ι
842 5449 955 5504 Hoc
980 5467 1217 5522 carmen,
1247 5453 1489 5522 exceptis
1513 5463 1745 5522 quatuor
1776 5456 1978 5512 ultimis
2008 5459 2270 5521 versibus,

705 5534 775 5594 ex
808 5520 1170 5594 vetustissimo
1198 5539 1298 5594 ms.
1330 5520 1931 5594 codice—depromptum
1957 5567 1972 5591 ,
2023 5543 2180 5582 suum
2218 5530 2274 5582 in

705 5588 879 5642 locum
928 5590 1314 5645 restituendum
1360 5588 1746 5649 indicavit'Cl.
1785 5588 2086 5653 Frobe'nius
2135 5598 2276 5652 inter

706 5655 960 5712 Addenda
990 5658 1055 5713 ad
1087 5673 1239 5713 suam
1269 5663 1579 5719 editionem.

778 5723 916 5802 δ,Αά
943 5727 1047 5783 hoc
1070 5744 1286 5786 carmen
1332 5730 1467 5788 forte
1505 5733 1778 5802 pertinent
1819 5750 2006 5793 versus
2047 5738 2098 5791 in
2152 5737 2270 5792 cod.

706 5792 928 5864 prtefato
954 5808 1239 5868 sequentes
1260 5816 1304 5855 ε·

2380 4632 2677 4701 appellatus
2702 4640 2802 4685 est.
2824 4630 2956 4684 Nam
2983 4638 3038 4683 et
3060 4630 3298 4701 psalmus
3321 4627 3767 4698 quadragesimus
3788 4644 3951 4700 quar-

2380 4731 2487 4785 tus,
2507 4730 2560 4777 et
2589 4722 3013 4791 scptuagesimus
3031 4721 3255 4789 primus,
3280 4718 3462 4773 dilecti
3482 4724 3535 4773 et
3558 4719 3765 4790 paciﬁci
3793 4718 3951 4775 titulo

2379 4819 2760 4879 prmnotautur.
2791 4810 2891 4875 Qui
2923 4810 3137 4863 tametsi
3178 4808 3246 4864 ad
3289 4810 3626 4880 prophetiam
3666 4808 3865 4865 Christi
3895 4817 3952 4865 et

2381 4898 2634 4953 Ecclesia:
2677 4898 3027 4967 pertinentes,
3061 4896 3368 4953 felicitatem
3399 4906 3454 4952 et
3479 4899 3622 4953 vires
3648 4895 3965 4952 Salomonis.

2377 4988 2657 5051 excedant,
2689 4997 2865 5042 tamen
2892 4988 3184 5043 secundum
3215 4987 3496 5042 historiam
3520 4998 3682 5054 super
3706 4981 3945 5039 Salomo-

2377 5096 2444 5135 ne
2472 5080 2763 5149 conscripti
2786 5085 2929 5133 sunt.
2955 5077 3009 5133 ls
3035 5077 3215 5146 itaque
3226 5075 3380 5146 juxta
3402 5088 3681 5130 numerum
3708 5075 3943 5130 vocabu-

2376 5173 2550 5228 lorum
2595 5186 2814 5225 suorum
2840 5209 2855 5232 ,
2903 5169 3005 5222 tria
3059 5152 3330 5225 volumina
3374 5164 3539 5220 edidit
3571 5182 3584 5217 :
3618 5163 3903 5220 Proverbia
3926 5204 3942 5226 ,

2377 5263 2757 5322 Ecclesiasten,
2786 5259 3006 5315 Cantica
3028 5259 3382 5314 canticorum.
3410 5255 3466 5310 In
3491 5254 3796 5310 Proverbiis
3817 5267 3942 5322 par-

2374 5354 2556 5407 vulum
2585 5351 2803 5417 docens,
2832 5361 2882 5407 et
2917 5351 3071 5421 quasi
3102 5349 3169 5403 de
3196 5347 3390 5403 ofﬁciis
3410 5345 3764 5418 praesentibus
3793 5341 3946 5415 [Ilie-

2446 5464 2685 5521 Pontilici
2715 5480 2909 5521 magno
2928 5465 3072 5518 hunc
3087 5460 3289 5516 Amani
3317 5459 3520 5516 reddite
3543 5456 3737 5510 librum

2524 5483 2685 5520 mmet
2715 5483 2800 5520 ma
2840 5483 2909 5519 no
2932 5483 3072 5518 nunc
3087 5483 3289 5516 Al’ﬂODl
3318 5483 3520 5516 renum:
3545 5483 3671 5510 Ilum

2520 5536 2590 5592 Ut
2619 5535 2779 5605 legat,
2802 5483 2998 5605 ἱὼίῃο
3028 5545 3258 5601 moxque
3282 5528 3671 5605 remittiteum.

2444 5606 2553 5660 Pax
2577 5592 2700 5667 tibi:
2718 5592 2845 5667 vita,
2875 5601 3021 5656 salus
3040 5592 3252 5668 semper
3273 5599 3361 5668 sit,
3385 5602 3567 5668 sancte
3595 5592 3883 5668 sacerdos,

2514 5664 2689 5743 Atque
2714 5664 2921 5743 memor
2947 5671 3114 5726 nostri
3139 5664 3255 5737 iam
3279 5666 3393 5722 sine
3423 5664 3525 5722 line
3557 5664 3695 5718 vale.

2448 5755 2470 5783 ε
2504 5744 2581 5799 Ex
2604 5740 2797 5798 saneto
2820 5740 3167 5811 Hieronymo.
