4338 6416
150 430 253 485 669

984 424 1390 482 EXEGETICA.
1430 453 1500 462 —-—
1536 422 1883 478 ΟΟΜἌΕΝΤ.
1925 423 1991 477 ιΝ
2024 422 2544 480 ECCLESIASTEN.

3267 427 3369 479 670

150 556 283 601 τοι,
306 550 405 606 per
422 534 738 606 sententias)
765 532 1034 596 erudiens,
1063 531 1204 586 unde
1224 529 1289 585 ad
1318 530 1485 585 illium
1518 530 1711 585 crebro
1735 531 1786 591 Α
1811 540 2060 587 cantatur
2074 532 2129 586 in
2141 532 2345 602 psalmo
2367 550 2379 586 :
2407 531 2474 585 In
2491 549 2692 586 omnem
2712 543 2907 588 terram
2928 535 3083 587 exivit
3105 550 3263 588 sonus
3279 553 3372 589 eo-

150 640 323 681 sermo
371 624 651 693 repetitur.
680 621 739 676 In
768 620 1087 675 Ecclesiaste
1109 635 1257 684 vero,
1284 626 1505 672 matura:
1532 617 1707 670 virum

148 713 322 768 :rtatis
350 712 655 775 instituens,
682 724 750 765 ne
773 709 1061 780 quidquam
1085 711 1139 762 in
1166 708 1347 762 mundi
1380 708 1539 763 rebus
1560 715 1711 775 putet

147 819 265 858 esse
290 810 605 872 perpetuum
623 841 638 864 ,
667 800 762 856 sed
789 801 986 855 caduca
1013 807 1066 853 et
1092 799 1273 853 brevia
1307 798 1554 853 universa
1594 814 1711 865 quae

146 895 438 950 cernimus.
471 892 553 947 Ad
580 901 876 946 extremum
911 889 1024 957 iam
1046 898 1474 945 consummatum
1502 889 1674 941 virum
1692 928 1707 952 ,

146 990 205 1037 et
232 982 438 1037 calcato
466 980 662 1035 saeculo
687 986 1073 1047 prmparatum,
1119 979 1172 1031 in
1211 978 1429 1032 Cantico
1474 977 1712 1030 cantico-

146 1086 286 1135 rum,
314 1070 497 1139 sponsi
520 1067 695 1137 jungit
723 1068 1073 1136 amplexibus.
1102 1067 1216 1127 Nisi
1251 1068 1392 1123 enim
1436 1067 1585 1136 prius
1627 1079 1715 1117 re—

145 1158 447 1227 linquamus
492 1157 659 1220 vitia,
706 1163 760 1209 et
800 1157 1010 1225 pompis
1056 1155 1205 1226 [Ms.,
1241 1154 1485 1225 'pompaa]
1534 1153 1712 1207 szeculi

145 1245 514 1299 renuntiantes
539 1243 815 1311 expeditos
838 1242 1024 1315 nosad
1050 1242 1331 1294 adventum
1360 1241 1555 1293 Christi
1579 1256 1714 1308 prm-

143 1331 548 1402 paraverimus,
595 1348 702 1387 non
747 1346 1029 1399 possumus
1073 1329 1590 1385 dicercz0sculetur
1632 1347 1713 1382 me

144 1420 321 1476 osculo
344 1423 453 1475 oris
470 1422 553 1475 sui
576 1420 749 1492 (Cant.
776 1437 815 1484 ι,
846 1411 916 1490 l).
940 1416 1089 1475 llaud
1109 1421 1291 1488 procul
1319 1421 1384 1474 ab
1405 1420 1507 1473 hoc
1528 1418 1713 1472 ordine

142 1510 535 1574 doctrinarum,
564 1518 619 1563 et
644 1509 947 1579 philosophi
972 1518 1263 1563 sectatores
1284 1524 1408 1563 suos
1428 1509 1709 1573 erudiunt,

140 1606 201 1651 ut
232 1599 469 1667 primum
498 1598 730 1653 ethicam
764 1599 1006 1659 doceant,
1034 1596 1225 1650 deinde
1248 1597 1521 1664 physicam
1548 1596 1715 1649 inter-

140 1693 518 1756 pretantur,“
544 1702 703 1756 quem
733 1687 787 1741 in
810 1688 897 1742 his
914 1687 1202 1755 profecisse
1229 1685 1614 1754 perspexerint,
1645 1686 1713 1738 ad

142 1776 500 1847 theologicam
529 1791 698 1846 usque
724 1779 1034 1845 perducant.
1076 1777 1185 1831 Nec
1224 1791 1328 1829 non
1372 1783 1426 1829 et
1453 1776 1555 1828 hoc
1592 1774 1712 1827 dili-

141 1872 357 1941 gentius
379 1871 789 1934 attendendum,
818 1871 957 1939 quod
987 1885 1083 1937 per
1104 1877 1213 1923 tres
1239 1870 1403 1921 libros
1444 1866 1707 1929 auctoris,
1738 1848 1786 1907 Β

140 1962 384 2016 diversus
397 1968 481 2014 est
490 1959 695 2015 titulus.
707 1960 765 2013 ln
782 1960 1079 2014 Proverbiis
1089 1958 1230 2011 enim
1242 1956 1555 2010 adnotatur:
1571 1955 1710 2007 Pro-

140 2050 311 2106 uerbia
334 2048 631 2105 Salomonis
642 2048 742 2116 ﬁlii
764 2049 930 2102 David
954 2050 1091 2116 regis
1117 2048 1296 2101 lsraei.
1315 2046 1371 2101 ln
1394 2046 1713 2099 Ecclesiaste

142 2156 307 2195 vero:
344 2137 509 2193 Verba
539 2138 868 2193 Ecclesiastis
885 2138 982 2207 ﬁlii
1012 2138 1173 2189 David
1197 2138 1329 2204 regis
1361 2133 1708 2188 Hierusalem.

142 2229 481 2299 Super-auum
509 2230 703 2298 quippe
726 2237 811 2285 est
836 2230 942 2292 hic,
968 2227 1299 2297 Israel,quod
1328 2226 1465 2280 male
1490 2227 1543 2279 in
1562 2226 1709 2279 Grie-

139 2320 219 2375 cis
245 2324 303 2374 et
327 2307 536 2370 Latinis
565 2318 840 2372 codicibus
879 2318 1167 2370 invenitur.
1199 2316 1257 2369 in
1296 2314 1516 2369 Cantica
1545 2313 1714 2367 cauti-

140 2420 349 2471 eorum,
381 2420 482 2460 nec
513 2404 654 2459 ﬁlius
692 2402 892 2469 David,
923 2417 1021 2459 nec
1047 2421 1138 2458 rex
1171 2404 1352 2467 Israel,
1382 2404 1495 2459 sive
1520 2403 1711 2456 Hieru—

140 2496 308 2551 salem
334 2494 715 2565 prtescribitur,
730 2494 821 2548 sed
839 2501 1073 2547 tantum:
1099 2493 1370 2547 Canticum
1393 2494 1713 2565 canticorum

143 2583 465 2638 Salomonis.
490 2580 641 2637 Sicut
667 2583 810 2636 enim
829 2582 1140 2645 Proverbia,
1169 2588 1222 2635 et
1246 2582 1395 2635 rudis
1428 2581 1709 2645 institutio,

142 2673 209 2727 ad
231 2672 515 2727 duodecim
548 2668 828 2735 tribus,.et
852 2672 918 2725 ad
948 2679 1117 2725 totum
1142 2671 1413 2738 pertinent
1434 2668 1630 2732 lsrael;
1658 2675 1713 2721 et

141 2736 413 2831 quomodo
439 2766 780 2828 contemptus
823 2758 1041 2824 mundi,
1082 2736 1188 2813 non
1233 2758 1335 2811 nisi
1362 2755 1713 2825 metmpolitis

142 2852 427 2917 convenit,
468 2851 573 2905 hoc
598 2857 681 2904 est
698 2889 713 2913 ,
753 2849 1147 2905 habitatoribus
1169 2848 1532 2912 Hierusalem;
1561 2848 1635 2901 ita
1661 2855 1716 2902 et

141 2943 425 2999 Canticum
446 2940 776 2997 canticorum
798 2940 865 2993 ad
884 2955 977 2993 eos
995 2940 1209 3007 proprie
1222 2939 1351 2993 facit
1366 2940 1713 3004 mentionem,

143 3031 237 3099 qui
287 3037 498 3083 tantum
544 3042 773 3098 superna
819 3025 1144 3080 desiderant.
1187 3024 1269 3079 Ad
1306 3026 1622 3095 incipientes
1661 3034 1716 3080 et

142 3118 514 3191 proﬁcientes,
542 3126 597 3173 et
633 3127 859 3189 paterna
908 3115 1167 3185 dignitas,
1216 3122 1270 3168 et
1314 3114 1464 3185 regni
1511 3116 1711 3184 proprii

145 3209 340 3267 merito
383 3206 658 3275 iudicatur
708 3205 863 3277 μὴ,
908 3206 1205 3268 indicatur;
1246 3201 1343 3268 al.,
1386 3203 1708 3277 vindicatur]

146 3298 458 3357 auctoritas.
490 3296 568 3350 Ad
595 3294 859 3365 perfectos
905 3310 1052 3360 vero,
1104 3294 1192 3349 ubi
1237 3309 1343 3349 non
1371 3294 1564 3348 timore
1591 3309 1712 3349 eru-

144 3386 291 3442 ditur
319 3383 626 3453 discipulus,
657 3385 751 3439 sed
798 3396 1009 3446 amore,
1055 3382 1335 3451 proprium
1383 3397 1577 3436 nomen
1604 3383 1715 3436 suf-

146 3475 277 3542 ﬁcit,
306 3483 364 3531 et
390 3474 610 3544 aequalis
637 3474 883 3546 magister
914 3478 1026 3537 est,
1060 3478 1112 3526 et
1157 3471 1328 3526 nescit
1373 3487 1432 3527 se
1474 3486 1594 3530 esse
1623 3488 1710 3528 re-
1735 3541 1738 3545 ν

148 3580 379 3707 88212
414 3632 542 3689 Haec
590 3632 803 3688 interim
837 3629 991 3700 iuxta
1027 3630 1282 3685 litteram.
1306 3628 1573 3685 Caeterum
1614 3646 1714 3699 per

149 3724 556 3794 intelligentiam
587 3721 912 3791 spiritalem,
946 3721 1211 3791 pacificus
1248 3729 1304 3776 et
1344 3721 1573 3777 dilectus
1617 3721 1713 3776 Dei

149 3811 345 3874 Patris,
376 3818 432 3865 et
454 3810 809 3864 Ecclesiastes
832 3809 1271 3866 nosterChristus
1290 3818 1395 3876 est,
1418 3811 1509 3881 qui
1537 3811 1715 3867 medio

147 3901 355 3970 pariete
381 3898 753 3960 destructo,‘et
779 3896 1084 3952 inimicitias
1116 3901 1171 3953 in
1213 3915 1375 3955 carne
1417 3914 1715 3967 evacuans,

151 3987 277 4044 fecit
296 3995 528 4057 utraque
557 4001 743 4050 unum,
769 3985 951 4040 dicens
976 4003 990 4038 :
1023 3985 1216 4040 Pacem
1250 4004 1418 4040 meam
1447 3988 1514 4040 da
1539 3990 1679 4043 vobis
1697 4030 1713 4054 ,

148 4093 327 4146 pacem
346 4077 579 4147 relinquo
596 4077 735 4132 vobis
758 4076 936 4146 (Joan.
969 4092 1078 4140 nv,
1103 4074 1215 4149 27).
1245 4077 1319 4131 De
1339 4092 1445 4146 quo
1472 4076 1632 4132 Pater
1648 4081 1717 4134 ad

150 4165 443 4234 discipulos
465 4178 486 4216 :
510 4164 611 4219 Hic
630 4175 724 4230 est,
750 4165 940 4235 inquit,
974 4164 1145 4219 Filius
1174 4182 1317 4221 meus
1358 4164 1578 4220 dilectus
1602 4205 1617 4230 ,
1660 4166 1716 4219 in

149 4272 249 4325 quo
274 4254 406 4307 mihi
446 4253 569 4306 bene
611 4255 926 4323 complacui,
958 4257 1094 4310 hunc
1132 4256 1314 4311 audite
1333 4254 1543 4327 (Matth.
1583 4254 1714 4319 xv",

151 4345 224 4415 5),
252 4345 349 4414 qui
377 4351 463 4398 est
483 4349 645 4411 caput
669 4343 939 4400 Ecclesiae.
977 4346 1044 4401 Et
1086 4360 1422 4416 nequaquam
1450 4347 1517 4401 ad
1554 4361 1714 4416 synav

1736 3162 1784 3223 Ο

1808 639 1943 686 mm,
1956 632 2004 676 et
2018 624 2073 676 in
2084 623 2211 691 ﬁnes
2227 624 2364 678 orbis
2378 632 2532 677 terra:
2543 624 2692 677 verba
2707 623 2913 678 illorum
2931 622 3101 696 (Psal.
3120 640 3275 689 xvm,
3292 625 3346 698 Β)
3356 666 3369 678 .

1809 709 1941 763 Male
1968 710 2131 779 igitur
2154 710 2368 779 quidam
2397 711 2703 779 opinantur,
2748 726 2847 766 nos
2885 726 2952 766 ex
2982 712 3085 767 hoc
3125 713 3261 766 libro
3305 713 3373 767 ad

1808 800 2129 869 voluptatem
2158 808 2214 854 et
2241 800 2507 854 luxuriam
2533 802 2829 869 provocari,
2868 817 2989 856 cum
3034 818 3065 856 e
3102 803 3375 857 contrario

1809 889 1986 941 omnia
2017 904 2134 955 quae
2159 891 2429 944 cernimus
2451 890 2505 942 in
2527 890 2726 945 mundo
2752 906 2891 945 vana
2911 906 3031 946 esse
3059 892 3373 956 doceantur,

1810 988 1907 1028 nec
1935 974 2128 1028 debere
2148 990 2245 1030 nos
2265 990 2327 1029 ea
2351 976 2589 1030 studiose
2612 985 2862 1045 appetere
2883 993 3019 1046 qute,
3044 978 3169 1041 dum
3192 986 3376 1032 tenen-

1810 1072 1918 1127 tur,
1942 1065 2209 1117 intereant
2234 1074 2281 1116 ι.
3253 1130 3260 1135 _

1881 1155 2122 1207 'l‘radunt
2149 1153 2355 1208 Hebraei
2380 1154 2523 1208 hunc
2553 1154 2777 1218 librum,
2809 1169 2969 1224 quem
2994 1155 3154 1209 modo
3174 1156 3227 1209 in
3257 1170 3375 1209 ma-

1811 1246 1968 1299 nibus
2005 1245 2282 1308 habemus,
2312 1245 2616 1299 Salomonis
2644 1260 2763 1299 esse
2806 1247 3177 1315 paenitentiam
3218 1261 3378 1315 agen—

1812 1336 1920 1388 tis:
1947 1336 2035 1403 qui
2064 1337 2189 1401 quia
2222 1336 2274 1387 in
2303 1336 2563 1403 sapientia
2611 1335 2917 1404 divitiisque
2962 1335 3197 1389 conlisus
3223 1375 3238 1399 ,
3282 1350 3379 1403 per

1811 1422 2060 1475 mulieres
2085 1422 2364 1477 offenderit
2392 1422 2578 1484 Deum,
2606 1437 2749 1475 nunc
2774 1436 2956 1476 secum
2984 1430 3226 1490 reputat,
3256 1438 3376 1477 om-

1812 1513 1901 1566 nia
1942 1528 2080 1565 vana
2122 1528 2241 1566 esse
2282 1510 2439 1578 huius
2480 1511 2660 1564 saeculi
2705 1510 3113 1575 delectamenta,
3156 1526 3274 1580 qum
3309 1510 3376 1565 ad

1812 1600 2053 1653 ultimam
2084 1600 2353 1653 miseriam
2380 1598 2665 1653 devolvunt
2693 1614 2787 1653 eos
2828 1600 2919 1669 qui
2962 1600 3019 1654 in
3053 1603 3134 1654 eis
3170 1606 3381 1669 ponunt

1812 1702 1959 1755 spem
1984 1702 2155 1739 suam.
2186 1687 2293 1740 Sed
2322 1694 2375 1741 et
2402 1688 2589 1740 beatus
2611 1687 2904 1756 Gregorius
2938 1686 3125 1743 doctor
3159 1689 3382 1743 mirabi-

1812 1776 1899 1840 lis,
1942 1783 1996 1829 et
2043 1790 2210 1829 sacrae
2260 1773 2551 1843 Scriptura:
2593 1776 2953 1831 lucidissimus
2982 1780 3272 1847 expositor,
3320 1778 3376 1832 in

1814 1874 2005 1934 quarto
2030 1866 2368 1935 Dialogorum
2399 1865 2534 1919 libro
2562 1864 2697 1937 (cap.
2721 1866 2800 1936 4),
2826 1868 3095 1935 quomodo
3112 1868 3216 1922 iste
3239 1867 3381 1925 liber

1816 1957 2068 2027 legendus
2096 1957 2165 2010 sit
2186 1956 2269 2009 vel
2300 1956 2708 2025 intelligendus,
2754 1958 2955 2026 optime
2992 1958 3267 2026 exposuit,
3316 1957 3386 2027 de

1812 2047 2027 2099 nomine
2053 2045 2211 2113 hujus
2239 2044 2380 2109 libri,
2410 2046 2488 2099 sic
2516 2045 2738 2100 dicens:
2772 2063 2792 2097 ι
2825 2045 3175 2102 Ecclesiastes
3204 2054 3385 2102 autem

1810 2137 2026 2203 proprie
2050 2136 2401 2191 concinnatur
2426 2134 2626 2188 dicitur
2652 2152 2666 2188 :
2691 2134 2745 2189 in
2775 2118 3034 2211 concione
3074 2149 3204 2190 vero
3222 2175 3238 2200 ,
3266 2149 3385 2189 sen-

1812 2222 1979 2274 tentia
2005 2212 2287 2289 promitur,
2314 2237 2411 2291 per
2434 2237 2591 2291 quam
2626 2222 2965 2278 tumultuosa:
2992 2223 3165 2278 turbat
3191 2222 3385 2277 seditio

1812 2309 2217 2376 comprimatur,
2251 2319 2307 2363 et
2348 2310 2481 2364 cum'
2504 2309 2657 2363 multi
2705 2309 2918 2365 diversa
2966 2310 3244 2374 sentiant,
3286 2324 3384 2380 per

1812 2399 2176 2463 conciouantis
2218 2401 2480 2453 rationem
2524 2400 2592 2454 ad
2624 2416 2798 2454 unam
2844 2401 3164 2456 sententiam
3185 2402 3383 2471 perdu-

1813 2494 2025 2538 cuntur.
2050 2484 2147 2539 Hic
2182 2486 2348 2553 igitur
2378 2485 2513 2539 liber
2545 2486 2747 2541 idcirco
2774 2486 3132 2542 Coucidnator
3158 2476 3375 2555 dicitur,

1812 2574 1938 2640 quia
1966 2573 2215 2629 Salomon
2246 2576 2300 2628 in
2329 2590 2394 2629 eo
2418 2574 2573 2644 quasi
2600 2574 2975 2629 tumultuantis
3008 2576 3177 2631 turba:
3203 2591 3381 2632 susce-

1810 2664 1890 2729 pit
1913 2668 2151 2727 sensum,
2184 2671 2245 2717 ut
2279 2679 2341 2718 ea
2367 2678 2464 2733 per
2492 2664 2890 2733 inquisitionem
2939 2666 3081 2721 dicat
3106 2682 3225 2736 quae
3266 2663 3379 2722 for-

1814 2758 1954 2804 tasse
1981 2766 2079 2819 per
2106 2754 2451 2813 tentationem
2495 2755 2740 2824 imperita
2779 2770 2933 2810 mens
2976 2757 3193 2811 sentiat.
3240 2756 3374 2815 Nam

1811 2847 1943 2909 quot
1971 2843 2267 2896 sententias
2293 2857 2391 2912 per
2431 2843 2833 2911 inquisitionem
2876 2854 3085 2909 movet,
3117 2848 3271 2915 quasi
3305 2854 3385 2903 tot

1812 2930 1868 2983 in
1890 2946 1948 2984 se
1967 2932 2573 2999 personas‘diversorum
2613 2933 2854 3002 suscipit.
2892 2932 3000 2988 Sed
3040 2931 3386 2991 concionator

1813 3034 2000 3084 verax,
2027 3020 2170 3076 velut
2199 3020 2419 3097 extensa
2444 3035 2626 3086 manu,
2655 3022 2893 3077 omnium
2924 3023 3183 3078 tumultus
3207 3026 3379 3088 sedat,

1812 3122 2011 3175 eosque
2038 3111 2106 3163 ad
2127 3125 2288 3164 unam
2309 3110 2628 3169 sententiam
2655 3118 2893 3176 revocat,
2921 3126 3043 3166 eum
3063 3112 3119 3165 in
3143 3110 3381 3180 eiusdem
3469 3175 3475 3180 ,

1813 3194 1936 3249 libri
1964 3198 2195 3251 termino
2224 3200 2301 3251 ait
2328 3217 2341 3250 :
2374 3194 2565 3255 Finem
2586 3200 2832 3271 loquendi
2858 3218 3033 3257 omnes
3060 3204 3256 3271 pariter
3285 3219 3384 3256 αι-
3432 3204 3439 3229 λ’

1813 3282 2019 3336 diamus
2043 3304 2061 3335 ε
2088 3283 2370 3337 Dominum
2394 3284 2539 3354 time,
2558 3294 2608 3338 et
2628 3286 2880 3340 mandata
2899 3288 3015 3357 ejus
3037 3288 3269 3354 observa,
3283 3290 3388 3344 hoc

1812 3380 1887 3424 est
1910 3373 2045 3425 enim
2070 3373 2235 3426 omnis
2259 3373 2410 3427 homo
2432 3358 2627 3452 (Eisele.
2661 3389 2739 3439 xi,
2763 3372 2874 3447 15).
2905 3374 2964 3429 Si
2993 3378 3138 3431 enim
3157 3379 3221 3441 in
3243 3378 3383 3434 libro
3497 3428 3504 3435 .

1812 3459 1998 3514 eodem
2039 3475 2138 3528 per
2177 3458 2616 3540 eollocutioneiin
2641 3462 2795 3535 μη,
2833 3464 3178 3540 locutionem]
3228 3483 3383 3525 suam

1814 3524 2102 3601 multorum
2120 3563 2380 3616 personas
2402 3566 2508 3605 nou
2534 3524 2829 3632 sumiiperet
2849 3552 3003 3627 [ΗΜ
3030 3524 3384 3632 susceperat],

1814 3652 1913 3690 cur
1958 3637 2027 3690 ad
2065 3636 2387 3692 audiendum
2432 3620 2695 3709 loquendi
2709 3620 2893 3721 dinem
2951 3620 3387 3715 secum

1812 3740 1999 3780 omnes
2041 3727 2397 3782 admonebat?
2441 3729 2576 3795 Quia
2625 3728 2789 3801 igitur
2825 3732 2881 3787 in
2919 3733 3024 3787 line
3051 3734 3174 3790 libri
3204 3735 3380 3798 dicit:

1818 3815 2006 3872 Omnes
2028 3820 2226 3887 pariter
2251 3820 2527 3875 audiamus
2547 3861 2561 3886 ,
2590 3822 2704 3890 ipse
2730 3823 2832 3877 sibi
2858 3824 3011 3879 testis
3032 3832 3116 3880 est
3139 3825 3265 3895 quia
3280 3865 3297 3893 ,
3327 3827 3385 3886 in

1816 3924 1875 3963 se
1904 3909 2194 3965 multorum
2223 3926 2481 3982 personas
2505 3912 2831 3983 suscipiens,
2875 3915 3030 3984 quasi
3064 3915 3212 3971 solus
3237 3915 3385 3973 locu-

1818 4004 1903 4051 tus
1928 4014 2033 4053 non
2060 4008 2143 4053 est
2170 4018 2183 4052 :
2215 4002 2356 4055 unde
2378 4009 2433 4056 et
2462 4002 2568 4056 alia
2599 4013 2724 4057 sunt
2760 4019 2880 4074 quae
2912 3994 2989 4059 iii
3015 4006 3155 4063 libro
3199 4007 3387 4064 eodem

1816 4105 1914 4158 per
1939 4092 2339 4160 inquisitionem
2370 4102 2678 4159 moventur,
2712 4103 2873 4165 atque
2897 4079 3150 4168 aliaxqua:
3180 4113 3280 4169 per
3301 4115 3388 4155 ra-

1815 4181 2015 4235 tionem
2038 4183 2403 4250 satisfaciunt;
2432 4186 2537 4240 alia
2565 4201 2684 4255 qua:
2710 4201 2777 4241 ex
2812 4190 3003 4244 tentati
3031 4191 3237 4260 profert
3274 4194 3390 4248 ani-

1818 4285 1928 4333 mo,
1951 4279 2112 4338 atque
2132 4274 2312 4326 adhuc
2334 4273 2493 4341 huius
2516 4276 2700 4329 mundi
2721 4276 3167 4345 delectationibus
3482 4314 3488 4319 .

1820 4358 1923 4412 alia
1950 4374 2098 4424 vero,
2136 4360 2189 4413 in
2212 4362 2406 4429 quibus
2433 4375 2495 4417 ea
2520 4378 2640 4432 quae
2663 4364 2887 4434 rationis
2928 4375 3087 4434 sunt,
3124 4358 3386 4437 disserat,

153 4447 345 4547 ﬁtﬁt?
371 4430 1608 4547 133252.13?“f.‘1ﬁ‘ifit‘t“.‘:‘:":itfft“"f3"
1620 4437 1716 4547 _‘°:
1749 4486 1796 4547 ο
1820 4451 2237 4547 ειαυίξξιηίπιυω
2258 4468 2287 4505 ³
2318 4430 2669 4509 “deum
2694 4430 3019 4525 οοωβεεοει·
3049 4430 3127 4523 ibi
3158 4430 3390 4530 ηλιιιίιιιέ

154 4536 346 4589 quens,
372 4521 513 4575 vivis
533 4520 795 4591 lapidibus
834 4528 1150 4585 exstructas;
1186 4538 1291 4576 non
1319 4524 1462 4578 illius
1506 4525 1573 4579 de
1615 4541 1719 4594 qua

155 4611 268 4679 ipse
288 4608 368 4662 ait
397 4624 412 4660 :
445 4606 797 4675 Hierusalem,
832 4609 1192 4664 Hierusalem!
1230 4627 1347 4681 qua:
1378 4612 1570 4664 occidis
1596 4629 1720 4682 pro-

154 4700 357 4769 phetas,
380 4705 430 4751 et
454 4713 568 4751 ecce
582 4697 1092 4784 relinqueturldomus
1104 4711 1269 4756 vestra
1290 4702 1491 4756 deserta
1506 4701 1716 4773 (Matth.

154 4795 313 4855 x’xm,
344 4788 435 4853 37,
462 4786 574 4859 58),
604 4788 698 4843 sed
723 4789 864 4846 illius
893 4790 988 4860 per
1017 4806 1177 4861 quam
1197 4793 1371 4862 jurari
1406 4802 1570 4863 vetat,
1599 4794 1721 4862 quia

156 4877 225 4930 sit
245 4877 442 4931 civitas
466 4875 645 4945 magni
668 4876 829 4944 regis.
853 4876 950 4932 llic
975 4888 1057 4933 est
1084 4879 1227 4937 illius
1248 4881 1441 4946 David,
1466 4881 1534 4935 ad
1563 4897 1722 4952 quem

162 4963 286 5017 «ξπαί
328 4963 387 5017 in
431 4962 719 5033 Evangelio
746 4963 1087 5039 clamabant:
1123 4964 1370 5021 Miserere
1416 4969 1599 5033 nostri,
1644 4968 1723 5039 ﬁli

139 5027 330 5110 lBarid
354 5027 704 5119 (Haut-xv,
743 5038 868 5124 29);
898 5059 950 5106 et
988 5042 1162 5107 omnis
1193 5054 1348 5108 turba
1373 5027 1722 5120 consonabat,

159 5146 213 5193 et
228 5152 337 5193 una
358 5151 490 5193 voce
514 5141 866 5208 respondebat
883 5157 897 5196 :
914 5138 1164 5195 Hosanna
1187 5140 1298 5211 [ilio
1315 5141 1482 5196 David
1508 5142 1720 5214 (Matth.

163 5239 275 5289 xxi,
297 5223 379 5293 9).
405 5223 644 5310 Denique
674 5242 781 5282 non
818 5228 886 5284 ad
912 5242 1033 5283 eum
1060 5226 1119 5282 lit
1145 5230 1369 5284 verbum
1409 5230 1505 5285 Dei
1529 5270 1545 5296 ,
1589 5229 1727 5285 sicut

162 5313 231 5367 ad
260 5312 589 5371 Hieremiam
614 5319 671 5367 et
695 5315 765 5369 ad
788 5326 1013 5373 caeteros
1035 5317 1349 5387 prophetas;
1376 5319 1470 5373 sed
1500 5321 1625 5389 quia
1646 5320 1726 5376 di-

166 5416 259 5460 ves
278 5409 385 5466 est.
415 5412 473 5459 et
497 5419 590 5461 rex
616 5410 826 5476 potens,
855 5404 970 5478 ipse
990 5416 1074 5463 est
1101 5408 1144 5462 si
1161 5396 1376 5478 quidem
1401 5404 1648 5474 verbum,
1672 5415 1728 5463 et

166 5488 429 5561 apicati:
461 5473 773 5564 actumque
793 5473 1039 5548 virttites.
1067 5473 1251 5563 Verba,
1269 5488 1506 5566 loquitur
1530 5496 1599 5551 ad
1627 5473 1729 5553 Ec-

168 5582 348 5642 clcsite
384 5583 553 5656 viros,
590 5589 753 5644 verba
796 5588 1031 5644 insinuat
1080 5594 1334 5660 apostolis
1358 5634 1374 5661 ,
1425 5593 1492 5650 de
1535 5593 1728 5663 quibus

240 5748 266 5775 ι
294 5736 579 5809 ﬂuensque
608 5752 672 5792 ex
700 5750 887 5797 sancto
916 5738 1252 5814 Hieronymo.

1820 4545 1896 4598 alt
1919 4563 1932 4597 :
1959 4543 2072 4597 Hoc
2112 4545 2283 4617 itaque
2317 4546 2444 4599 mihi
2478 4547 2646 4600 visum
2683 4557 2758 4601 est
2796 4548 2987 4604 bonum
3008 4590 3023 4615 ,
3057 4562 3114 4607 ut
3153 4552 3389 4625 comedat

1818 4634 2000 4713 quislet
2030 4634 2186 4712 bibat,
2216 4644 2263 4688 et
2291 4634 2500 4706 fruatur
2526 4635 2707 4691 (latitia
2739 4654 2803 4693 ea:
2835 4637 3011 4693 labore
3051 4657 3147 4695 suo
3190 4639 3388 4713 (Eccle.

1818 4702 1876 4784 v,
1902 4702 2010 4792 1³7).
2040 4709 2106 4776 Et
2135 4702 2301 4794 longe
2320 4724 2544 4782 inferius
2569 4725 2861 4799 subiungit.
2891 4727 3081 4784 Melius
3101 4738 3177 4785 est
3198 4702 3288 4785 ‘ire
3320 4728 3393 4789 at!
3428 4750 3439 4760 '

1820 4808 2032 4863 domum
2051 4809 2241 4876 luctus,
2263 4831 2423 4883 quam
2448 4815 2518 4868 ad
2543 4816 2756 4872 domum
2797 4819 3017 4873 conuiuii
3053 4818 3250 4891 (Eccle.
3290 4835 3388 4884 vn,

1821 4896 1896 4967 5),
1928 4896 1984 4950 Si
2013 4897 2156 4951 enim
2180 4899 2382 4954 bonum
2409 4910 2493 4955 est
2514 4905 2839 4961 manducare
2864 4915 2920 4961 et
2947 4908 3157 4969 bibere,
3194 4906 3393 4961 melius

1822 4987 1987 5043 fuisse
2005 4988 2285 5044 videbatur
2305 4988 2372 5044 ad
2396 4991 2612 5046 domum
2636 4995 2868 5049 convivii
2889 5010 3116 5066 pergere
3135 5011 3295 5064 quam
3320 4997 3392 5070 ad

1821 5079 2037 5133 domum
2064 5079 2260 5134 luctus.
2288 5080 2366 5135 Ex
2408 5095 2512 5150 qua
2560 5097 2621 5136 re
2666 5083 2969 5138 ostenditur
3004 5084 3131 5154 quia
3160 5084 3289 5140 illud
3322 5099 3388 5141 ex

1824 5166 2214 5223 inﬁrmantium
2241 5184 2470 5239 persona
2497 5170 2707 5238 intulit,
2736 5173 2840 5229 hoc
2883 5188 3013 5230 vero
3059 5188 3128 5228 ex
3165 5173 3392 5245 rationis

1822 5254 2133 5313 deﬁnitione
2165 5256 2439 5327 subiunxit
2473 5278 2487 5313 ε
2526 5277 2651 5315 nam
2692 5262 2835 5332 ipsas
2875 5263 3121 5331 protinus
3166 5262 3392 5325 rationis
3502 5321 3511 5331 ,

1825 5359 2014 5399 causas
2052 5347 2320 5411 edisserit,
2344 5356 2399 5402 et
2424 5349 2491 5402 de
2532 5350 2691 5405 domo
2712 5351 2889 5407 luctus
2919 5367 3043 5421 quas
3081 5351 3153 5409 sit
3176 5338 3390 5413 utilius

1824 5434 2080 5499 ostendit,
2111 5436 2331 5491 dicens:
2362 5435 2430 5489 In
2456 5436 2548 5491 illa
2572 5440 2712 5493 enim
2733 5440 2857 5509 ﬁnis
2887 5448 3188 5501 motorum
3213 5439 3390 5495 adme-

1827 5533 1974 5578 netur
2013 5523 2299 5589 hominum,
2348 5534 2398 5580 et
2437 5528 2609 5582 uiuens
2643 5529 2999 5601 cogitatas“
3020 5568 3024 5572 Α
3045 5529 3285 5600 [uterum
3320 5530 3391 5593 sit

1830 5611 2023 5667 lEccle.
2046 5628 2120 5679 ιι,
2141 5612 2193 5679 9,
2226 5612 2334 5681 ιο).
2359 5613 2588 5671 Rursum
2612 5616 2720 5672 illic
2736 5606 2993 5689 scriptum
3016 5625 3102 5677 est
3126 5636 3138 5675 :
3165 5618 3389 5688 Latars,
3475 5626 3477 5629 ·
