4338 6432
818 445 911 497 671

1657 448 1713 501 Β.
1753 447 1813 501 F.
1855 450 2076 503 ALBINI
2119 449 2247 505 SEU
2285 448 2558 505 ALCUINI
2598 450 2884 508 OPERUM
2923 452 3097 508 PARS
3131 451 3191 508 ιι.

3919 456 4027 512 6⁵η

810 558 1037 627 iuvenis,
1064 560 1115 610 iu
1144 559 1485 611 adolescentia
1524 570 1633 611 tua.
1665 560 1730 613 Et
1761 561 1917 627 paulo
1944 569 2064 627 post
2084 562 2363 615 subditur:
2394 566 2437 618 Α
2467 568 2521 612 et
2545 573 2757 627 semper
2804 561 2943 615 idem
2986 568 3070 616 est
3115 563 3255 629 quod
3296 569 3399 626 est,
3431 570 3488 617 et
3528 578 3631 619 non
3677 562 3841 619 aliud.
3871 563 4024 633 Quod

811 648 1172 701 Adolescentia
1216 649 1352 701 enim
1391 659 1436 700 et
1478 648 1708 717 voluptas
1730 688 1744 711 ,
1776 665 1909 701 rana
1947 660 2086 702 sunt.
2118 649 2218 715 Qui
2244 650 2368 703 dum

811 736 915 791 hoc
940 739 1275 805 postmodum
1316 752 1508 789 vamtzu
1550 752 1667 790 esse
1712 737 2014 807 redarguit,
2043 738 2185 805 quod
2222 740 2372 807 prius

809 825 1151 880 admonuisse
1177 824 1474 889 videbatur,
1504 826 1677 893 palam
1705 824 1855 894 [.lIs.,
1885 824 2149 895 patenter]
2173 826 2372 879 indicat

807 916 933 982 quia
960 914 1049 967 illa
1075 914 1227 982 quasi
1254 930 1319 967 ex
1346 914 1610 968 desiderio
1646 912 1847 966 carnali
1895 915 2051 965 verba
2093 913 2252 984 413
2291 913 2370 966 ἰη-

807 1003 951 1067 tulit,
982 1003 1095 1056 haac
1124 1016 1252 1055 vero
1298 1016 1360 1054 ex
1400 1000 1589 1067 judicii
1628 1000 1854 1055 veritate
1896 1000 2187 1068 subjuuxit.
2218 1000 2369 1055 Sicut

803 1103 935 1159 ergo
964 1090 1366 1148 delectationem
1393 1090 1544 1157 prius
1570 1088 1861 1142 carnalium
1883 1089 2205 1156 exprimens,
2226 1089 2369 1143 curis

805 1176 1113 1245 postpositis
1142 1176 1419 1230 denuntiat
1445 1175 1642 1229 bonum
1666 1190 1784 1229 esse
1826 1175 2152 1228 manducare
2191 1184 2246 1228 et
2284 1177 2368 1229 bi-

805 1265 974 1327 bere,
1018 1262 1161 1332 quod
1210 1271 1388 1315 tamen
1436 1263 1770 1330 postmodum
1818 1277 1882 1315 ex
1929 1261 2114 1330 judicii
2164 1263 2370 1317 ratione

804 1349 1169 1417 reprehendit,
1195 1364 1316 1402 cum
1342 1361 1460 1403 esse
1487 1348 1677 1402 melius
1703 1348 1832 1403 dicit
1866 1349 1931 1401 ad
1962 1348 2174 1403 domum
2198 1349 2371 1405 luctus

804 1440 887 1492 ire
919 1453 1079 1508 quam
1103 1438 1169 1491 ad
1205 1438 1421 1492 domum
1451 1437 1679 1491 convivii
1709 1455 1721 1488 :
1752 1445 1805 1490 et
1827 1436 1965 1491 sicut
1988 1437 2155 1491 Letari
2178 1437 2371 1491 debere

800 1528 1051 1597 iuvenem
1082 1530 1137 1583 in
1164 1528 1515 1583 adolescentia
1546 1544 1671 1592 sua,
1706 1530 1857 1597 quasi
1882 1545 1949 1584 ex
1992 1531 2371 1583 deliberatione

801 1618 1118 1681 carnalium,
1146 1617 1426 1686 proponit,
1452 1624 1507 1670 et
1536 1626 1714 1670 tamen
1747 1617 2086 1684 postmodum
2119 1632 2213 1684 per
2248 1616 2372 1671 dell-

802 1707 1057 1762 nitionem
1082 1705 1359 1760 sententiae
1381 1702 1797 1759 adolescentiam
1818 1714 1873 1759 et
1888 1706 2209 1775 voluptatem
2233 1722 2369 1760 vana

801 1810 922 1850 esse
949 1794 1237 1865 redarguit.
1262 1794 1525 1849 Similiter
1544 1802 1599 1848 et
1620 1795 1962 1849 concinnator
1981 1796 2103 1858 iste,
2130 1797 2369 1852 diversas

2470 647 2613 700 enim
2659 648 2970 711 mutabitur.
2993 648 3380 717 quodammodo
3421 652 3705 717 evanescit,
3733 660 3916 709 etnon
3943 666 4026 711 est

2469 733 2611 799 quod
2632 742 2766 787 erat.
2791 734 2992 790 Idcirco
3012 737 3080 791 ad
3098 738 3546 807 comparationem
3563 739 3833 797 Creatoris
3851 744 4025 797 omnis

2470 830 2717 877 creatura
2745 824 2952 881 vanitas
2976 826 3081 881 dici
3108 835 3299 897 potest,
3337 837 3391 884 et
3417 828 3669 899 quidquid
3710 830 3762 884 in
3785 831 3888 903 hoc
3910 833 4021 888 cir-

2469 909 2590 963 culo
2635 912 2961 979 continetur,
2986 928 3084 981 pro
3110 914 3276 970 nihilo
3318 916 3613 985 computari
3651 916 3704 971 in
3747 932 4030 987 compan-

2472 996 2618 1050 tione
2643 1005 2859 1053 aiternre
2880 999 3195 1068 majestatis.
3446 1046 3449 1049 η

2541 1083 2707 1137 Vens.
2736 1086 2789 1138 5.
2814 1114 2887 1129 -—
2906 1084 3045 1151 Quid
3078 1097 3305 1157 superest
3347 1085 3576 1155 homini,
3600 1091 3655 1142 in
3682 1092 3820 1142 omni
3845 1089 4027 1147 labare

2468 1186 2581 1231 suo,
2608 1188 2711 1241 quo
2736 1171 2938 1226 laborat
2983 1173 3075 1227 sub
3098 1173 3253 1229 rsole.’
3278 1187 3302 1215 ι
3332 1174 3460 1230 Post
3486 1175 3780 1245 generalem
3809 1184 4024 1234 senten-

2471 1260 2597 1313 tiam
2622 1260 2690 1313 ad
2706 1274 2873 1314 vanos
2894 1260 3168 1349 homlpum
3188 1261 3397 1318 labores
3418 1265 3681 1319 convertit
3698 1279 4019 1330 sermonem.

2469 1346 2561 1413 qui
2597 1345 2797 1401 frustra
2821 1348 2877 1401 in
2907 1345 3065 1404 istius
3080 1346 3258 1417 mundi
3284 1349 3466 1405 labore
3491 1349 3765 1415 desudant,
3791 1366 4018 1423 congre-

2470 1444 2656 1504 gantes
2680 1436 2891 1490 divitias
2917 1438 3198 1505 perituras,
3233 1439 3527 1495 ambientes
3551 1438 3801 1504 honores,
3826 1441 4021 1509 quibus

2470 1526 2646 1579 subito
2695 1524 3154 1595 dicitur:Stulte,
3202 1529 3303 1583 hac
3344 1536 3496 1584 nocte
3544 1528 3816 1592 morieris,
3863 1527 4021 1597 cujus

2469 1622 2627 1667 erunt
2652 1629 2769 1682 qua:
2788 1616 3154 1686 congregastil

2527 1702 2689 1755 Vens.
2702 1702 3105 1757 L—Generatio
3116 1704 3273 1771 vadit,
3287 1711 3334 1757 et
3346 1706 3602 1773 generatio
3615 1706 3763 1770 uenit,
3776 1715 3917 1760 terra
3926 1721 4022 1759 u-

2472 1799 2573 1842 trm
2593 1791 2647 1842 in
2665 1789 2914 1845 statutum
2928 1799 3051 1844 stat.
3067 1788 3198 1846 Aliis
3213 1792 3579 1859 morientibus,
3592 1802 3878 1849 nascuntur
3891 1793 3982 1848 alii
4000 1810 4015 1857 ;

802 1884 1187 1955 cogitationum
1222 1883 1540 1937 tentationes
1564 1897 1854 1951 exponens,
1878 1883 1984 1938 alio
2023 1885 2098 1937 ait
2132 1886 2185 1938 in
2223 1885 2369 1955 loco,
2395 1879 2441 1937 B
2470 1886 2526 1930 et
2566 1893 2700 1947 quos
2734 1878 2959 1944 videras,
2987 1894 3092 1934 non
3136 1879 3315 1945 vides;
3343 1870 3666 1949 incipieaque
3704 1880 3883 1934 videre
3924 1896 4020 1937 eos

694 1978 699 1985 ”
802 1986 924 2025 cum
954 1970 1122 2025 dicit:
1151 1968 1298 2023 Unus
1334 1970 1571 2024 interitus
1608 1968 1725 2041 [est]
1762 1972 1985 2025 hominis
2028 1982 2075 2027 et
2112 1962 2372 2041 jumento-

804 2074 940 2122 rum,
967 2066 1014 2109 et
1049 2073 1197 2126 requa
1222 2057 1488 2125 utriusque
1509 2058 1733 2109 conditio
1756 2071 1773 2107 :
1798 2058 1931 2111 sicut
1953 2060 2170 2111 moritur
2187 2060 2365 2123 homo,

800 2146 877 2201 sic
899 2155 946 2198 et
974 2143 1067 2199 illa
1090 2146 1386 2199 moriuntur
1408 2162 1426 2198 :
1452 2145 1692 2199 similiter
1717 2148 1918 2215 spirant
1941 2148 2135 2211 omnia,
2164 2158 2212 2201 et
2240 2148 2368 2201 nihil

800 2236 952 2291 habet
973 2237 1391 2306 homojumentis
1418 2238 1641 2306 amplius
1672 2237 1866 2308 (Eccle.
1897 2254 1979 2302 ut,
2019 2239 2125 2310 10).
2152 2239 2253 2305 Qui
2284 2249 2365 2294 ta-

802 2342 926 2381 men
950 2340 1017 2380 ex
1046 2326 1353 2381 deﬁtiitionc
1376 2328 1600 2381 rationis
1621 2343 1772 2382 suam
1798 2330 2139 2397 postmodum
2158 2338 2371 2384 senten-

806 2412 940 2467 tiam
969 2412 1215 2481 protulit,
1238 2413 1418 2468 dicens
1444 2433 1456 2467 :
1493 2414 1631 2479 Quid
1659 2416 1809 2469 habet
1844 2417 2065 2487 amplius
2097 2419 2300 2488 sapiens
2335 2437 2368 2473 α

799 2500 1001 2555 stulto?
1022 2511 1070 2554 et
1093 2501 1219 2569 quid
1262 2503 1495 2572 pauper?
1532 2502 1653 2557 Nisi
1677 2514 1734 2558 ut
1775 2515 1953 2574 pergat
1995 2506 2120 2558 illuc
2138 2546 2154 2571 ,
2182 2506 2269 2561 ubi
2295 2519 2369 2561 est

800 2592 908 2645 vita
932 2589 1126 2662 (Eccle.
1158 2605 1232 2654 vn,
1265 2591 1360 2660 8)?
1387 2590 1485 2656 Qui
1518 2592 1681 2662 igitur
1718 2594 1887 2646 dixit:
1927 2593 2072 2647 Nihil
2106 2594 2257 2649 habet
2282 2595 2371 2648 ho-

803 2698 888 2733 mo
903 2682 1155 2750 jumentis
1180 2681 1424 2750 amplius,
1453 2682 1564 2751 ipse
1597 2698 1813 2737 rursum
1839 2682 2080 2737 deﬁnivit
2105 2684 2247 2752 quod
2272 2684 2371 2739 ha-

802 2769 925 2823 beat
952 2769 1151 2836 aliquid
1194 2771 1406 2837 sapiens
1440 2786 1546 2823 non
1579 2772 1749 2825 solum
1778 2772 2007 2839 amplius
2045 2788 2074 2825 a
2093 2770 2369 2838 iumento,

803 2856 897 2912 sed
927 2858 1089 2911 etiam
1121 2858 1188 2912 ab
1210 2858 1423 2913 homine
1447 2859 1628 2923 stulto,
1654 2859 1901 2914 videlicet
1931 2867 1990 2913 ut
2022 2868 2210 2932 pergat
2246 2862 2373 2918 illuc

802 2947 893 3000 ubi
924 2954 1003 3001 est
1033 2945 1189 3018 μη,
1219 2947 1345 3020 erit]
1378 2948 1507 3001 vita.
1535 2948 1739 3015 Quibus
1764 2951 1940 3005 verbis
1965 2952 2195 3020 primum
2232 2952 2371 3007 indi-

805 3042 893 3087 cat
921 3035 1045 3102 quia
1073 3034 1159 3088 hic
1186 3035 1461 3089 hominum
1485 3037 1591 3089 vita
1624 3054 1729 3092 non
1755 3046 1867 3103 est,
1893 3055 2051 3109 quam
2091 3054 2211 3095 esse
2245 3039 2370 3094 alibi

803 3130 1050 3177 testatur.
1098 3122 1267 3177 liabet
1292 3139 1421 3194 ergo
1459 3125 1618 3180 homo
1661 3126 1806 3198 [hoc]
1847 3129 2075 3196 amplius
2110 3126 2369 3195 iumentis

2471 1967 2561 2035 qui
2604 1977 2728 2023 ante
2754 1984 2859 2024 non
2888 1977 3061 2034 erant,
3089 1969 3183 2024 sed
3215 1969 3389 2023 subito
3416 1976 3720 2024 nascuntur.
3756 1968 3895 2035 Quid
3923 1983 4018 2022 va-

2469 2057 2590 2111 nius
2614 2057 2716 2111 hac
2742 2058 2994 2122 vanitate,
3023 2072 3185 2127 quam
3209 2064 3408 2113 terram
3440 2072 3676 2123 manere,
3699 2072 3817 2126 qua
3841 2058 4017 2112 homi-

2468 2160 2597 2199 num
2644 2160 2803 2199 causa
2850 2143 2988 2199 facta
3030 2152 3135 2212 est,
3157 2153 3213 2200 et
3238 2146 3410 2214 ipsum
3434 2145 3722 2208 hominem,
3746 2152 3905 2200 terra:
3924 2145 4021 2201 do-

2468 2232 2670 2287 minum
2695 2272 2713 2297 ,
2756 2218 2811 2286 in
2856 2231 3126 2301 pulverem
3182 2238 3399 2300 repente
3441 2230 3690 2286 dissolvi?
3738 2230 4023 2301 Signanter

2467 2323 2621 2387 dixit,
2636 2334 2775 2377 terra
2794 2324 2849 2375 in
2872 2321 3117 2400 secutum
3135 2330 3258 2387 stat,
3275 2336 3380 2376 non
3400 2322 3453 2376 in
3472 2320 3662 2378 stecula
3679 2320 4020 2386 mulorum,

2467 2413 2591 2481 quia
2635 2412 2826 2468 emtum
2854 2420 2907 2467 et
2936 2421 3079 2469 terra
3119 2411 3440 2477 transibunt,
3463 2419 3516 2466 et
3539 2424 3663 2467 ecce
3686 2408 3826 2465 facta
3857 2414 4021 2466 erunt
4050 2416 4053 2418 ’

2467 2502 2645 2557 omnia
2668 2515 2826 2555 nova.
3764 2554 3766 2557 ,
3903 2516 3913 2531 ⁷
3976 2568 3979 2569 ν

2538 2591 2701 2645 Vens.
2731 2590 2784 2644 5.
2799 2586 3064 2644 —Oritur
3081 2587 3180 2654 sol,
3203 2597 3251 2642 et
3277 2588 3484 2653 occidit,
3504 2596 3553 2641 et
3577 2586 3645 2640 ad
3672 2585 3838 2640 locum
3864 2602 4017 2640 suum

2470 2681 2753 2742 reuertitur,
2781 2689 2836 2733 stt
2881 2680 3065 2733 iterum
3111 2678 3328 2733 oriatur.
3357 2677 3473 2747 Ipse
3500 2677 3599 2743 sol,
3633 2676 3723 2746 qui
3749 2674 3817 2731 ad
3842 2675 4020 2732 lucem

2470 2766 2785 2821 mortalibus
2830 2767 2986 2821 datus
3028 2772 3127 2830 est,
3158 2774 3281 2822 ortu
3321 2780 3420 2821 suo
3458 2774 3513 2820 et
3555 2780 3746 2821 occasu
3783 2763 4027 2835 quotidie

2470 2853 2743 2908 interitum
2770 2853 2950 2909 mundi
2982 2853 3325 2919 demonstrat,
3353 2853 3444 2922 qui
3469 2868 3566 2923 per
3588 2852 3883 2923 incognitas
3904 2853 4022 2907 vias

2469 2942 2625 2996 nobis
2666 2942 2733 2995 ab
2761 2956 2971 3005 occasu,
3011 2941 3077 2996 ad
3123 2934 3298 2997 ortum
3348 2942 3677 3013 regreditur,
3706 2940 4021 3015 expletoque

2468 3032 2642 3087 noctis
2666 3031 2884 3096 circulo,
2914 3031 2982 3087 de
3002 3032 3242 3088 thalamo
3284 3048 3383 3089 suo
3417 3047 3585 3088 novus
3615 3033 3872 3088 exoritur.
3888 3028 3895 3052 λ’
3906 3032 4020 3087 Hoc

2469 3129 2647 3176 autem
2694 3128 2860 3176 totum
2893 3119 3090 3174 ideirco
3139 3121 3286 3184 dicit,
3340 3127 3399 3173 ut
3425 3120 3611 3177 doceat
3639 3118 4019 3174 mutationibus

802 3216 949 3287 quod
976 3215 1063 3269 illa
1089 3224 1209 3285 post
1238 3188 1463 3271 moriem
1496 3233 1599 3270 non
1630 3188 1831 3283 vivunt,
1863 3188 1952 3273 hic
1974 3188 2261 3275 verovtunc
2288 3220 2367 3273 vi-
2395 3188 2438 3247 (δ
2470 3216 2515 3263 ιε

2303 3220 2367 3273 ι-ί-
2395 3188 2438 3247 (ἶ
2470 3214 2871 3276 tcmporumet
2914 3216 3034 3262 ortu
3079 3222 3374 3277 occasuque
3415 3196 3688 3285 siderum,
3729 3208 4016 3265 humanam

802 3318 930 3360 vere
961 3304 1196 3369 inchoat,
1221 3319 1341 3358 cum
1371 3321 1466 3373 per
1488 3314 1713 3360 mortem
1739 3308 1919 3362 carnis
1938 3308 2077 3363 hanc
2102 3308 2369 3363 visibilem

803 3393 969 3445 vitam
1012 3402 1369 3445 consummat.
1410 3393 1511 3458 Qui
1557 3396 1717 3447 etiam
1751 3395 1903 3461 longe
1947 3396 2168 3449 inferius
2195 3396 2364 3450 dicit:

806 3477 1160 3547 Quodcunque
1183 3488 1347 3548 potest
1376 3496 1560 3532 manus
1587 3489 1678 3532 tua
1702 3480 1890 3549 facere,
1920 3482 2172 3535 instanter
2197 3498 2371 3551 opera-

802 3585 879 3632 re,
905 3570 1030 3638 quia
1055 3585 1145 3621 nec
1174 3585 1320 3637 opus,
1348 3587 1438 3622 nec
1468 3572 1599 3624 ratio
1618 3609 1635 3636 ,
1664 3590 1753 3625 nec
1777 3574 2030 3643 sapientia
2046 3618 2059 3639 ,
2092 3592 2181 3627 nec
2201 3575 2368 3628 scien-

800 3657 879 3709 tia
900 3657 997 3710 erit
1018 3656 1159 3726 apud
1180 3657 1392 3726 inferos,
1430 3676 1533 3728 quo
1568 3670 1623 3713 tu
1650 3677 1893 3729 properas
1935 3660 2131 3731 (Eccle.
2159 3678 2231 3723 Ix,
2260 3660 2365 3732 l0).

804 3744 1085 3810 Quomodo
1104 3760 1232 3815 ergo
1245 3761 1383 3799 unus
1407 3747 1655 3800 interitus
1681 3756 1761 3801 est
1786 3749 2018 3804 hominis
2042 3760 2095 3804 et
2115 3748 2365 3816 iumenti,

803 3842 858 3888 et
888 3848 1039 3903 :cqua
1068 3836 1343 3905 utriusque
1365 3838 1635 3893 conditio?
1656 3839 1747 3893 aut
1767 3842 2032 3908 quomodo
2054 3840 2185 3901 nihil
2211 3842 2369 3896 habet

803 3924 966 3978 homo
986 3924 1244 3992 jumentis
1270 3927 1497 3993 amplius
1520 3968 1535 3992 ,
1564 3944 1684 3981 cum
1709 3928 1948 3995 iumenta
1985 3940 2105 4000 post
2141 3941 2366 3986 mortem

804 4012 983 4080 caulis
1009 4027 1112 4066 non
1143 4014 1347 4078 vivunt,
1370 4013 1641 4068 hominum
1670 4031 1798 4071 vero
1824 4018 2066 4085 spiritus,
2088 4033 2185 4088 pro
2216 4020 2368 4074 malis

803 4101 920 4155 suis
945 4102 1211 4172 operibus,
1241 4110 1360 4172 post
1388 4111 1616 4157 mortem
1648 4106 1826 4159 carnis
1870 4107 1937 4161 ad
1975 4105 2174 4161 inferos
2204 4107 2370 4162 dedu-

803 4190 899 4253 cti,
927 4206 1025 4245 nec
1054 4191 1107 4244 in
1137 4193 1249 4259 ipsa
1271 4200 1442 4245 morte
1462 4194 1781 4246 moriuntur.
1804 4193 1909 4247 Sed
1932 4195 1986 4246 in
2014 4202 2238 4262 utraque
2259 4206 2367 4249 tam

804 4278 1004 4347 dispari
1048 4282 1311 4335 sententia
1350 4282 1742 4336 demonstratur
1766 4282 1887 4349 quia
1920 4283 2260 4338 concinnatur
2282 4299 2367 4337 ve-

807 4380 923 4431 rax,
945 4374 997 4420 et
1023 4364 1149 4423 illud
1172 4384 1237 4423 ex
1269 4371 1557 4424 tentatione
1579 4370 1778 4424 carnali
1802 4371 1997 4435 intulit,
2029 4372 2203 4425 ethoc
2225 4380 2369 4441 post-

803 4456 1017 4511 modum
1040 4474 1112 4543 ex
1141 4459 1365 4527 spiritali
1387 4460 1612 4513 veritate
1638 4459 1894 4512 deﬁnivit.
1935 4479 1953 4509 ι
1987 4458 2093 4513 Has
2128 4475 2254 4514 vero
2290 4461 2367 4514 di-
2395 4494 2442 4552 υ

802 4560 988 4600 versas
1027 4539 1275 4599 human-a3
1310 4546 1505 4598 mentis
1554 4546 1832 4613 opiniones
1876 4545 2161 4615 diligenter
2209 4546 2367 4615 hujus

802 4633 925 4689 libri
973 4632 1141 4688 lector
1181 4632 1468 4703 intelligat,
1502 4632 1625 4701 quid
1655 4633 1739 4686 cui
1768 4635 2051 4687 conveniat
2094 4648 2362 4701 personae;

803 4730 858 4773 et
884 4731 1070 4775 caveat
1095 4737 1159 4775 ne
1187 4723 1239 4775 in
1273 4722 1486 4789 Epicuri
1512 4722 1758 4789 dogmata
1781 4722 1937 4774 cadat
1963 4736 2027 4773 ex
2058 4721 2214 4788 hujus
2246 4721 2366 4776 libri

802 4811 1051 4874 lectione,
1080 4810 1127 4863 si
1156 4811 1463 4876 diligentius
1489 4826 1593 4863 non
1623 4811 1870 4864 discutiat
1904 4811 2032 4879 quid
2079 4827 2143 4865 ex
2187 4812 2367 4879 cuius-

800 4914 905 4970 que
927 4914 1166 4968 persona:
1198 4898 1492 4953 tentatione
1523 4899 1865 4951 concionator
1890 4900 1989 4952 iste
2016 4900 2225 4953 dixerit.

874 4990 1036 5041 Vens.
1064 4989 1118 5042 2.
1141 5019 1209 5027 --
1240 4986 1451 5041 Vanitas
1498 4988 1798 5048 sanitatum,
1830 4988 1959 5037 dixit
2001 4986 2357 5051 Ecclesiastes,

802 5077 1001 5129 vanitas
1023 5078 1391 5137 vanitatum,et
1414 5075 1587 5126 omnia
1618 5076 1834 5127 vanitas.
1867 5073 1920 5127 Si
1944 5073 2095 5141 juxta
2126 5075 2361 5129 Psalmo¥

801 5163 983 5231 graphi
998 5162 1340 5223 sententiam,
1358 5160 1531 5212 omnis
1547 5160 1705 5213 homo
1718 5160 1901 5213 vivens
1917 5160 2145 5225 vanitas,
2162 5173 2361 5229 quanto

803 5251 973 5318 magis
997 5250 1391 5303 irrationabiles
1412 5258 1670 5304 creatura:
1700 5259 1843 5303 recte
1868 5250 2116 5304 dicuntur
2138 5250 2359 5305 vanitati

802 5336 1096 5404 subiacere,
1142 5337 1279 5389 sicut
1308 5337 1593 5404 Apostolus
1631 5338 1739 5389 ait:
1777 5336 2004 5391 Vanitati
2041 5339 2175 5391 enim
2217 5357 2361 5393 crea-

801 5432 922 5475 tura
963 5423 1191 5486 subiecta
1236 5431 1315 5475 est.
1358 5418 1534 5491 (Rom.
1581 5439 1695 5487 vm,
1741 5424 1866 5492 20)?
1904 5424 2169 5492 Quidquid
2216 5428 2371 5480 enim’

806 5509 1060 5563 mutabile
1102 5517 1204 5572 est,
1227 5518 1281 5563 et
1313 5526 1419 5563 non
1447 5525 1565 5564 esse
1608 5513 1802 5578 poterit
1841 5512 1982 5582 quod
2022 5522 2121 5577 est,
2150 5517 2359 5569 vanitas

804 5600 1055 5671 appellari
1082 5608 1228 5655 recte
1253 5609 1459 5669 potest:
1486 5616 1609 5656 nam
1650 5600 1789 5657 Deus
1811 5602 1954 5656 solus
1993 5602 2358 5670 immutabilis,

875 5720 899 5748 ι
928 5710 1001 5763 Ex
1032 5719 1216 5767 sancto
1245 5711 1583 5784 Hieronymo,
1605 5721 1658 5765 ut
1685 5712 1935 5782 pleraque
1956 5715 2250 5781 sequentia.

2468 3304 2677 3349 aetatem
2699 3295 2826 3360 labi,
2850 3303 2905 3348 et
2925 3295 3140 3350 interire
3166 3295 3291 3350 dum
3314 3296 3534 3352 nesciat.

2536 3381 2700 3454 414
2743 3382 2905 3438 Vsus.
2937 3383 2988 3437 6.
3009 3411 3084 3424 —-
3129 3382 3281 3437 Vadit
3307 3384 3376 3439 ad
3405 3384 3670 3450 Austrum,
3700 3392 3747 3438 et
3772 3393 3922 3455 gyrat
3948 3385 4020 3441 ad

2468 3471 2791 3541 Aquilonem,
2820 3489 3009 3542 gyrans
3034 3471 3265 3544 gyrando
3294 3473 3430 3525 vadit
3453 3473 3663 3543 spiritus
3685 3488 3775 3542 per
3798 3473 4021 3527 circulos

2467 3575 2607 3612 suos.
2633 3560 2809 3627 Ipsum
2834 3559 2998 3614 solem
3025 3559 3269 3627 spiritum
3302 3560 3612 3624 nominavit,
3635 3560 3756 3628 quia
3795 3560 4016 3623 animet,

2468 3654 2522 3700 et
2548 3647 2789 3716 inspiret,
2815 3655 2869 3701 et
2908 3647 3140 3702 viviﬁcet
3183 3647 3390 3712 omnia,‘
3409 3648 3547 3702 sicut
3584 3648 3726 3702 veris
3759 3656 4018 3715 tempore,

2468 3736 2523 3789 in
2568 3751 2673 3804 quo
2713 3735 3029 3806 principium
3072 3736 3252 3790 mundi
3307 3735 3600 3789 aestimatur
3628 3748 3764 3797 esse,
3794 3735 4019 3805 singulis

2468 3822 2623 3876 annis
2666 3822 2906 3876 videmus
2931 3841 2943 3874 :
2967 3822 3178 3889 obliqua
3223 3821 3365 3875 enim
3404 3820 3539 3875 linea
3569 3829 3651 3876 est
3678 3820 3875 3891 zodiaci
3905 3822 4015 3876 cir-

2468 3911 2594 3975 culi,
2626 3918 2681 3963 et
2722 3923 2854 3964 zona
2896 3908 3047 3979 [Hs.,
3077 3908 3259 3965 circuli
3286 3907 3461 3981 zona],
3496 3924 3590 3978 per
3627 3920 3786 3979 quam
3825 3925 4017 3964 cursus

2468 4007 2551 4053 est
2575 3998 2721 4053 solis.
2754 3999 2875 4054 Ideo
2899 4000 3125 4054 brumali
3164 4007 3403 4067 tempore
3428 4000 3496 4054 ad
3518 3998 3789 4062 ausu-alia,
3812 3998 4015 4057 devexo

2468 4090 2681 4143 tramite
2718 4090 2887 4160 vergit
2930 4091 3027 4153 sol,
3056 4098 3110 4144 et
3134 4090 3326 4143 iterum
3354 4090 3536 4144 aestivo
3560 4088 3759 4143 circulo
3788 4103 3845 4143 se
3879 4090 4016 4144 tollit

2470 4178 2535 4233 ad
2560 4178 2818 4244 borealia,
2850 4195 2918 4235 ne
2942 4181 2987 4235 si
3014 4194 3120 4234 uno
3142 4180 3299 4235 modo
3326 4184 3589 4243 curreret,
3607 4178 3708 4233 alia
3731 4179 3893 4242 calor,
3911 4180 4011 4233 alia

2469 4268 2636 4337 frigus
2680 4272 3033 4323 consunieret.
3077 4268 3246 4322 Aliter
3277 4281 3401 4322 vero
3432 4285 3443 4320 :
3471 4266 3835 4323 Sol'Christns
3873 4268 4013 4321 Deus

2467 4358 2645 4411 omnia
2661 4356 2893 4412 viviﬁcat
2911 4365 2965 4411 et
2984 4345 3245 4411 illuminat
3267 4357 3519 4425 spiritalis
3539 4357 3722 4427 gratiae
3736 4354 4013 4424 splendore

2468 4456 2521 4502 et
2546 4449 2762 4511 virtute,
2789 4448 2842 4499 in
2870 4446 3018 4514 cujus
3052 4448 3238 4516 pennis
3279 4447 3478 4500 sanitas
3502 4454 3580 4500 est
3605 4464 3617 4498 :
3644 4444 3735 4513 qui
3778 4443 4010 4498 credenti

2468 4538 2522 4589 in
2564 4551 2684 4591 eum
2722 4536 2871 4609 [Μία
2899 4538 2953 4592 in
2983 4538 3068 4593 eoi
3110 4522 3298 4604 oritur,
3324 4546 3379 4593 et
3428 4535 3621 4591 inﬁdeli
3668 4534 3882 4590 cuilibet
3923 4550 4011 4590 oce

2471 4626 2618 4679 cidit.

2538 4716 2701 4770 Vens.
2734 4717 2787 4769 7.
2802 4746 2872 4755 —
2888 4715 3074 4770 Omnia
3095 4716 3311 4784 ﬂumina
3330 4716 3520 4768 intrant
3542 4715 3593 4767 in
3620 4730 3779 4777 mare,
3800 4722 3847 4765 et
3870 4727 4009 4764 mars

2470 4818 2572 4854 non
2616 4802 2897 4866 redundat,
2920 4804 2988 4855 ad
3026 4803 3193 4856 locum
3222 4803 3355 4857 unde
3382 4797 3565 4856 exeunt
3590 4802 3807 4871 ﬂumina
3847 4814 4012 4853 rever-

2468 4896 2670 4951 tuntur,
2698 4896 2753 4939 ut
2801 4889 2987 4942 iterum
3029 4891 3211 4959 ﬂuant.
3260 4892 3450 4944 Dicunt
3487 4887 3815 4958 philosophi,
3844 4900 4008 4955 aquas

2465 4976 2645 5033 dulces
2682 4990 2799 5044 qua:
2846 4976 2898 5031 in
2943 4993 3088 5032 mare
3126 4977 3371 5043 inﬂuunt,
3401 4977 3483 5031 vel
3524 4974 3741 5031 ardente
3787 4975 4008 5044 desuper

2464 5064 2576 5120 sole
2615 5065 2884 5128 consumi,
2914 5064 2997 5119 vel
3020 5064 3300 5133 salsuginis
3324 5068 3488 5119 maris
3514 5078 3630 5118 esse
3655 5061 3863 5131 pabula.
3903 5061 4008 5117 Sed

2466 5150 2566 5224 [et]
2588 5152 2939 5210 Ecclesiastes
2960 5160 3156 5215 noster,
3182 5155 3232 5209 id
3257 5163 3340 5210 est
3358 5153 3600 5209 Christus
3627 5137 3858 5221 ipsarum
3882 5166 4005 5208 con—

2464 5243 2606 5297 ditor
2641 5256 2921 5311 aquarum,
2953 5242 3083 5297 dicit
3121 5242 3268 5314 μὴ..
3301 5240 3467 5313 ducit]
3506 5256 3599 5297 eas
3640 5258 3731 5313 per
3773 5238 4006 5295 occultas

2465 5339 2621 5384 terra:
2645 5344 2809 5383 venas
2835 5329 2905 5384 ad
2929 5331 3102 5399 capita
3124 5329 3349 5384 fontium
3371 5330 3597 5401 regredi,
3617 5340 3673 5386 et
3697 5328 3761 5382 de
3785 5327 4022 5384 matrice.

2464 5416 2657 5486 abysso
2702 5403 2757 5469 in
2804 5430 2899 5471 sua
2938 5432 3149 5485 semper
3173 5416 3360 5479 bullire
3401 5416 3677 5487 principia.
3724 5414 4007 5471 Possumus

2465 5511 2664 5568 tamen,
2698 5505 2797 5560 sub
2837 5504 3113 5561 ﬂuminum
3141 5512 3193 5560 et
3238 5507 3402 5563 maris
3444 5504 3677 5569 nomine,
3700 5518 3795 5574 per
3838 5509 4021 5567 metr.

2465 5594 2686 5663 phoram
2722 5597 2965 5651 homines
2992 5594 3138 5665 [.lls.,
3168 5596 3453 5652 humanum
3480 5595 3664 5666 genus]
3700 5591 4001 5661 intelligere.
