4338 6394
194 449 297 501 673

1038 451 1441 500 ιλιίιωιωι.
1482 474 1552 485 -—
1593 404 1941 501 LUSMLNI‘.
1986 451 2049 500 Ιᾱ
2087 450 2609 505 ECCLESIASTEN.

3266 503 3278 511 .
3311 454 3416 509 οτι

193 559 282 629 qui
310 558 363 613 in
389 567 610 621 terram,
634 559 776 614 unde
806 556 1001 627 sumpti
1028 563 1170 622 sunt,
1198 558 1442 619 redeunt,
1465 563 1743 626 postquam
1775 562 1818 619 Α
1850 557 1999 613 Hanc
2038 563 2422 631 occupationem
2450 563 2723 632 pessimam
2766 566 2904 619 dedit
2934 566 3072 620 Deus
3098 568 3224 635 ﬁliis
3250 569 3417 623 homi-

192 650 249 704 in
274 648 445 717 primo
464 648 749 702 audierunt
766 655 1041 717 peccatore
1069 663 1080 697 :
1111 646 1275 700 Terra
1297 662 1375 708 es,
1398 654 1453 699 et
1473 648 1526 699 in
1554 655 1751 699 terram

191 741 331 805 ibis;
361 754 459 795 nec
483 748 663 795 tamen
691 750 831 795 terra
874 740 1125 809 impletur
1150 740 1487 793 multitudine
1514 747 1750 793 mortuo—

192 844 424 969 Νεῖλε.
458 916 511 969 8.
533 944 604 953 -
623 914 830 967 Cuncta
854 931 933 967 res
960 914 1186 982 diﬁciles
1207 954 1222 977 ,
1252 931 1354 968 non
1394 926 1556 984 potest
1599 918 1751 969 homo

188 1022 277 1059 eas
312 1005 567 1075 explicare
610 1022 860 1059 sermone.
914 1004 1035 1059 Non
1082 1015 1351 1059 saturatur
1394 1007 1573 1060 oculus
1618 1010 1749 1071 visu,

189 1110 282 1147 nec.
316 1096 463 1148 auris
502 1092 743 1162 impletur
784 1094 987 1146 auditu.
1027 1092 1338 1148 Nullatenus
1387 1094 1528 1147 valet
1574 1110 1752 1150 sermo

185 1183 456 1253 explicare
482 1197 674 1237 causas
704 1190 1025 1251 naturasque
1065 1198 1273 1247 rerum;
1304 1199 1402 1238 nec
1438 1185 1624 1239 oculus
1667 1202 1751 1239 sa-

185 1272 380 1335 turari,
403 1279 460 1324 ut
481 1272 555 1325 rei
584 1272 751 1341 possit
770 1272 1080 1341 dignitatem
1103 1273 1297 1327 intueri
1326 1272 1473 1343 [Λίδη
1502 1290 1599 1329 nec
1624 1292 1751 1331 ocu-

187 1361 292 1425 lus,
318 1370 379 1415 ut
406 1362 481 1415 rei
519 1362 693 1431 poscit
717 1363 967 1433 dignitas,
995 1363 1243 1433 intueri);
1271 1378 1368 1417 nec
1398 1364 1566 1428 auris,
1598 1366 1750 1419 insti-

187 1459 374 1505 tuente
419 1451 656 1515 doctore,
682 1452 749 1506 ad
774 1466 1033 1505 summam
1066 1467 1245 1506 rerum
1274 1453 1517 1506 notitiam
1563 1469 1751 1522 perve-

187 1540 324 1594 nire.
367 1538 500 1593 Nam
539 1540 696 1594 modo
728 1541 906 1594 omnia
948 1540 1004 1593 in
1034 1540 1315 1609 :enigmate
1360 1551 1667 1603 cernuntur.
1696 1552 1750 1597 et

186 1644 254 1684 ex
274 1639 430 1699 parte
451 1630 835 1700 intelliguntur,
856 1630 1023 1685 donec
1046 1629 1282 1700 perfecta
1303 1633 1479 1686 veniat
1504 1633 1745 1696 scientia,

186 1736 308 1788 quse
334 1721 387 1775 in
415 1721 515 1776 hoc
540 1721 753 1789 mortali
775 1735 997 1790 corpore
1024 1736 1143 1776 esse
1165 1737 1269 1776 non
1295 1724 1511 1791 poterit.
1546 1723 1747 1779 Tamen

187 1812 303 1865 lucc
334 1810 597 1865 sententia
627 1810 856 1863 maxime
884 1817 1069 1864 contra
1102 1824 1195 1864 eos
1226 1811 1336 1879 agit
1372 1812 1483 1879 qui,
1521 1811 1635 1864 sine
1671 1813 1747 1866 la-

1854 665 1995 712 num,
2027 660 2081 701 ut
2111 650 2473 702 distendantur
2495 652 2549 703 in
2574 668 2656 704 ea.
2688 652 2843 706 Dedit
2885 668 3032 720 vero,
3065 656 3219 719 dixit,
3248 672 3312 711 eo
3339 658 3417 711 lo-

1851 740 2077 792 cutionis
2099 754 2291 807 genere
2315 755 2421 808 quo
2452 740 2737 808 Apostolus
2755 743 2821 796 ad
2847 744 3115 799 Romanos
3143 747 3215 799 ait
3244 764 3255 798 :
3283 746 3414 799 Tra-

1849 830 1980 880 didit
2024 845 2109 881 eos
2148 828 2287 881 Deus
2324 830 2378 881 in
2425 832 2697 897 reprobum
2743 848 2944 885 sensum
2972 832 3150 901 (Rom.
3181 850 3218 897 ι,
3250 834 3324 903 6).
3358 836 3414 889 Id

1850 926 1952 979 est,
1983 920 2225 985 permisit
2270 933 2379 978 cos.
2430 928 2647 987 propter
2695 922 3043 989 praecedentia
3089 932 3327 992 peccata,
3359 926 3412 977 in

1851 1008 2134 1075 reprobum
2174 1008 2362 1061 cadere
2402 1022 2636 1061 sensum.
2671 1008 2952 1078 Proposuit
2981 1028 3108 1081 ergo
3148 1012 3414 1066 Ecclesia-

1848 1106 1973 1157 stes,
2003 1098 2177 1164 primo
2200 1096 2360 1166 515
2398 1085 2637 1149 omnium
2680 1113 2775 1153 cor
2807 1114 2958 1152 suum
3002 1102 3067 1154 ad
3099 1101 3411 1167 sapientiam

1849 1180 2253 1255 requirendam,
2283 1196 2336 1240 et
2376 1188 2515 1241 ultra
2564 1189 2764 1243 licitum
2794 1206 2851 1245 se
2891 1193 3202 1255 extendens,
3248 1192 3415 1247 voluit
3474 1256 3475 1263 η

1849 1290 2038 1328 causas
2069 1275 2405 1340 rationesque
2445 1289 2782 1343 cognoscere,
2814 1292 2978 1345 quare
3007 1280 3211 1347 parvuli
3244 1280 3415 1333 corri—

1848 1368 2103 1433 percntur
2138 1379 2167 1415 a
2204 1365 2463 1426 diemone,
2490 1380 2586 1417 cur
2634 1365 2906 1436 naufragia
2952 1368 3069 1436 pios
3117 1368 3411 1437 impiosque

1848 1454 2049 1520 pariter
2072 1453 2455 1508 absorberent:
2484 1462 2661 1505 utrum
2692 1454 2803 1506 hcce
2830 1463 2882 1506 et
2910 1454 2994 1508 liis
3023 1455 3214 1508 similia
3247 1470 3407 1509 causa

1849 1539 2001 1609 μὴ..
2028 1538 2177 1609 casu]
2203 1540 2495 1603 evenirent,
2524 1554 2590 1592 an
2615 1538 2815 1606 judicio
2843 1542 2932 1594 Dei
2973 1550 3028 1596 et
3052 1544 3405 1611 providentia.

1850 1627 1905 1681 Si
1952 1643 2056 1681 non
2083 1627 2305 1695 judicio,
2338 1628 2426 1680 ubi
2457 1629 2788 1695 providentia
2816 1630 2910 1684 Dei
2934 1631 2999 1683 II?
3045 1631 3188 1696 llaec,
3213 1633 3407 1701 inquit,

1847 1734 2002 1772 nosse
2028 1718 2354 1779 desiderans,
2383 1718 2617 1771 intellexi
2644 1718 2962 1788 superﬂuam
2986 1736 3191 1785 curam,
3220 1730 3274 1775 et
3302 1722 3409 1775 sol-

1847 1811 2173 1865 licitudinem
2210 1824 2306 1877 per
2333 1810 2540 1862 diversa
2587 1811 2935 1875 cruciantem,
2966 1826 2995 1864 a
3027 1811 3135 1865 Deo
3176 1811 3407 1868 homini-

188 1899 321 1953 hore
342 1906 397 1953 et
415 1898 648 1952 discendi
669 1897 865 1962 studio,
888 1904 1190 1951 sanctarum
1222 1896 1617 1967 Scripturarum
1644 1901 1743 1954 sibi
1777 1882 1821 1941 Β
1850 1902 1949 1956 bus
1974 1902 2147 1955 datam
2166 1940 2180 1963 ,
2212 1909 2271 1953 ut
2315 1901 2452 1954 scire
2481 1902 2693 1969 cupiant
2724 1903 2864 1969 quod
2901 1903 3037 1956 scire
3064 1917 3170 1957 non
3203 1902 3406 1956 licitum

186 1990 431 2044 notitiam
472 1988 809 2059 promittunt,
836 1988 1165 2043 azstimantes
1197 2003 1255 2043 se
1302 1990 1592 2061 sapientes,
1625 2006 1745 2044 cum

186 2091 312 2137 sunt
344 2083 672 2152 insipientes.

258 2174 422 2227 Vsus.
453 2172 504 2235 9,
541 2170 720 2225 i0.‘-—-
749 2170 887 2236 Quid
928 2180 1001 2225 est
1028 2171 1166 2241 quod
1207 2172 1348 2241 fuit?
1389 2174 1579 2241 ipsum,
1606 2175 1745 2240 quod

186 2262 421 2332 futurum
446 2271 542 2316 est.
575 2261 713 2327 Quid
742 2270 815 2315 est
846 2263 983 2331 quod
1010 2262 1205 2331 factum
1246 2272 1318 2316 est
1337 2263 1362 2315 1
1388 2265 1576 2333 ipsum,
1607 2264 1744 2333 quod

184 2352 482 2419 faciendum
505 2359 600 2405 est.
640 2348 787 2404 Nihil
811 2350 903 2405 sub
936 2349 1043 2404 sole
1072 2366 1275 2415 novum,
1302 2368 1392 2404 nec
1431 2351 1561 2405 ualet
1603 2353 1742 2421 quis-

186 2461 343 2514 quam
371 2445 562 2509 dicere,
583 2442 715 2497 'ecce
760 2444 856 2497 hoc
890 2460 1061 2497 recens
1094 2453 1187 2497 est.
1218 2443 1294 2499 De
1326 2444 1533 2497 naturis
1558 2445 1610 2497 in
1635 2445 1743 2512 pri-

187 2528 397 2585 mordio
411 2529 597 2584 mundi
612 2530 807 2584 creatis
824 2529 1034 2587 videtur
1052 2530 1243 2593 dicere,
1258 2539 1312 2585 et
1333 2532 1397 2585 de
1410 2532 1744 2585 successione

184 2634 392 2684 earum,
438 2618 706 2688 quomodo
746 2619 983 2683 veniunt,
1029 2626 1083 2674 et
1128 2619 1394 2688 quomodo
1441 2627 1740 2675 transeunt.

183 2706 344 2762 Verbi
390 2707 599 2777 gratia:
625 2706 747 2760 dum
791 2707 951 2761 homo
992 2707 1217 2761 moritur
1240 2746 1254 2770 ,
1284 2706 1443 2759 homo
1483 2708 1737 2761 nascitur.

178 2793 382 2851 Eadem
410 2803 601 2849 natura
640 2792 739 2849 fuit
760 2795 1057 2860 merientis,
1088 2809 1207 2863 qute
1233 2792 1289 2849 et
1317 2796 1587 2848 nascentis
1612 2796 1736 2848 erit.

181 2883 443 2939 Similiter
466 2885 531 2938 de
552 2885 756 2947 avibus,
780 2884 1032 2953 piscibus,
1057 2885 1391 2954 serpentibus
1418 2893 1472 2939 et
1494 2886 1742 2940 omnibus

181 2973 565 3037 animantibus,
595 2972 987 3044 intelligendum
1012 2982 1111 3037 est,
1144 2990 1243 3029 nec
1268 2991 1374 3029 non
1402 2976 1455 3028 in
1480 2977 1662 3031 herbis
1686 2987 1740 3032 et

182 3063 468 3119 arboribus
512 3064 824 3133 ceterisque
874 3079 1052 3118 rerum
1095 3064 1318 3127 naturis,
1363 3065 1494 3118 nihil
1543 3080 1737 3120 novum

183 3153 457 3209 invenitur
474 3154 613 3223 quod
639 3162 761 3209 ante
782 3169 888 3208 non
911 3162 1051 3209 esset
1074 3169 1088 3207 :
1110 3154 1237 3209 nihil
1263 3156 1581 3225 periturum,
1596 3158 1737 3225 quod

1844 1999 1943 2043 est.
1992 1990 2057 2043 Et
2098 1991 2199 2044 hoc
2243 1997 2461 2059 propter
2506 1991 2902 2053 curiositatem,
2932 1990 2985 2043 in
3025 2006 3186 2059 quam
3214 2006 3272 2045 se
3309 2008 3406 2047 sua

1844 2088 2029 2147 sponte
2052 2079 2366 2147 injecerunt,
2393 2078 2636 2146 permisit
2655 2093 2747 2131 eos
2770 2079 2908 2132 Deus
2929 2077 3005 2149 [in
3035 2079 3135 2151 eis]
3164 2080 3407 2137 laborare

1844 2168 2121 2222 eventibus
2146 2166 2268 2219 vita:
2292 2163 2469 2231 hujus,
2501 2166 2553 2218 in
2583 2165 2775 2233 quibus
2801 2166 2997 2219 nullam
3031 2168 3296 2222 rationem
3325 2170 3405 2223 in-

1842 2258 2024 2312 venire
2051 2257 2349 2310 valuerunt.

1912 2348 2075 2401 Vens.
2107 2346 2276 2399 ll.——
2311 2345 2425 2398 Vidi
2450 2362 2565 2415 (litt!
2588 2346 2719 2413 ﬁunt
2746 2356 2929 2399 cuncta
2956 2348 3049 2400 sub
3074 2346 3198 2413 sole,
3220 2356 3267 2401 et
3289 2364 3403 2402 ecce

1842 2439 2078 2491 universa
2122 2438 2319 2490 vanitas
2342 2477 2356 2499 ,
2386 2446 2433 2489 et
2466 2439 2671 2506 aﬂlictio
2717 2440 2948 2507 spiritus.
2990 2439 3159 2493 Aliter
3186 2438 3275 2511 [In
3300 2458 3398 2494 ms.

1842 2527 1996 2580 aliter
2033 2525 2225 2597 omitt.]
2256 2536 2337 2581 est
2372 2542 2559 2582 sensus
2582 2543 2594 2580 :
2617 2527 2961 2583 Consideravi
3008 2531 3251 2584 universa
3285 2546 3404 2600 qua:

1841 2616 1894 2669 in
1920 2617 2117 2669 mundo
2143 2624 2286 2679 sunt,
2313 2625 2366 2670 et
2394 2617 2527 2670 nihil
2552 2616 2693 2670 aliud
2717 2618 3039 2686 deprehendi
3063 2634 3220 2689 quam
3248 2622 3399 2674 vani-

1841 2712 2004 2758 tatem
2048 2714 2103 2758 et
2152 2704 2424 2765 malitiam.
2453 2706 2505 2759 id
2532 2715 2613 2759 est
2657 2708 2901 2762 miserias
2944 2709 3183 2779 spiritus,
3208 2711 3402 2779 quibus

1841 2794 2050 2847 animus
2097 2794 2323 2848 diversis
2372 2794 2627 2865 fatigatur
2680 2796 3105 2864 cogitationibus.
3166 2797 3401 2853 Laborat

1842 2882 1993 2953 [Ms.,
2020 2882 2190 2954 labor]
2217 2884 2429 2951 sapiens
2468 2899 2787 2954 cognoscere
2829 2886 2973 2953 quod
3014 2886 3259 2941 humana:
3292 2902 3399 2941 non

1840 2979 1923 3024 est
1949 2972 2131 3025 datum
2159 2973 2431 3041 sapientia:
2456 2974 2613 3028 scire.
3228 2968 3231 2969 ⁷

1907 3060 2071 3114 Vsus.
2102 3061 2188 3113 15.
2208 3091 2279 3100 -
2301 3061 2538 3115 Pcrversi
2580 3063 2783 3131 difﬁcile
2810 3074 3160 3133 corriguntur,
3190 3056 3239 3119 et
3262 3064 3397 3120 stul-

1839 3154 2009 3202 torum
2040 3149 2273 3217 inﬁnitus
2315 3159 2385 3203 est
2416 3166 2675 3204 numerus.
2708 3150 3025 3205 Sanctorum
3051 3153 3401 3208 numerabilis

182 3250 367 3310 postea
391 3257 498 3296 non
522 3241 615 3296 ﬁat
644 3241 795 3314 μὴ..
820 3242 954 3314 ﬁet].
981 3242 1103 3298 Ideo
1129 3244 1258 3298 dicit
1298 3243 1571 3313 Scriptura
1595 3264 1607 3297 :
1634 3246 1737 3300 ne.
1759 3231 1807 3291 C
1836 3248 1920 3293 est
1962 3240 2262 3304 multitudo,
2304 3240 2585 3293 stultorum
2632 3255 2758 3293 vero
2795 3243 3143 3310 congregatio
3179 3258 3286 3297 non
3314 3251 3400 3298 est

178 3332 385 3401 quievit
414 3332 555 3386 Deus
585 3332 671 3389 die
697 3332 923 3403 septimo
949 3333 1017 3387 ah
1040 3334 1288 3388 omnibus
1310 3335 1563 3403 operibus
1601 3336 1733 3401 suis,

180 3420 237 3476 id
262 3429 363 3487 est,
383 3438 416 3477 a
445 3413 699 3478 novarum
728 3422 997 3478 creatione
1022 3431 1332 3478 naturarum
1357 3426 1604 3490 cessavit,
1629 3442 1735 3481 non

178 3525 212 3564 a
239 3512 638 3583 gubematioae,
670 3512 738 3567 de
762 3526 868 3582 qua
892 3513 1241 3583 ipsa/Veritas
1268 3515 1379 3568 ait:
1406 3513 1565 3569 Pater
1592 3534 1735 3572 meus

180 3572 341 3670 usq”
357 3602 512 3656 modo
536 3572 797 3673 operatur:
810 3613 867 3667 et
890 3572 1209 3674 ego/operor.
1248 3604 1397 3660 Unde
1416 3620 1479 3659 ex
1508 3608 1737 3677 primor-

79 3704 85 3709 ·
180 3689 409 3744 dlalibus
432 3698 795 3745 creaturarum
811 3692 1109 3781 seminibus
1130 3693 1295 3747 totius
1315 3695 1495 3748 seculi
1526 3702 1736 3765 tempus

179 3780 410 3835 naturali
435 3796 594 3836 cursu
617 3782 904 3853 peragitur.

246 3871 411 3924 Vitas.
446 3870 530 3924 ll.
561 3901 628 3913 —-
659 3870 781 3925 lam
808 3872 945 3924 enim
972 3871 1228 3941 prcrcessit
1270 3873 1325 3925 in
1368 3873 1591 3938 suculis,
1618 3892 1734 3945 qua:

176 3960 387 4029 [uerunt
413 3970 533 4015 ante
559 3977 672 4016 nos.
703 3960 826 4015 Non
844 3970 929 4023 est
965 3962 1197 4031 priorum
1222 3964 1493 4028 memoria,
1518 3964 1609 4017 sed
1642 3981 1733 4018 nec

174 4066 355 4104 eorum
384 4050 591 4119 quidem
630 4066 746 4119 qua:
785 4059 897 4119 post
941 4050 1121 4119 futura
1140 4060 1288 4116 sunt,
1322 4053 1419 4105 erit
1446 4053 1733 4107 recordatio

176 4138 320 4209 apud
343 4155 429 4193 eos
452 4138 541 4207 qui
568 4126 733 4208 futuri
758 4145 881 4191 sunt
898 4138 953 4190 iu
974 4138 1265 4192 novissimo.
1296 4139 1445 4193 Sicut
1465 4140 1733 4208 praterita

176 4244 297 4300 qua
329 4228 457 4284 olim
500 4227 740 4289 fuerunt,
772 4227 912 4297 apud
947 4241 1047 4282 nos
1090 4227 1367 4283 abscondit
1411 4229 1626 4291 oblivio,
1654 4228 1733 4283 sic

175 4332 240 4372 ea
284 4332 406 4388 qua:
438 4332 580 4371 nunc
623 4316 898 4371 nobiscum
943 4315 1345 4385 prasentialiter
1375 4316 1527 4381 liunt,
1556 4316 1612 4371 hi
1640 4316 1731 4386 qui

174 4409 325 4463 nasci
347 4408 567 4471 habent,
590 4406 728 4462 scire
747 4422 852 4461 non
874 4413 1136 4476 poterunt.
1154 4405 1287 4472 Quia
1309 4415 1497 4461 cuncta
1520 4408 1731 4463 silentio

174 4497 444 4568 peribunt,
468 4502 523 4548 et
546 4495 694 4565 quasi
711 4512 819 4551 non
842 4495 1054 4559 fuerint,
1075 4496 1485 4560 abscondentur,
1511 4505 1566 4550 et
1580 4512 1727 4551 com-

1837 3344 2061 3385 numero
2088 3329 2266 3399 digna.
2295 3329 2427 3397 Tale
2458 3328 2585 3396 quid
2610 3337 2663 3382 et
2693 3328 2969 3383 Psalmista
3010 3330 3085 3383 ait
3109 3345 3123 3383 :
3146 3329 3397 3386 Dinume-

1837 3419 1961 3472 rabo
1990 3436 2095 3484 eos,
2122 3419 2175 3474 id
2204 3427 2287 3473 est
2328 3429 2572 3485 sanctos,
2602 3437 2756 3489 super
2795 3436 3005 3473 arenam
3035 3422 3196 3475 utaris
3221 3420 3393 3492 (Psal.

1834 3524 2095 3573 cxxxvm,
2122 3509 2233 3581 i8),
2258 3509 2313 3563 id
2340 3517 2423 3563 est
2457 3509 2647 3563 stultos
2672 3510 2763 3579 qui
2788 3524 2966 3565 arena
2993 3517 3389 3580 comparantur.

1837 3596 1987 3652 Sicut
2004 3597 2069 3650 ad
2089 3597 2357 3651 Abraham
2378 3596 2635 3650 Dominus
2653 3597 2786 3650 dixit
2808 3612 2823 3649 :
2846 3597 2914 3649 Et
2932 3598 3031 3650 erit
3052 3613 3224 3651 semen
3244 3606 3391 3650 tuum

1833 3685 1964 3737 sicut
1990 3682 2152 3737 stella
2176 3683 2307 3746 ccli,
2336 3692 2382 3735 et
2406 3684 2537 3736 sicut
2562 3698 2722 3737 arena
2743 3684 2903 3736 maris
2932 3681 3085 3753 (Gen.
3110 3698 3245 3747 uti,
3277 3682 3387 3752 17).

1832 3771 1890 3826 lu
1931 3772 2101 3827 stellis
2126 3772 2360 3843 intellige,
2387 3780 2621 3836 sanctos,
2651 3773 2716 3827 de
2744 3772 2936 3841 quibus
2963 3771 3243 3827 Psalmista
3272 3770 3386 3828 a‘it:

1835 3864 1939 3929 Qui
1977 3872 2214 3917 numerat
2251 3864 2635 3917 multitudinem
2664 3864 2950 3928 stellarum,
2980 3874 3030 3917 et
3052 3865 3288 3919 omnibus
3314 3866 3389 3920 eis

1832 3954 2042 4007 nomina
2088 3962 2234 4006 vocat
2279 3951 2501 4023 (Psalm.
2548 3968 2727 4017 cnvt,
2775 3952 2851 4025 4).
2898 3953 2953 4007 in
2990 3968 3174 4019 arena,
3211 3968 3393 4024 peccao

1832 4053 2006 4110 tores,
2054 4045 2121 4100 de
2163 4044 2357 4113 quibus
2400 4043 2951 4099 dicitur:Perdeatur
2993 4052 3284 4113 peccatores
3325 4045 3391 4098 de

1831 4144 1990 4188 terra.

1899 4222 2063 4275 Vsus.
2098 4221 2184 4275 ιϐ.
2210 4252 2274 4262 -
2295 4220 2363 4275 In
2405 4222 2559 4275 corde
2600 4236 2713 4274 meo
2749 4219 2951 4274 locutus
2994 4236 3129 4285 suus,
3164 4220 3341 4275 dicens
3367 4234 3388 4275 :

1828 4327 1942 4365 ecce
1966 4327 2184 4381 magnus
2212 4311 2423 4380 electus
2451 4325 2586 4374 sum,
2608 4318 2655 4362 et
2677 4309 2913 4379 praecessi
2935 4308 3191 4377 sapientia
3214 4322 3388 4361 omnes

1828 4401 1917 4469 qui
1944 4400 2151 4469 fuerunt
2180 4408 2299 4452 ante
2323 4415 2403 4453 me
2426 4400 2481 4451 in
2513 4397 2860 4461 Hierusalem,
2882 4404 2931 4450 et
2957 4412 3098 4451 mens
3125 4412 3243 4451 mea
3263 4412 3388 4451 cou-

1828 4488 2074 4559 templata
2099 4497 2173 4542 est
2198 4486 2361 4541 multa
2382 4489 2660 4556 sapienter,
2684 4496 2732 4539 et
2758 4486 2960 4540 didicit.
2978 4484 3227 4555 Legimus
3249 4492 3307 4541 et
3329 4485 3385 4540 in

174 4562 409 4655 illabitur
438 4584 524 4639 illa
545 4562 841 4639 sententia:
876 4580 1085 4637 Vanitas
1110 4586 1413 4648 sanitatum,
1442 4587 1615 4639 omnia
1640 4604 1727 4640 ιια-
1755 4562 1803 4620 Ῑ)
1828 4581 2031 4648 Regum
2053 4578 2218 4641 libris,
2250 4576 2429 4631 multis
2456 4576 2728 4645 sapientiae
2760 4574 2921 4630 fuisse
2945 4573 3305 4639 Salomonem,
3329 4580 3387 4628 et

104 4746 107 4747 ν
176 4676 331 4728 nitas.
365 4672 611 4745 [Vanitas
664 4672 971 4745 sanitatum]
999 4674 1120 4742 quia
1150 4676 1328 4729 omnia
1359 4683 1653 4738 transeunt,
1675 4684 1731 4751 et

175 4776 326 4818 more
367 4762 582 4818 ﬂuctuis
630 4779 781 4834 aqua
823 4763 1042 4824 vadunt,
1073 4770 1126 4817 et
1172 4778 1274 4818 non
1317 4765 1583 4818 redibunt.
1630 4764 1727 4819 Cui

175 4852 452 4908 sententia:
478 4860 621 4908 totus
641 4854 870 4909 mundus
895 4855 1044 4909 testis
1072 4862 1172 4917 est,
1200 4864 1255 4909 et
1290 4856 1521 4910 maxime
1543 4856 1728 4912 huma-

174 4956 302 4998 num
328 4956 513 5013 genus.

173 5031 411 5118 ,__v‘”-
439 5030 524 5085 η·
550 5060 619 5071 -·
656 5029 769 5099 Εσο
799 5030 1145 5087 Ecclesiastes
1189 5034 1269 5102 fui
1310 5050 1401 5089 rea:
1445 5033 1643 5100 Israel,
1668 5037 1723 5088 in

176 5115 524 5173 Hierusalem.
554 5119 835 5187 ﬂuensque
860 5118 1100 5188 praelatio
1125 5122 1445 5190 generaliter
1481 5124 1547 5178 de
1568 5123 1725 5191 hujus

175 5206 354 5262 θεαιιί
393 5208 717 5265 vanitatibus
739 5209 990 5278 disputat.
1030 5208 1163 5263 Hinc
1185 5212 1252 5263 ad
1275 5208 1615 5281 semetipsum
1642 5228 1723 5266 re-

174 5298 271 5360 dit,
290 5304 344 5351 et
363 5296 486 5365 quis
504 5307 666 5363 esset,
685 5300 950 5364 ostendit;
977 5300 1057 5354 vel
1078 5301 1342 5368 quomodo
1361 5305 1727 5370 experimento

174 5384 349 5438 omnia
376 5380 681 5453 cognoverit
694 5394 754 5439 et
770 5386 1031 5443 docuerit.
1052 5389 1173 5443 Ideo
1195 5399 1580 5457 consequenter
1601 5394 1725 5446 sub—

169 5470 385 5539 iunxit:
538 5494 541 5497 ·

246 5558 409 5614 τω.
444 5563 532 5617 13.
554 5592 629 5608 --
646 5561 714 5617 Et
738 5566 978 5633 proposui
1004 5568 1059 5619 in
1084 5568 1253 5620 animo
1279 5584 1390 5620 meo
1413 5584 1642 5635 qutrrere
1674 5579 1722 5621 et

84 5668 90 5672 ·
176 5648 478 5719 inuestigare
500 5654 759 5724 sqieuter
784 5652 849 5707 de
890 5654 1123 5707 omnibus
1163 5671 1279 5719 aute
1302 5656 1434 5720 ﬁunt
1476 5654 1568 5707 sub
1595 5654 1720 5709 sole.

1827 4668 1930 4721 hoc
1956 4682 1987 4720 a
2012 4666 2122 4719 Deo
2145 4664 2373 4735 speciale
2394 4665 2588 4719 donum
2610 4679 2720 4733 pra:
2745 4664 2955 4719 ceteris
2982 4662 3161 4718 saeculi
3182 4662 3386 4718 divitiis

1824 4757 1909 4811 vel
1947 4756 2241 4810 honoribus
2268 4754 2567 4824 postulasse
2595 4752 2718 4823 (111
2742 4752 2870 4821 Reg.
2899 4751 3001 4823 ut).
3047 4750 3223 4806 Iundi
3252 4765 3387 4821 ergo
3456 4786 3457 4789 η

1826 4845 2005 4900 cordis
2046 4843 2232 4899 oculus
2272 4842 2494 4896 multam
2524 4841 2838 4909 sapientiam
2864 4848 2919 4894 et
2948 4840 3224 4895 scientiam
3248 4854 3378 4895 conv

1828 4944 2025 4992 tuetur.
2047 4935 2170 4989 Ideo
2196 4948 2299 4987 non
2320 4933 2415 4997 ait,
2432 4930 2651 4986 multam
2684 4930 2997 4998 sapientiam
3030 4938 3085 4985 et
3104 4929 3377 4985 scientiam

1822 5043 1939 5081 sum
1982 5026 2211 5089 locutus,
2240 5024 2333 5079 sed
2362 5022 2603 5095 [multam
2648 5022 2961 5091 sapientiam
2987 5030 3041 5076 et
3060 5018 3375 5096 scientiam]

1823 5115 1955 5168 vidit
1981 5130 2077 5168 cor
2103 5128 2278 5167 meum
2304 5127 2318 5165 :
2342 5128 2448 5166 non
2490 5112 2631 5167 enim
2676 5125 2957 5180 possumus
2993 5109 3169 5178 eloqui
3197 5110 3377 5165 omnia

1823 5220 1940 5274 qua:
1986 5201 2463 5257 sentimus:latior
2501 5207 2583 5255 est
2619 5200 2761 5252 enim
2811 5197 2988 5252 cordis
3029 5196 3375 5269 intelligentia

1823 5310 1981 5365 quam
2007 5292 2118 5347 oris
2151 5291 2534 5361 interpretatio.

1895 5386 2057 5438 Vens.
2088 5383 2172 5436 l7.
2192 5408 2263 5422 —-
2284 5382 2415 5435 Dedi
2435 5396 2635 5450 quoque
2654 5396 2743 5433 cor
2761 5393 2950 5443 meum,
2971 5384 3027 5429 ut
3052 5377 3235 5430 scirem
3252 5392 3379 5446 pru-

1827 5473 2075 5533 dentiam,
2100 5480 2253 5540 atque
2276 5470 2586 5533 doctrinam,
2609 5483 2909 5537 erroresque
2932 5474 2980 5519 et
3006 5465 3301 5531 stultitiam,
3326 5476 3377 5521 et

1828 5560 2009 5629 agnovi
2033 5558 2173 5627 quod
2199 5556 2356 5611 in'liis
2382 5572 2581 5626 quoque
2601 5564 2727 5609 esset
2749 5554 2897 5608 labor
2921 5563 2968 5608 et
2991 5555 3195 5626 aﬁlict'o
3218 5554 3375 5625 spiri-

1827 5660 1929 5704 tus.
1958 5648 2238 5704 Contraria
2284 5647 2568 5702 contrariis
2610 5648 2993 5717 intelliguntur,
3036 5656 3091 5703 et
3120 5647 3376 5719 sapientia

240 5768 272 5801 ι
295 5755 438 5830 Lege
464 5762 532 5825 ex
560 5760 744 5817 sau'ct‘s
762 5761 1091 5831 'llieronymo
1116 5760 1168 5815 in
1196 5763 1336 5818 hunc
1365 5764 1539 5821 locum
1566 5781 1577 5817 :
1601 5780 1619 5816 ‹
1649 5764 1713 5819 Et
1741 5764 1785 5821 si
1807 5779 1952 5829 casu,
1982 5762 2068 5818 ubi
2093 5760 2460 5832 providentia?
2489 5760 2544 5818 Si
2566 5746 2787 5834 Indicio,
2810 5762 2897 5819 ubi
2920 5758 3193 5834 )us‘titia‘?»
3266 5760 3269 5763 ’
