4338 6478
672 556 675 559 ’
704 541 809 598 675

1545 532 1609 587 Β.
1648 531 1712 587 F.
1753 528 1977 586 ALBlNl
2016 528 2149 585 εει]
2191 517 2462 584 ΑιουιΝι
2499 518 2784 583 οΡΕΒυΜ
2815 518 2995 582 PARS
3030 517 3090 580 ll.

3836 518 3956 581 678

701 652 879 724 prima
919 656 1004 706 est
1046 648 1271 705 stultitia
1309 645 1566 703 caruisse,
1614 642 1855 698 Stultitia
1881 650 2060 696 autem
2088 652 2277 695 carere
2305 645 2349 700 Α
2376 640 2717 705 minantium;
2743 637 2946 710 possedi
2973 649 3147 693 servos
3176 643 3223 687 et
3246 634 3486 701 ancillas,
3509 634 3825 707 multamque
3865 636 3957 705 fa-

706 757 818 799 non
842 746 1054 812 potest,
1079 740 1184 794 nisi
1212 738 1305 808 qui
1347 734 1668 791 intellexerit
1695 748 1836 788 eam.
1873 731 2022 786 Unde
2044 727 2102 785 et
2121 730 2276 800 plura

707 838 834 888 sunt
856 830 915 885 in
957 830 1118 885 rebus
1145 827 1307 881 noxia
1349 831 1553 886 creata,
1581 829 1659 884 ut,
1686 820 1813 885 diua
1840 819 2073 873 vitamus
2096 832 2185 880 ea,
2210 816 2280 897 ad

704 919 1025 989 sapientiam
1052 916 1383 971 erudiamur.
1430 910 1677 979 Equalis
1698 922 1828 976 ergo
1870 906 2028 961 studii
2054 904 2155 958 fuit
2180 904 2280 958 Sa-

666 1061 673 1069 .
706 1009 906 1065 lomoni
948 1008 1090 1062 scire
1134 1005 1471 1072 sapientiam,
1519 1013 1763 1054 errorem
1787 1006 1844 1051 et
1875 996 2181 1060 stultitiam,
2222 1002 2283 1047 ut

665 1152 675 1161 ,
707 1097 765 1151 iu
809 1095 1121 1165 appetendis
1147 1093 1285 1156 aliis,
1314 1100 1371 1146 et
1396 1089 1516 1144 aliis
1544 1086 1900 1150 declinandis,
1923 1085 2166 1165 veracins
2191 1097 2278 1137 sa-

679 1160 908 1259 pientia
929 1185 1267 1255 probaretur.
1294 1182 1363 1235 Et
1385 1179 1578 1247 agnovi
1607 1177 1750 1247 quod
1777 1176 1831 1229 in
1853 1160 2158 1243 huiusmodi
2185 1187 2279 1228 co-

709 1273 1061 1344 gitationibus
1116 1270 1334 1325 atllietio
1381 1267 1603 1337 spiritus
1629 1273 1684 1320 et
1724 1263 2059 1333 perturbatio
2115 1260 2282 1353 animi
2316 1324 2317 1333 γ

713 1368 878 1415 esset.

786 1450 952 1505 Vens.
984 1448 1071 1509 l8.
1091 1477 1161 1522 1——
1188 1446 1263 1500 Eo
1286 1449 1422 1516 quod
1451 1446 1504 1497 in
1540 1448 1705 1497 multa
1732 1448 1986 1511 sapientia
2028 1438 2193 1492 multa
2216 1438 2286 1492 sit

709 1541 1041 1611 indignatio;
1080 1549 1129 1591 et
1174 1538 1262 1608 qui
1308 1536 1453 1589 addit
1497 1536 1790 1597 scientiam,
1833 1532 1980 1586 addit
2028 1531 2279 1584 dolorem.

714 1628 929 1695 Quanto
979 1627 1153 1697 magis
1204 1626 1325 1693 quis
1378 1626 1691 1694 sapientiam
1743 1624 1901 1678 fuerit
1945 1630 2278 1683 consecutus,

716 1725 865 1771 tanto
892 1716 1012 1785 plus
1054 1716 1360 1785 indignatur
1401 1714 1681 1782 subiacere
1718 1713 1870 1785 μη,
1912 1711 2196 1782 subjicere]
2226 1725 2285 1764 se

712 1805 882 1869 vitiis,
910 1813 966 1859 et
988 1802 1171 1873 procul
1203 1817 1320 1857 esse
1347 1818 1379 1856 a
1403 1803 1696 1857 virtutibus
1733 1817 1866 1870 quas
1902 1800 2130 1867 requirit
2154 1817 2168 1851 :
2190 1799 2287 1852 do—

714 1891 791 1947 let
812 1890 1192 1960 ignorantiam,
1222 1890 1349 1943 dum
1392 1891 1584 1958 quaerit
1624 1890 1922 1944 scientiam.
1952 1887 2200 1957 lntelligit
2227 1902 2288 1941 se

2375 730 2574 783 milium
2601 729 2794 794 habui;
2824 736 3059 783 armenta
3081 740 3282 797 quoque
3302 735 3351 779 et
3388 742 3605 797 magnos
3625 726 3800 780 ouium
3826 743 3962 798 gre-

2374 840 2479 893 ges,
2502 821 2642 875 ultra
2683 837 2857 875 omnes
2896 820 2986 889 qui
3015 818 3224 887 fuerunt
3247 825 3366 869 ante
3393 831 3472 870 me
3494 817 3552 870 in
3573 814 3918 871 Hierusalem
3933 833 3961 884 ;

2376 911 2671 965 coaceruaui
2712 909 2839 963 mihi
2877 904 3177 977 argentum",
3206 914 3255 958 et
3299 921 3508 970 aurum,
3535 894 3597 959 et.
3623 903 3959 960 substmuius

2377 1017 2552 1070 regum
2576 1009 2625 1053 et
2663 998 3081 1069 prouinciarum;
3110 994 3211 1064 feci
3247 994 3373 1048 mihi
3399 1003 3727 1058 cantores,“
3765 1002 3964 1047 conta-

2377 1092 2529 1145 trices
2550 1099 2596 1143 et
2620 1088 2832 1142 delicias
2855 1085 3088 1154 ﬁliorum
3109 1084 3394 1146 hominum,
3413 1082 3629 1152 scyphos
3650 1092 3699 1137 et
3714 1081 3961 1137 ureeolos

2378 1182 2433 1234 in
2469 1178 2752 1232 ministerio
2781 1175 2849 1229 ad
2887 1175 3007 1229 uina
3035 1172 3302 1243 fundendo
3323 1188 3342 1226 :
3364 1181 3414 1226 et
3432 1187 3795 1243 supergressus
3830 1186 3963 1226 sunt

2378 1266 2558 1337 opibus
2586 1281 2781 1333 omnes,
2821 1264 2913 1334 qui
2955 1263 3164 1332 fuerunt
3205 1270 3322 1315 ante
3368 1278 3449 1315 me
3492 1262 3551 1315 in

2381 1356 2647 1427 Sapientia
2675 1370 2875 1425 quoque
2898 1352 3240 1423 perseveravit
3264 1366 3484 1406 meeum.
3516 1350 3589 1404 Et
3621 1352 3797 1405 omnia
3832 1366 3963 1420 qua:

2378 1446 2801 1501 desideraserunt
2819 1444 2956 1498 oculi
2977 1445 3096 1506 mei,
3122 1458 3226 1496 non
3252 1442 3434 1512 negavi
3453 1441 3563 1507 eis;
3592 1457 3684 1496 nec
3707 1439 3962 1511 prohibui

2380 1552 2470 1590 cor
2492 1551 2682 1598 meum,
2703 1535 2830 1605 quin
2852 1534 2993 1587 omni
3018 1532 3276 1602 voluptate
3301 1531 3577 1601 frueretur,
3600 1539 3647 1585 et
3670 1529 3962 1585 oblectaret

2380 1644 2435 1680 se
2468 1627 2521 1680 in
2550 1627 2613 1680 iis
2643 1636 2760 1696 quae
2795 1638 3209 1695 preparaeeram
3224 1633 3321 1688 ;:et
3344 1622 3479 1678 hanc
3506 1632 3653 1677 ratus
3681 1624 3799 1676 sum
3827 1636 3962 1692 par-

2382 1728 2484 1780 tem
2522 1733 2711 1780 meum,
2740 1715 2786 1769 si
2810 1724 2982 1769 uterer
3008 1713 3183 1768 labore
3208 1730 3340 1768 meo.
3369 1713 3598 1786 Cumque
3633 1730 3715 1769 me
3736 1728 3964 1767 conuer-

2382 1808 2554 1861 tissem
2588 1806 2658 1859 ad
2695 1806 2933 1860 universa
2977 1821 3132 1875 opera
3170 1802 3552 1875 qum'fecerant
3576 1819 3762 1859 manus
3800 1818 3961 1869 metr,

2382 1903 2430 1948 et
2458 1894 2526 1947 ad
2548 1893 2749 1948 labores
2768 1894 2824 1947 in
2849 1892 3036 1963 quibus
3060 1894 3257 1962 [rustra
3289 1893 3617 1959 sudaueram,
3639 1893 3746 1948 vidi
3765 1894 3821 1947 in
3848 1910 3963 1947 om—

714 1998 784 2038 ex
806 1990 959 2052 parte
982 1994 1292 2050 agnoscere,
1321 1988 1395 2064 et‘
1412 1981 1481 2035 ad
1506 1980 1721 2051 plenum
1751 1978 2080 2048 intelligendi
2107 1978 2287 2033 lumen
2315 1975 2363 2033 Β
2392 1985 2540 2039 nibus
2560 1985 2857 2049 vanitatem,
2887 1992 2936 2037 et
2969 1984 3290 2053 aﬁtictionem
3315 1984 3497 2048 animi,
3524 1993 3573 2038 et
3599 1980 3729 2037 nihil
3751 1998 3963 2053 penna-

716 2084 898 2125 nerum
916 2069 1253 2125 occultarum
1273 2084 1334 2123 se
1356 2085 1462 2123 non
1489 2084 1647 2138 posse
1669 2068 1948 2138 pervenire
1971 2066 2135 2131 videt,
2165 2066 2307 2120 ideo.

717 2160 867 2214 addit
893 2157 1152 2223 dolorem,
1177 2158 1269 2226 qui
1296 2158 1443 2212 addit
1463 2158 1764 2212 scientiam.

1342 2246 1568 2303 CAPUT
1605 2247 1671 2300 ll.

787 2342 954 2396 Vens.
988 2342 1037 2395 l.
1057 2368 1129 2379 -
1147 2336 1273 2391 Dixi
1308 2336 1366 2389 in
1393 2334 1547 2389 corde
1572 2350 1684 2387 meo
1707 2350 1725 2387 :
1754 2332 1956 2387 Vadam
1993 2342 2039 2386 et
2081 2332 2287 2403 afﬂuant

719 2428 939 2493 deliciis,
985 2438 1037 2483 et
1061 2427 1212 2497 fruar
1236 2424 1415 2488 bonis,
1442 2430 1491 2476 et
1515 2422 1618 2476 uidi
1655 2421 1801 2491 quod
1818 2422 1913 2474 hoc
1938 2435 2138 2491 quoque
2160 2425 2289 2472 esset
2310 2430 2317 2435 ’

717 2518 940 2572 sanitas.
972 2516 1072 2569 llic
1094 2512 1489 2568 cencionatoris
1522 2508 1700 2572 modo,
1727 2502 1999 2564 cummuni
2019 2505 2288 2561 sententia

717 2604 863 2674 vulgi
889 2603 1145 2669 loquitur,
1171 2611 1333 2668 quam
1356 2605 1537 2652 tamen
1568 2610 1761 2669 vanam
1800 2593 2053 2649 ostendit.
2098 2592 2167 2646 Et
2206 2598 2294 2646 est

721 2707 914 2747 sensus
936 2705 953 2744 :
972 2690 1260 2758 Postquam
1286 2688 1341 2742 in
1369 2685 1708 2741 multitudine
1745 2682 2037 2753 sapientiai,
2065 2688 2121 2735 et
2147 2678 2293 2748 adje-

722 2783 902 2839 ctione
941 2780 1200 2844 scientia,
1226 2762 1465 2843 dolorem
1511 2783 1567 2829 et
1609 2774 1845 2829 laborem
1884 2787 2003 2828 esse
2043 2784 2288 2838 compre-

720 2872 901 2934 hendi,
928 2876 985 2925 et
1026 2867 1163 2923 nihil
1201 2867 1346 2921 aliud
1388 2866 1493 2920 nisi
1531 2862 2027 2921 casstunlaborem
2051 2868 2107 2914 et
2132 2860 2292 2913 inane

723 2970 1014 3020 certsmn,
1040 2956 1287 3012 transtuli
1314 2971 1400 3010 me
1425 2955 1493 3009 ad
1517 2953 1757 3009 laetitiam
1775 2992 1790 3016 ,
1816 2961 1877 3006 ut
1904 2951 2029 3004 luxu
2060 2949 2289 3015 fruerer,

723 3056 780 3104 et
804 3062 1183 3118 congregarem
1226 3061 1372 3115 opes,
1403 3055 1459 3099 et
1498 3052 1561 3097 ut
1608 3042 1811 3097 divitiis
1854 3040 2203 3102 abundarem,
2234 3045 2292 3092 et

722 3138 991 3207 perituras
1028 3136 1327 3203 voluptates
1363 3146 1610 3202 caperem
1638 3170 1653 3195 ,
1698 3137 1983 3197 antequam
2028 3140 2289 3182 morerer.

730 3226 839 3283 Sed
860 3233 917 3280 et
936 3226 992 3280 in
1014 3225 1116 3279 hoc
1138 3225 1425 3277 vanitatem
1454 3223 1567 3290 ipse
1582 3220 1851 3289 perspexi,
1872 3219 1999 3272 dum
2020 3217 2293 3286 praeterita

2388 2089 2510 2126 nere
2536 2072 2631 2125 sub
2654 2069 2778 2124 sole.
2808 2070 3046 2123 Transivi
3071 2069 3139 2123 ad
3158 2068 3602 2139 contemplandum
3620 2070 3959 2140 sapientiam,

2387 2176 2683 2231 erroresque
2719 2170 2769 2214 et
2808 2158 3101 2213 stultitiam.
3141 2157 3280 2223 Quid
3319 2168 3414 2221 est,
3441 2159 3671 2229 inquam,
3700 2158 3878 2221 homo,
3902 2167 3963 2209 ut

2386 2250 2532 2320 sequi
2563 2250 2724 2319 possit
2758 2264 2927 2317 regem
2952 2247 3202 2315 faetorem
3229 2247 3422 2301 suum!
3447 2246 3515 2301 Et
3541 2246 3650 2300 uidi
3673 2244 3812 2317 quod
3846 2253 3965 2298 tan—

2386 2348 2499 2394 tum
2540 2338 2849 2409 prtrcederet
2880 2338 3137 2408 sapiemia
3171 2335 3469 2402 stultitiam,
3495 2344 3747 2407 quantum
3778 2335 3963 2404 «τίη-στι

2387 2426 2483 2480 tua:
2499 2443 2536 2480 a
2554 2426 2794 2480 tenebris.
2827 2423 3086 2494 Sapientis
3107 2423 3245 2478 oculi
3268 2426 3325 2477 in
3344 2426 3507 2496 capite
3531 2422 3665 2496 ejus,
3693 2423 3886 2479 stultus
3905 2424 3962 2478 in

2387 2512 2610 2568 tenebris
2621 2511 2872 2567 ambulat.
2886 2512 2955 2566 Et
2972 2512 3134 2566 didici
3152 2512 3289 2583 quod
3304 2528 3441 2566 unus
3451 2513 3720 2583 utriusque
3732 2520 3865 2566 esset
3885 2511 3964 2564 in-

2388 2604 2591 2657 teritus.
2608 2603 2829 2659 Videtur
2841 2603 2969 2657 mihi
2991 2591 3174 2657 utilius
3190 2616 3311 2657 esse
3322 2602 3620 2671 legentibus
3639 2604 3753 2658 hac
3773 2602 3959 2657 omnia

2389 2706 2508 2760 quae
2525 2692 2875 2751 Ecclesiastes
2894 2693 2961 2746 de
2980 2707 3077 2747 sua
3098 2692 3270 2761 gloria
3292 2691 3575 2755 subinlert,
3589 2692 3738 2748 brevi
3758 2700 3961 2746 cuncta

2389 2796 2636 2837 sermone
2677 2780 3149 2849 comprehendere,
3173 2788 3228 2835 et
3254 2773 3427 2849 quasi
3451 2782 3506 2834 in
3538 2789 3704 2835 unum
3754 2786 3959 2848 corpus

2389 2885 2604 2925 sensum
2634 2870 2894 2937 redigere,
2926 2876 2986 2923 ut
3009 2870 3213 2939 possint
3236 2868 3447 2923 facilius
3471 2855 3690 2937 intelligi
3716 2868 3837 2936 quas
3871 2867 3955 2922 di-

2389 2971 2602 3016 cuntur.
2626 2960 2793 3030 igitur
2816 2975 2879 3015 ea
2906 2973 3026 3029 quas
3046 2966 3305 3036 putantur
3323 2959 3378 3012 in
3399 2958 3599 3013 male
3626 2959 3785 3022 bona,
3804 2956 3961 3025 quasi

2390 3066 2485 3105 rex
2512 3062 2567 3105 et
2591 3057 2780 3119 potens
2818 3048 2998 3103 habui.
3030 3046 3313 3102 ﬁditlcavi
3338 3046 3476 3101 mihi
3496 3047 3692 3117 palatia
3708 3085 3727 3113 ,
3755 3046 3963 3101 vitibus

2391 3139 2555 3193 colles
2577 3138 2892 3205 mentesque
2916 3136 3149 3198 consevi,
3172 3142 3228 3189 et
3256 3149 3323 3189 ne
3347 3135 3476 3204 quid
3502 3134 3711 3190 deesset
3731 3135 3799 3191 de
3823 3133 3957 3190 luxu

2391 3225 2475 3279 vel
2494 3225 2765 3291 voluptate
2807 3219 2956 3293 [Ms.,
2986 3222 3054 3276 ad
3077 3220 3261 3276 luxum
3283 3229 3340 3275 et
3364 3219 3740 3292 voluptatem],
3775 3220 3964 3275 hortos

726 3318 975 3387 voluptas
1018 3322 1335 3385 praesentem
1362 3326 1469 3365 non
1501 3306 1677 3383 juvat;
1700 3315 1754 3359 et
1785 3307 2046 3359 exhausta
2074 3319 2184 3358 non
2210 3317 2295 3356 sa-
2321 3293 2369 3356 C
2399 3314 2528 3367 mihi
2567 3312 2914 3381 ροωπίαφιε
2956 3310 3216 3379 planum
3239 3310 3436 3365 diversi
3483 3309 3698 3391 sepem
3739 3310 3964 3365 arbore.

727 3409 849 3463 tiat.
872 3407 997 3462 Ideo
1020 3404 1254 3459 intellexi
1275 3402 1543 3458 carnalem
1559 3399 1826 3453 luxuriam
1846 3412 1964 3452 esse
1979 3398 2292 3460 vanitatem,

733 3504 793 3552 et
812 3494 983 3565 adieci
1004 3495 1186 3550 dicens
1209 3506 1224 3546 :

801 3584 968 3658 ‘16
990 3583 1153 3641 Vens.
1179 3579 1513 3635 2.——Risum
1545 3584 1727 3649 putant
1758 3590 2009 3638 errorem,
2034 3581 2080 3625 et
2110 3570 2301 3641 gaudio

732 3677 877 3731 dixi:
901 3674 1041 3739 Quid
1072 3672 1267 3741 {rustra
1306 3668 1595 3739 deciperis?
1618 3667 1731 3722 Hoc
1753 3672 1837 3726 est
1866 3664 2007 3734 quod
2045 3664 2098 3717 in
2123 3663 2298 3715 Evan-

732 3763 871 3833 gelia
926 3761 1155 3830 legitur:
1187 3757 1278 3812 Va:
1321 3758 1464 3811 vobis
1508 3757 1599 3827 qui
1643 3755 1821 3808 ridetis
1844 3793 1859 3817 ,
1898 3753 2024 3821 quia
2066 3750 2302 3821 lugebitis

734 3851 884 3924 (Lua.
911 3866 984 3915 vi,
1008 3850 1120 3919 25).
1166 3847 1511 3916 Decipiuntur
1539 3861 1666 3900 vero
1702 3846 1795 3914 qui
1830 3843 2067 3899 carnalia
2104 3840 2159 3896 in
2200 3843 2304 3895 hoc

734 3942 932 3996 saeculo
970 3947 1266 4009 sequuntur
1296 3938 1578 4001 desideria,
1609 3944 1664 3990 et
1692 3937 1864 4005 magis
1910 3935 2197 3989 carnaliter
2225 3934 2303 3987 vi-

684 4030 695 4035 ’
734 4039 867 4085 vunt
888 4044 1050 4099 quam
1076 4028 1446 4098 spiritualiter,
1471 4027 1800 4080 aestimantes
1830 4033 2145 4093 perpetuum
2184 4038 2303 4077 esse

738 4120 884 4189 quod
907 4118 1054 4173 velut
1076 4117 1268 4170 umbra
1294 4116 1552 4169 citissime
1579 4113 1829 4167 transibit
1852 4111 2004 4183 [Hs.,
2032 4112 2300 4183 transiet],

736 4219 791 4265 et
815 4209 968 4262 labor
996 4206 1176 4260 dolore
1203 4205 1471 4275 punietur.
1513 4203 1697 4258 Potest
1722 4204 1824 4258 hoc
1852 4213 1907 4256 et
1945 4202 2011 4255 de
2034 4202 2303 4256 haereticis

741 4296 930 4366 accipi,
952 4296 1044 4365 qui
1067 4293 1222 4349 falsis
1252 4294 1589 4364 dogmatibus
1612 4294 2029 4361 acquiescentes,
2050 4293 2172 4345 lreta
2204 4291 2303 4345 sibi

736 4393 794 4440 et
820 4398 1075 4453 prospera
1101 4382 1445 4451 promittunt.
1467 4381 1590 4434 dum
1617 4379 1728 4433 sint
1766 4379 1859 4432 ﬁlii
1883 4387 2151 4448 perpetua:
2183 4394 2303 4447 per-

739 4472 980 4527 ditionis.

809 4561 973 4616 Vess.
1002 4560 1055 4614 5.
1078 4589 1149 4599 -
1168 4556 1408 4628 ϐυθίων
1422 4558 1477 4611 in
1498 4556 1651 4611 corde
1679 4572 1789 4609 meo
1818 4556 2111 4609 absIraIiere
2129 4573 2161 4608 a
2184 4557 2303 4609 vino

739 4667 948 4707 carnem
975 4666 1163 4714 meam,
1195 4660 1249 4702 ut
1276 4649 1613 4717 transferrem
1641 4648 1872 4699 animum
1917 4663 2086 4699 meum
2124 4646 2193 4698 ad
2221 4663 2307 4699 sa-
2331 4622 2381 4679 Ῑ)

737 4740 1008 4809 pientiaut,
1030 4739 1409 4807 devitaremque
1434 4735 1728 4799 stultitiam,
1751 4734 1913 4789 donec
1935 4736 2157 4788 viderem
2182 4736 2305 4805 quid

740 4838 868 4883 esset
896 4829 1023 4882 utile
1050 4829 1175 4897 ﬁliis
1202 4828 1487 4892 hominum,
1510 4842 1611 4896 quo
1642 4825 1794 4895 [Ms.,
1832 4825 1979 4895 quid]
2012 4825 2148 4893 farto
2177 4843 2305 4894 opus

742 4926 823 4969 est
846 4919 940 4969 sub
961 4917 1088 4979 sole,
1122 4933 1335 4969 numero
1363 4916 1563 4968 dierum
1590 4916 1707 4967 vita:
1734 4910 1861 4966 sure.
1898 4915 2180 4982 Eleganter
2208 4928 2309 4965 au-

744 5016 851 5062 tem
871 5008 1194 5076 voluptatem
1216 5004 1462 5058 ebrietati
1491 5004 1837 5071 comparavit,
1857 5003 2116 5071 siquidem
2140 5003 2308 5055 ebrie-

744 5105 824 5150 tas
865 5097 1058 5151 evcrtit
1097 5093 1259 5147 animi
1307 5093 1544 5162 vigorem
1584 5109 1597 5144 ε
1640 5107 1799 5159 quam
1830 5091 1978 5161 [Ms.,
2006 5091 2187 5161 quem]
2216 5094 2307 5160 qui

726 5190 978 5256 potuerit
1003 5186 1260 5254 sapientia
1305 5192 1651 5245 commutare,
1690 5193 1744 5237 et
1778 5182 1859 5251 (ut
1892 5185 1941 5236 in
1991 5185 2306 5251 quibusdam

746 5277 1019 5329 codicibus
1061 5276 1305 5342 habetur)
1348 5275 1592 5327 obtinere
1637 5274 1876 5326 lmtitiam
1923 5274 2232 5340 spiritalem,
2265 5276 2309 5329 is

747 5364 941 5431 poterit
968 5364 1033 5415 ad
1059 5364 1335 5415 scientiam
1366 5362 1439 5413 rei
1466 5363 1619 5415 istius
1647 5364 1949 5428 pervenire,
1976 5366 2100 5431 quid
2127 5366 2176 5417 in
2210 5366 2308 5418 hac

750 5450 857 5505 vita
888 5450 1265 5518 appetendum,
1292 5451 1485 5517 quidm
1516 5452 1786 5503 vitandum
1814 5452 1901 5504 sit.

823 5540 989 5592 Vana.
1019 5536 1259 5590 L-M.——-
1298 5539 1629 5607 Magni/irati
1680 5558 1834 5608 opera
1876 5557 2021 5603 mm,
2060 5541 2313 5607 a’diﬁcaei

752 5631 881 5683 mihi
896 5631 1098 5691 domos,
1122 5640 1167 5681 et
1193 5629 1418 5697 plantaui
1446 5634 1646 5695 vineas;
1673 5633 1769 5698 feci
1792 5633 1962 5683 hortos
1988 5642 2031 5683 et
2056 5634 2311 5699 pomaria,

751 5728 799 5770 et
824 5714 1029 5773 consoni.
1049 5738 1111 5773 ea
1139 5722 1307 5773 cuncti
1326 5722 1520 5787 generis
1547 5724 1835 5786 arboribus,
1856 5733 1901 5775 et
1930 5724 2161 5774 exstruxi
2190 5723 2314 5774 mibi

753 5808 975 5861 Piscinas
1005 5827 1281 5879 aquarum,
1313 5823 1363 5863 ut
1395 5811 1661 5879 irrigmm
1692 5812 1873 5865 silvam
1921 5813 2173 5879 lignorum
2205 5830 2315 5877 (πέμ

2396 3402 2681 3456 instituens
2703 3440 2718 3465 ,
2746 3415 2880 3469 quas
2927 3397 3165 3453 collectas
3205 3412 3356 3467 aqua:
3382 3397 3439 3451 in
3461 3397 3696 3466 piscinas
3734 3397 3968 3466 desuper

2398 3494 2700 3562 irrigarent,
2723 3500 2787 3546 ut
2827 3492 3018 3560 longus
3049 3490 3199 3543 viror
3241 3488 3395 3560 μισ..
3439 3488 3649 3559 longius
3667 3488 3843 3560 vigor]
3865 3490 3967 3543 lim

2398 3594 2548 3634 more
2600 3578 2805 3647 perpeti
2854 3578 3170 3632 nutriretur.
3243 3576 3531 3632 Servorum
3577 3590 3789 3647 quoque
3843 3578 3961 3632 sive

2398 3677 2696 3739 emptorum
2726 3668 2839 3722 sive
2875 3667 3186 3722 ancillarum
3232 3662 3345 3722 sive
3382 3667 3789 3723 vemaculorum
3827 3669 3960 3723 mihi

2399 3757 2500 3813 fuit
2545 3758 2827 3811 innumera
2872 3755 3159 3810 multitudo
3181 3794 3197 3820 ,
3229 3763 3286 3809 et
3330 3757 3733 3826 quadrupedum
3776 3771 3964 3827 greges

2402 3846 2577 3910 multi,
2606 3847 2767 3903 boum
2800 3845 3002 3901 scilicet
3027 3853 3082 3899 et
3112 3844 3309 3909 ovium,
3341 3853 3599 3914 quantum
3626 3846 3806 3901 nullus
3829 3847 3966 3901 alter

2402 3944 2525 3991 ante
2564 3953 2650 3991 me
2675 3952 2770 3991 rex
2811 3936 2999 3991 habuit
3026 3936 3080 3989 in
3108 3934 3460 3990 Hierusalem.
3488 3933 3600 3990 Nee
3622 3950 3730 3990 non
3755 3943 3814 3989 et
3841 3934 3958 3989 tlie~

2401 4031 2547 4085 sauri
2592 4029 2798 4099 argenti
2844 4036 2899 4083 et
2940 4028 3054 4082 auri
3086 4003 3504 4082 innumerabiles
3553 4025 3948 4086 condebantur,

2404 4134 2539 4189 quos
2562 4119 2893 4173 diversorum
2934 4133 3119 4187 regum
3144 4125 3199 4171 et
3219 4117 3457 4189 gentium
3495 4115 3694 4172 tfibuta
3730 4115 3963 4172 contule-

2404 4217 2547 4262 runt.
2581 4207 2732 4263 Unde
2757 4215 2812 4262 et
2838 4207 3029 4262 accidit
3054 4215 3114 4261 ut
3134 4223 3201 4262 ex
3230 4207 3409 4262 nimiis
3436 4207 3626 4277 opibus
3649 4206 3717 4261 ad
3738 4203 3961 4273 majores

2405 4299 2623 4354 delicias
2650 4304 3089 4367 provocarenet
3117 4298 3441 4351 musicorum
3464 4296 3615 4351 chori
3639 4295 3770 4351 mihi
3797 4293 3961 4349 tibiali

2405 4403 2533 4442 voce
2581 4386 2756 4457 [Apud
2798 4385 2969 4451 Hier.,
3000 4386 3149 4450 tibia,
3179 4385 3315 4455 lyra,
3336 4370 3491 4455 voce]
3521 4384 3878 4447 concinerent,
3905 4391 3962 4435 ut

2405 4485 2642 4544 uterque.
2676 4490 2835 4529 sexus
2877 4476 2934 4529 in
2977 4474 3235 4529 conviviis
3281 4474 3415 4528 mihi
3467 4471 3814 4527 ministraret.
3858 4469 3966 4525 Sed

2406 4574 2604 4635 quanto
2646 4559 2747 4620 ista
2771 4565 3103 4629 crescebant,
3132 4571 3282 4619 tanto
3308 4564 3567 4633 sapientia
3604 4561 3806 4618 deerat.
3833 4560 3959 4616 Nam

2410 4655 2463 4707 in
2500 4669 2869 4723 quamcunque
2893 4653 3218 4723 voluptatem
3259 4653 3449 4722 cupido
3476 4652 3729 4707 traxisset
3754 4666 3854 4715 me,
3882 4650 3959 4704 in-

2410 4741 2575 4796 frenis
2598 4758 2693 4812 per
2727 4757 2964 4812 praeceps
3002 4742 3231 4806 ferebar,
3279 4742 3639 4810 putabamque
3675 4739 3814 4795 hunc
3850 4752 3959 4794 esse

2412 4829 2639 4885 fructum
2685 4831 2923 4885 laborum
2951 4845 3216 4896 meorum,
3241 4829 3285 4883 si
3327 4829 3439 4896 ipse
3471 4828 3526 4882 in
3554 4822 3776 4882 luxuria:
3816 4825 3957 4898 μη,

2411 4910 2641 4992 luxuria]
2672 4921 2889 4975 libidine
2909 4933 3276 4975 consumerer.
3321 4917 3558 4973 Tandem
3595 4919 3649 4972 in
3675 4933 3763 4972 me
3792 4930 3958 4972 rever-

2413 5027 2521 5075 sus,
2561 5019 2615 5066 et
2660 5011 2809 5079 quasi
2849 5011 2914 5065 de
2951 5010 3100 5079 gravi
3145 5024 3332 5064 somno
3375 5009 3633 5080 evigilans
3670 5007 3870 5075 aspexi,
3908 5015 3958 5060 et

2412 5115 2601 5153 manus
2648 5114 2814 5161 meas,
2854 5107 2909 5151 et
2945 5112 3105 5166 opera
3149 5113 3267 5151 mea
3305 5098 3460 5166 plena
3506 5095 3771 5160 vanitatis,
3815 5093 3957 5164 plena

2412 5192 2685 5252 sordium,
2731 5189 2885 5258 plena
2925 5190 3114 5258 spiritu
3157 5188 3357 5243 erroris
3384 5187 3608 5241 intuitus
3649 5199 3787 5238 sum.
3828 5181 3956 5238 Nihil

2412 5280 2553 5331 enim
2594 5279 2736 5345 quod
2760 5280 2810 5331 in
2842 5280 3039 5332 mundo
3082 5286 3299 5346 putatur
3326 5277 3543 5338 bonum,
3583 5275 3780 5328 bonum
3820 5271 3958 5343 potui

2415 5367 2666 5435 reperire.
2696 5367 2967 5436 Reputans
2994 5366 3156 5434 igitur
3176 5377 3295 5433 quas
3315 5370 3494 5418 essent
3515 5362 3786 5431 sapientia:
3806 5362 3956 5425 bona,

2418 5466 2469 5510 et
2498 5472 2613 5524 qua:
2638 5458 2874 5511 stultitiae
2900 5457 3058 5519 mala,
3090 5461 3477 5523 consequenter
3505 5456 3557 5509 in
3600 5454 3805 5509 laudem
3827 5451 3956 5506 illius

2422 5547 2652 5600 hominis
2691 5546 2860 5614 erupi,
2892 5545 2980 5612 qui
3011 5553 3129 5613 post
3154 5545 3279 5597 vitia
3309 5559 3367 5598 se
3397 5544 3690 5604 refrenans,
3714 5527 3954 5594 virtutum

2421 5635 2587 5702 possit
2613 5650 2731 5688 esse
2766 5640 3014 5687 sectator.
3042 5634 3228 5702 Magna
3249 5634 3441 5703 quippe
3461 5631 3711 5688 distantia
3729 5632 3956 5686 estinter

2423 5726 2736 5790 sapientiam
2785 5730 2839 5775 et
2886 5722 3184 5787 stultitiam,
3214 5731 3275 5779 et
3304 5730 3559 5790 quantum
3595 5720 3709 5777 dies
3746 5721 3899 5775 distat
3928 5733 3953 5771 s

2424 5826 2594 5879 nocte,
2630 5824 2832 5868 tantum
2864 5814 3085 5868 virtutes
3130 5829 3158 5867 a
3198 5813 3338 5867 vitiis
3376 5820 3703 5883 separantur.
3756 5808 3955 5865 Videtur
