4338 6414
184 485 283 546 στι

1046 491 1443 550 EXEGETICA.
1484 488 1537 535 -’
1590 493 1937 554 (ΖΟΜΜΕΝΤ.
1976 498 2039 551 ΙΝ
2084 498 2607 556 ECCLESIASTEN.

3325 511 3422 571 678

181 601 314 658 mihi
335 600 515 696 itaque
533 604 626 671 qui
648 605 959 673 sapientiam
986 610 1248 677 sequitur,
1270 611 1453 667 oculos
1471 614 1537 667 ad
1558 613 1750 669 emtum
1778 624 1829 682 Α
1856 614 2015 678 disse,
2042 615 2245 684 Regum
2285 616 2407 671 libri
2450 625 2731 683 testantur,
2762 620 2850 688 qui
2888 619 3126 678 Roboam
3155 622 3426 696 insipienti

181 705 396 763 semper
433 693 668 763 erigere.
695 705 750 750 et
779 696 834 749 in
880 698 1106 754 sublime
1152 717 1214 755 os
1251 702 1450 757 habere
1489 713 1748 767 erectum,

178 795 348 853 eaque
392 798 514 853 qua:
552 799 714 854 super
759 789 1013 844 verticem
1060 801 1219 853 sunt,
1251 776 1751 865 contemplarizqui

176 885 305 924 vero
338 872 581 928 stultitim
614 883 671 928 et
709 876 852 930 vitiis
896 878 1105 934 deditus
1140 881 1301 952 ﬁ17
1339 885 1439 947 sit,
1464 886 1664 939 versari
1696 886 1749 937 in

177 962 415 1016 tenebris
443 970 499 1018 et
540 965 595 1019 in
636 980 817 1021 rerum
866 969 1165 1038 ignorantia
1212 975 1461 1028 volutari.
1510 976 1750 1046 Cumque

175 1051 287 1106 haec
330 1053 407 1107 ita
440 1069 498 1109 se
532 1055 785 1120 habeant,
830 1060 973 1113 inter
1012 1065 1304 1130 sapientem
1348 1074 1402 1118 et
1436 1068 1655 1131 stultum
1683 1083 1745 1121 ea

172 1141 429 1197 distantia
456 1153 557 1207 est,
600 1147 741 1214 quod
769 1147 907 1202 alter
935 1150 1064 1215 diei,
1089 1153 1225 1206 alter
1259 1157 1495 1209 tenebris
1531 1172 1748 1224 compa-

171 1238 356 1285 retur:
388 1231 479 1286 ille
525 1234 710 1289 oculos
755 1236 821 1289 ad
862 1239 1056 1292 ctelum
1102 1241 1273 1305 levat,
1307 1244 1405 1297 iste
1451 1245 1504 1298 in
1548 1255 1744 1298 terram

168 1322 439 1391 deprimit.
484 1323 723 1393 Repente
747 1334 926 1380 autem
954 1329 1084 1383 mihi
1121 1332 1373 1400 cogitatio
1409 1333 1511 1386 ista
1555 1333 1742 1385 subre-

166 1412 290 1479 psit,
327 1427 496 1480 quare
538 1414 753 1487 sapiens
777 1424 834 1470 et
866 1418 1060 1471 stultus
1085 1422 1354 1474 communi
1400 1430 1624 1488 pereant
1664 1423 1746 1475 in-

167 1501 360 1566 teritu;
383 1516 484 1556 cur
501 1503 688 1557 eadem
710 1492 886 1573 plaga,
912 1507 1099 1561 eodem
1121 1517 1336 1571 eventu,
1362 1512 1548 1563 eadem
1572 1521 1744 1564 morte

161 1599 510 1656 premantur;
544 1608 642 1647 cur
670 1595 867 1649 eaedem
896 1596 1004 1650 sint
1048 1600 1573 1668 utriqueangustire.
1606 1601 1743 1654 Sunt

160 1692 290 1733 vero
317 1680 409 1748 qui
444 1680 561 1734 haec
585 1683 748 1736 verba
775 1683 1110 1739 Ecclesiastis
1151 1687 1218 1739 ab
1254 1700 1318 1740 eo
1364 1688 1481 1741 loco
1507 1689 1596 1742 ubi
1624 1689 1698 1740 ait
1725 1706 1737 1739 :

164 1764 504 1836 Hagnificaui
536 1786 693 1838 opera
720 1787 855 1835 mea,
878 1788 1047 1840 usque
1073 1774 1139 1826 ad
1169 1776 1312 1829 hunc
1339 1776 1513 1831 locum
1547 1778 1599 1829 in
1634 1792 1741 1844 que

160 1855 272 1908 ait:
298 1855 560 1925 Sapientis
592 1858 729 1910 oculi
755 1859 810 1911 in
852 1860 1015 1928 capite
1063 1862 1197 1929 ejus,
1229 1863 1293 1916 de
1322 1863 1538 1917 Christo
1578 1864 1739 1917 inter—

1856 704 1961 756 tilio
1989 705 2197 761 labores
2225 723 2351 761 suos
2393 708 2626 777 reliquit.
2674 708 2779 765 Sed
2807 712 2994 766 melius
3025 713 3427 782 intelligendum

1850 805 1933 850 est
1963 794 2117 867 [λιιι.
2145 798 2375 870 mstimo]
2404 799 2471 853 de
2516 801 2742 868 spiritali
2775 801 2977 866 labore,
3011 803 3064 857 in
3106 820 3212 873 quo
3236 806 3430 862 diebus

1850 900 1912 938 ac
1954 888 2200 941 noctibus
2222 888 2307 941 vir
2330 890 2543 957 sapiens
2569 891 2620 943 in
2649 890 2762 958 lege
2790 891 2999 945 Domini
3033 894 3345 958 meditatur,
3374 903 3431 949 ct

1851 970 2250 1039 Scripturarum
2281 985 2588 1033 sanctartmt
2620 978 2844 1030 desudat
2875 980 3338 1048 interpretatione,
3371 992 3430 1037 et

1848 1061 2014 1115 libros
2058 1066 2326 1131 componit
2373 1066 2592 1128 multos,
2635 1076 2691 1118 ut
2734 1072 3048 1122 memoriam
3077 1071 3160 1123 sui
3196 1073 3429 1138 posteris

1850 1146 1999 1217 μὴ..
2030 1152 2414 1221 suisposteris]
2446 1155 2735 1222 relinquat,
2758 1164 2811 1207 et
2838 1156 3186 1211 nihilominus
3211 1157 3424 1213 labores

1846 1236 1987 1290 illius
2014 1238 2066 1291 in
2094 1254 2280 1293 manus
2307 1241 2590 1294 stultorum
2617 1245 2934 1310 perveniunt
2959 1285 2971 1304 ,
2998 1246 3089 1312 qui
3113 1244 3426 1313 frequenter

1846 1325 2138 1378 Secundum
2189 1329 2599 1393 perversitatem
2648 1332 2827 1383 cordis
2872 1333 2975 1396 sui,
3005 1350 3070 1385 ex
3105 1344 3415 1387 sanctorum

1845 1411 2061 1465 Patrum
2093 1415 2247 1467 dictis
2268 1454 2283 1477 ,
2330 1416 2594 1491 btereticaa
2621 1420 2898 1484 pravitatis
2927 1423 3128 1474 semina
3173 1422 3413 1491 capiunt,

1844 1508 1897 1552 et
1923 1502 2128 1555 alienos
2161 1486 2377 1557 labores
2401 1506 2818 1561 calumniantur.
2976 1571 2981 1575 ε

1916 1594 2075 1646 Vens.
2108 1594 2293 1646 20-23.
2339 1625 2408 1633 ——
2448 1594 2598 1648 Unde
2640 1601 2854 1662 cessari,
2894 1604 3305 1672 renuntiavitque
3337 1619 3428 1657 cor

1842 1698 2011 1732 meum
2042 1682 2180 1733 ultra
2202 1683 2440 1735 laborare
2459 1686 2551 1735 sub
2580 1689 2688 1737 sole
2716 1703 2731 1737 :
2763 1704 2882 1738 nam
2914 1704 3029 1741 cum
3057 1689 3194 1742 alius
3216 1691 3422 1743 laborat

1841 1771 1895 1821 in
1925 1773 2200 1837 sapientia,
2226 1781 2272 1823 et
2296 1772 2552 1834 doctrina,
2571 1782 2619 1824 et
2641 1774 3008 1838 sollicitudine,
3030 1777 3226 1830 nomini
3256 1781 3421 1832 otioso
3480 1817 3484 1819 Α

1840 1860 2059 1926 quwsita
2090 1861 2334 1921 dimittit;
2363 1869 2409 1910 et
2438 1861 2534 1911 hoc
2560 1877 2679 1928 ergo
2717 1862 2918 1914 vanitas
2953 1874 3003 1915 et
3033 1880 3277 1937 magnum
3305 1882 3420 1916 ma—

157 1944 361 2012 pretari
398 1956 681 2000 conantur.
733 1946 838 2000 Sed
869 1948 1188 2015 quibusdam
1219 1951 1273 2004 in
1314 1951 1442 2004 locis
1472 1951 1732 2005 laboriosa
1768 1939 1813 1997 Β
1841 1950 1968 2001 lum.
2006 1948 2143 2011 Quid
2186 1949 2322 2000 enim
2359 1949 2587 2015 proderit
2618 1950 2813 2000 homini
2854 1950 2918 2002 de
2960 1952 3196 2003 uniuerso
3241 1952 3421 2003 labore

157 2040 236 2085 est
264 2031 663 2101 interpretatio,
686 2034 789 2086 nisi
819 2034 956 2088 forte
977 2036 1040 2089 de
1064 2039 1316 2091 membris
1345 2038 1487 2091 illius
1514 2039 1733 2106 intelligi

158 2120 385 2189 possint.
415 2120 540 2175 Ideo
569 2136 667 2174 nos
692 2122 956 2176 historiali
990 2128 1359 2179 tantummodo
1386 2127 1734 2194 intelligentia

160 2211 213 2264 in
238 2211 342 2265 hoc
365 2210 484 2265 loco
508 2213 746 2266 contenti
775 2228 980 2278 sumus,
1021 2216 1257 2271 maxime
1291 2217 1413 2285 quia
1446 2218 1599 2270 nobis
1628 2232 1735 2271 non

155 2310 238 2356 est
279 2303 613 2371 propositum
656 2305 837 2358 omnia
890 2306 1069 2359 dicere
1109 2322 1227 2376 qua:
1256 2322 1287 2360 a
1318 2308 1545 2361 diversis
1590 2308 1736 2362 inve-

158 2392 381 2445 niuntur
399 2393 712 2448 auctoribus
732 2393 894 2455 dicta,
926 2395 1018 2448 sed
1040 2409 1101 2448 ea
1128 2397 1447 2468 commatico
1468 2411 1732 2459 sermone,

157 2496 275 2550 quae
299 2483 369 2537 ad
396 2497 614 2537 sensum
638 2483 931 2552 planiorem
958 2487 1227 2553 pertinere
1254 2487 1525 2551 videntur,
1549 2488 1734 2556 paucis

158 2571 525 2640 perstringere
554 2572 755 2626 verbis.

226 2660 391 2715 Vens.
423 2660 510 2724 l5,
535 2659 623 2714 16.
646 2691 716 2700 -
754 2661 822 2714 Et
846 2663 957 2715 dixi
984 2664 1039 2717 in
1069 2664 1222 2717 corde
1245 2682 1358 2718 meo
1388 2682 1406 2719 :
1438 2664 1499 2720 Si
1528 2683 1662 2719 unus
1685 2675 1736 2721 et

159 2748 305 2802 stulti
346 2758 397 2803 et
445 2765 588 2804 meus
635 2766 852 2805 occasus
888 2754 1005 2815 erit,
1037 2754 1164 2823 quid
1198 2755 1325 2807 mihi
1359 2755 1566 2824 prodest
1595 2757 1734 2827 quod

160 2837 418 2906 majorem
460 2840 731 2907 sapientia:
773 2840 893 2892 dedi
932 2857 1140 2910 operam
1165 2843 1190 2895 7
1236 2842 1565 2913 Locutusque
1615 2862 1734 2900 cum

152 2935 323 2981 nasute
346 2943 464 2980 mea
481 2966 497 2991 ,
542 2928 881 2982 animaduerti
906 2930 1044 2997 quod
1077 2932 1173 2984 hoc
1197 2948 1397 3001 quoque
1425 2944 1555 2987 esset
1582 2936 1733 2987 vani-

154 3024 257 3069 tas.
305 3013 433 3069 Non
482 3017 622 3071 enim
663 3018 760 3070 erit
808 3020 1059 3071 memoria
1104 3022 1350 3090 sapientis
1392 3022 1633 3075 similiter
1677 3033 1732 3075 ut

152 3105 299 3159 stulti
324 3107 380 3160 in
400 3115 721 3176 perpetuum,
744 3118 792 3161 et
818 3107 997 3175 futura
1019 3119 1249 3178 tempora
1273 3109 1524 3163 oblivione
1546 3120 1731 3163 cuncta

152 3195 351 3264 pariter
369 3196 599 3265 operient
622 3210 641 3247 :
663 3198 883 3249 moritur
903 3196 1085 3250 doctus
1113 3197 1352 3250 similiter
1386 3209 1439 3250 ut
1469 3198 1725 3253 indoctus.

156 3282 281 3338 llmc
320 3285 467 3339 enim
507 3285 815 3354 diligentius
859 3288 1206 3341 considerans
1243 3287 1395 3341 dixi:
1429 3288 1654 3356 Sapiens
1676 3298 1731 3341 et

153 3373 385 3438 stultus,
429 3373 609 3443 justus
637 3382 693 3427 et
721 3374 949 3442 impius,
993 3376 1182 3443 aequali
1212 3385 1385 3429 morte
1428 3376 1730 3428 moriuntur

155 3458 355 3531 [Hier.,
398 3469 543 3516 sorte
589 3461 944 3534 morientur],
975 3471 1030 3517 et
1067 3464 1247 3518 omnia
1290 3465 1343 3516 in
1385 3466 1486 3517 hoc
1535 3464 1729 3516 sarculo

153 3548 291 3601 mala
334 3556 529 3603 eventu
574 3549 733 3602 simili
771 3542 1129 3609 sustinebunt.
1168 3550 1319 3605 Sicut
1352 3553 1494 3605 enim
1520 3552 1729 3618 impius

116 3680 119 3683 .
153 3636 527 3692 tribulationes
559 3640 778 3707 patitur,
810 3641 885 3693 ita
912 3634 1075 3694 etiam
1102 3650 1155 3695 et
1176 3642 1390 3711 justus:
1423 3656 1521 3695 nec
1545 3656 1731 3709 quem—

153 3723 282 3779 libet
308 3726 365 3779 in
395 3729 500 3780 hoc
522 3727 718 3781 sarculo
742 3743 839 3781 sua
867 3728 1143 3794 adiuvabit
1169 3729 1399 3795 justitia,
1429 3731 1523 3783 sed
1551 3730 1729 3782 omnia

154 3815 356 3870 incerta
404 3824 551 3871 sunt.
592 3829 693 3884 pro
734 3831 841 3885 quo
866 3817 995 3884 quid
1020 3818 1107 3870 cui
1132 3819 1363 3871 eveniat:
1403 3817 1459 3871 Si
1506 3819 1577 3870 ita
1626 3827 1727 3880 est,

153 3906 261 3961 disi
292 3907 347 3960 in
371 3906 533 3961 corde
560 3921 679 3961 meo
708 3924 721 3959 :
748 3907 886 3971 Quid
915 3907 1045 3960 mibi
1074 3922 1201 3977 ergo
1226 3909 1445 3977 prodest
1472 3907 1615 3975 quod
1646 3921 1732 3960 se-

154 4003 311 4050 cutus
339 4011 462 4051 sum
508 3997 845 4068 sapientiam,
875 4005 931 4051 et
972 3998 1091 4066 plus
1136 3998 1346 4052 caeteris
1392 3998 1650 4062 laboravi,
1685 3999 1730 4051 si
1763 4012 1767 4016 '

155 4100 307 4141 meus
332 4093 558 4140 Occasus
584 4093 641 4139 et
664 4086 810 4141 stulti
838 4088 1058 4156 aequalis
1081 4088 1228 4141 erit?
1273 4088 1377 4143 Sed
1407 4104 1623 4141 rursum
1642 4103 1733 4141 co-

155 4175 354 4246 gitans,
389 4174 802 4243 diligentiusque
852 4177 1217 4239 considerans,
1261 4192 1364 4230 non
1394 4177 1621 4230 similem
1648 4192 1733 4228 sa-

154 4267 387 4335 pientcm
447 4273 504 4319 et
563 4265 783 4318 stultum
838 4265 1039 4319 habere
1088 4265 1141 4317 in
1191 4264 1369 4318 futuro
1417 4266 1729 4318 memoriam

154 4358 369 4426 quando
399 4357 789 4411 consummatio
815 4358 991 4411 veniet
1021 4357 1415 4421 universitatis;
1449 4368 1502 4412 et
1532 4373 1732 4426 nequa-

154 4462 313 4518 quam
334 4448 451 4515 pari
471 4448 618 4501 exitu
639 4448 867 4517 iniustus
886 4456 939 4501 et
952 4448 1129 4516 justus
1141 4446 1487 4514 iudicabitur,
1503 4449 1626 4517 quia
1645 4450 1733 4501 hic

156 4534 221 4587 ad
238 4532 540 4603 refrigeria,
564 4534 650 4588 ille
669 4537 844 4606 pergit
863 4537 928 4589 ad
951 4551 1162 4605 pmnam
1182 4555 1195 4589 :
1222 4537 1339 4591 ideo
1361 4539 1594 4606 priorem
1617 4555 1731 4591 sen-

155 4624 374 4678 tentiam
405 4638 578 4677 meam
602 4622 868 4685 damnavi,
885 4608 940 4677 et
963 4639 1047 4677 me
1068 4625 1226 4678 stulte
1249 4626 1479 4679 locutum
1507 4641 1625 4679 esse
1652 4627 1733 4678 in-

154 4712 353 4776 tellexi,
372 4720 427 4766 et
445 4727 677 4777 errasse,
700 4713 790 4782 qui
817 4710 966 4783 [Ms.,
982 4712 1129 4784 quia]
1153 4721 1308 4766 antea
1330 4714 1407 4765 sic
1432 4728 1729 4767 senseram.

222 4802 390 4857 Vens.
432 4803 613 4855 17-19.
645 4834 715 4843 -
746 4802 951 4855 Idcirco
994 4802 1174 4855 ta’duit
1213 4818 1293 4855 me
1332 4804 1449 4855 vita:
1470 4818 1617 4865 mem,
1654 4805 1729 4856 vi-

153 4890 355 4946 dentem
386 4888 525 4942 mala
551 4906 659 4942 esse
683 4891 923 4943 universa
952 4891 1045 4943 sub
1074 4888 1200 4953 sole,
1240 4899 1286 4943 et
1315 4899 1497 4942 cuncta
1525 4893 1726 4943 vanita—

156 4989 253 5035 tem
282 4990 437 5048 atque
464 4978 805 5047 aﬂlictionem.
832 4978 1061 5033 Rursum
1084 4980 1362 5034 detestatus
1388 4997 1502 5034 sum
1526 4998 1725 5034 omnem

153 5069 221 5122 ini
249 5070 469 5121 ustriam
491 5081 674 5127 meam,
700 5082 801 5134 qua
824 5067 917 5117 sub
943 5068 1049 5121 sole
1074 5070 1450 5124 studiosissime
1476 5071 1726 5133 laboravi;

154 5158 375 5211 habitur.
404 5174 425 5210 s
453 5156 707 5211 hmredem
747 5167 858 5226 post
889 5174 988 5222 me,
1028 5175 1178 5225 quem
1212 5162 1392 5227 ignoro
1430 5173 1603 5215 utrum
1646 5178 1730 5213 sa-

153 5247 296 5313 piens
330 5263 401 5300 an
432 5245 623 5298 stultus
646 5245 851 5312 futurus
885 5247 970 5307 sit,
1004 5256 1050 5298 et
1080 5247 1433 5299 dominabitur
1458 5252 1513 5301 in
1536 5251 1728 5300 labori-

156 5335 247 5388 bus
274 5335 417 5388 meis.
465 5328 522 5387 in
562 5336 747 5403 quibus
773 5337 1020 5388 desudavi
1064 5346 1109 5387 et
1140 5336 1391 5389 sollicitus
1421 5340 1496 5404 [ui
1525 5357 1541 5400 ;
1576 5349 1621 5390 et
1653 5349 1726 5389 est

153 5425 437 5494 quidemn
460 5432 571 5476 tam
596 5427 824 5479 vanum?
864 5427 1082 5479 Videtur
1112 5426 1327 5494 quidem
1356 5427 1419 5478 de
1451 5429 1652 5479 divitiis
1674 5438 1727 5480 et

153 5515 341 5583 opibus
396 5521 708 5576 retractare,
744 5516 867 5581 quia
912 5517 1205 5569 secundum
1250 5515 1593 5583 Evangelium
1640 5532 1724 5569 re-

153 5602 369 5669 pentina
407 5608 582 5656 morte
625 5601 907 5664 subtracti,
960 5603 1104 5671 quali
1156 5603 1449 5656 moriamur
1495 5606 1719 5663 hrcrede.

155 5691 423 5746 nescimus
445 5698 626 5743 utrum
654 5689 867 5758 sapiens
892 5704 959 5743 an
982 5692 1175 5745 stultus
1201 5694 1288 5758 sit,
1320 5694 1407 5761 qui
1441 5704 1625 5748 nostro
1652 5696 1726 5747 la-

158 5777 282 5839 tore
325 5785 412 5835 est
459 5775 737 5834 fruiturus.
794 5778 861 5831 Et
894 5778 995 5832 hoc
1027 5776 1298 5836 Salomoni
1340 5784 1536 5837 malum
1582 5784 1723 5838 acci-

1836 2054 1949 2100 suo,
1980 2048 2028 2090 et
2058 2039 2328 2106 adiit-tione
2360 2038 2594 2106 spiritus,
2622 2055 2723 2106 qua
2750 2040 2844 2090 sub
2872 2040 2977 2092 sole
3007 2042 3269 2092 cruciatus
3294 2043 3418 2095 cst.’

1837 2112 2024 2180 Cuncti
2052 2128 2162 2180 dies
2191 2128 2303 2195 ejus
2337 2126 2602 2179 doloribus
2639 2137 2687 2178 et
2718 2130 2966 2180 arumnis
2986 2127 3126 2197 pleni
3152 2139 3292 2193 sunt,
3323 2146 3417 2183 nec

1834 2231 1927 2284 per
1952 2225 2151 2267 noctem
2180 2224 2346 2267 mente
2392 2217 2694 2283 requiescit;
2724 2225 2770 2266 et
2807 2217 2934 2278 lucc,
2968 2233 3138 2269 nonne
3166 2222 3369 2270 vanitas
3394 2219 3419 2270 .’

1838 2304 1935 2357 Hic
1986 2313 2046 2359 ut
2092 2319 2250 2372 supra
2301 2306 2366 2358 de
2411 2305 2618 2358 incerto
2666 2305 2876 2358 bterede
2927 2305 3182 2372 loquitur,
3231 2317 3411 2360 utrum

1848 2392 2044 2446 stultus
2096 2409 2164 2446 an
2207 2394 2419 2461 sapiens
2456 2392 2668 2446 futurus
2714 2395 2803 2455 sit,
2854 2393 2945 2460 qui
2980 2393 3161 2446 labore
3196 2394 3417 2449 alterius

1834 2481 2097 2537 fruiturus
2136 2482 2245 2535 sit:
2274 2490 2329 2534 et
2355 2482 2408 2534 in
2435 2484 2680 2536 eumdem
2717 2483 2978 2535 circulum
3008 2495 3095 2534 res
3121 2482 3412 2547 revertitur

1835 2582 1895 2626 ut
1959 2572 2170 2627 labores
2244 2572 2584 2625 morientium
2654 2572 2854 2624 delicia:
2926 2572 3033 2625 sint
3096 2572 3413 2641 viventium.

1835 2659 2063 2712 Maxime
2109 2667 2286 2711 tamen
2335 2660 2401 2713 de
2464 2659 2647 2712 labore
2705 2660 2981 2726 sapientiae
3027 2660 3299 2727 disputat,
3358 2658 3415 2713 in

1833 2764 1939 2817 quo
1985 2749 2206 2801 studiosi
2247 2746 2400 2816 [Αἴθη
2432 2747 2691 2818 studiose]
2741 2749 2823 2801 vel
2866 2764 3047 2801 rerum
3093 2748 3413 2817 spiritalium

1832 2838 1917 2892 vel
1941 2838 2250 2900 visibilium,
2295 2837 2381 2890 die
2410 2853 2475 2889 ac
2521 2849 2675 2890 nocte
2706 2838 2971 2899 laborant,
3015 2839 3325 2906 ignorantes
3354 2838 3412 2891 in

1832 2915 2060 2994 quorum
2103 2940 2292 2978 manus
2333 2926 2645 2993 perveniant
2690 2926 2946 2993 cpuscula
2973 2942 3091 2992 sua,
3120 2935 3300 2979 utrum
3326 2939 3414 2980 sa-

1830 3018 2038 3083 pientes
2076 3015 2142 3068 de
2171 3015 2362 3069 litteris
2404 3015 2671 3082 disputent
2710 3017 2842 3079 suis,
2869 3017 2952 3069 vel
2986 3005 3328 3071 etiam'stulti
3355 3023 3415 3072 et

1831 3109 2012 3161 otiosi.
2035 3108 2131 3165 Est
2154 3108 2445 3177 quidquam
2476 3114 2585 3158 tam
2613 3107 2840 3159 vanum?
2868 3110 2993 3175 quia
3016 3121 3115 3160 nec
3139 3108 3411 3171 noctibus,

1833 3212 1932 3250 nec
1957 3197 2146 3247 diebus
2180 3203 2357 3247 cessat
2381 3209 2411 3246 a
2437 3195 2640 3260 labore,
2671 3202 2726 3247 et
2754 3198 2923 3247 nescit
2948 3195 3015 3248 ad
3039 3210 3199 3262 quem
3230 3194 3411 3263 profe-

1756 3257 1803 3317 θ
1833 3295 1976 3340 ctum
2008 3286 2183 3339 futuro
2209 3293 2445 3352 tempore
2472 3257 2685 3337 labores
2708 3284 2957 3337 evenient
2984 3286 3086 3336 sui.

1899 3372 2065 3442 418
2103 3373 2261 3426 VERS-
2300 3371 2485 3424 ’ἑά-26.
2533 3400 2606 3411 -·
2644 3371 2832 3423 Nonne
2885 3372 3069 3425 melius
3120 3380 3194 3424 est
3242 3388 3412 3428 coinc-

1830 3463 1949 3515 dere
1974 3473 2021 3513 et
2043 3462 2231 3523 bibere,
2259 3473 2307 3513 et
2332 3462 2601 3515 ostendere
2626 3465 2816 3515 animle
2837 3478 2946 3515 sua
2973 3462 3105 3514 bona
3129 3463 3192 3515 de
3213 3462 3416 3517 labori-

1833 3552 1925 3604 bus
1959 3551 2111 3604 suis?
2137 3550 2204 3602 Et
2232 3551 2329 3603 hoc
2354 3551 2417 3603 de
2438 3567 2597 3602 manu
2622 3551 2719 3603 Dei
2756 3561 2849 3603 est.
2882 3550 3010 3612 Quis
3036 3551 3110 3602 ita
3137 3551 3337 3613 vorabit
3364 3558 3417 3605 et

1832 3641 2032 3694 deliciis
2060 3642 2227 3710 aﬁluet
2266 3650 2322 3693 ut
2358 3640 2495 3709 ego?
2523 3637 2737 3691 Homini
2769 3641 2901 3692 bono
2928 3640 2982 3692 in
3011 3650 3287 3709 conspectu
3316 3657 3413 3696 suo

1831 3731 1969 3782 dedit
2001 3730 2141 3783 Deus
2170 3731 2476 3799 sapientiam
2512 3739 2559 3782 et
2594 3731 2862 3781 scientiam
2889 3740 2935 3781 et
2976 3728 3211 3781 laetitiam
3238 3746 3256 3781 .°
3288 3747 3411 3798 pec-

1834 3820 1999 3871 catori
2032 3829 2203 3873 autem
2226 3820 2365 3872 dedit
2395 3820 2719 3889 aﬂlictionem
2761 3828 2807 3870 et
2847 3834 3026 3870 curam
3064 3820 3407 3887 superﬂuam,

1832 3918 1887 3961 ut
1914 3909 2074 3960 addat
2117 3918 2165 3961 et
2204 3918 2473 3977 congreget
2508 3918 2557 3960 et
2582 3908 2756 3959 tradat
2796 3908 2866 3972 ei,
2894 3908 2983 3976 qui
3012 3907 3209 3975 placuit
3250 3907 3361 3960 Deo
3388 3923 3408 3961 :

1832 3999 1920 4052 sed
1949 4008 1993 4051 et
2024 3998 2119 4049 hoc
2156 3998 2374 4059 vanitas,
2405 4005 2450 4047 et
2493 4011 2640 4047 cassa
2682 3993 2976 4047 sollicitudo
3007 3997 3210 4047 mentis.
3251 3993 3410 4049 Aliud

1833 4097 1915 4142 est
1960 4101 2026 4141 ex
2076 4086 2503 4139 consideratione
2554 4084 2797 4145 rationis,
2848 4082 2990 4137 aliud
3029 4090 3113 4137 est
3142 4098 3209 4136 es
3260 4082 3410 4136 inllr—

1833 4176 2029 4228 mantis
2052 4175 2189 4241 vulgi
2217 4174 2507 4226 tentatione
2530 4172 2821 4239 disputare.
2856 4170 2954 4224 llic
2978 4172 3105 4239 quid
3136 4172 3411 4226 indoctum

1832 4264 2020 4330 vulgus
2070 4262 2263 4313 sentiat
2297 4262 2511 4313 videtur
2546 4259 2790 4313 delinire.
2841 4259 2939 4312 Ubi
2977 4273 3106 4311 vero
3136 4259 3213 4311 ait
3243 4273 3256 4311 :
3293 4257 3408 4313 lle-

1832 4350 1932 4404 lius
1959 4361 2031 4403 est
2056 4352 2129 4402 ire
2150 4350 2217 4402 ad
2241 4349 2452 4402 domum
2474 4348 2641 4401 luctus
2667 4365 2823 4417 quam
2846 4348 2913 4400 ad
2934 4349 3144 4400 domum
3172 4350 3409 4413 conuiuii,

1834 4453 1899 4492 ex
1944 4438 2166 4490 rationis
2212 4438 2535 4490 discretione
2581 4437 2813 4489 ostendit
2859 4451 2916 4489 se
2950 4436 3117 4505 loqui.
3161 4436 3412 4491 Dicamus

1837 4537 2013 4580 tamen
2042 4527 2335 4579 secundum
2380 4526 2820 4593 consequentiam
2849 4525 3142 4591 superioris
3172 4526 3413 4593 disputa-

1835 4616 2012 4668 tionis.
2049 4614 2336 4682 Postquam
2365 4614 2611 4666 universa
2643 4614 2890 4674 tractavi,
2921 4621 2978 4665 et
3004 4613 3138 4667 nihil
3166 4614 3220 4666 in
3252 4616 3411 4669 istius

1835 4704 2019 4755 mundi
2072 4703 2253 4756 labore
2302 4711 2615 4771 perpetuum
2663 4701 2919 4763 intellexi,
2954 4703 3413 4771 posterioremque

1833 4790 2228 4858 generationem
2253 4792 2448 4857 prioris
2484 4790 2588 4843 frui
2622 4791 2911 4850 laboribus,
2946 4799 3057 4840 tum
3083 4789 3213 4840 mihi
3237 4789 3410 4842 visum

1832 4890 1932 4940 est,
1964 4880 2063 4932 hoc
2096 4880 2150 4932 in
2177 4882 2337 4933 rebus
2363 4893 2482 4931 esse
2520 4880 2896 4943 Justissimum,
2927 4887 2979 4929 et
3018 4878 3170 4943 quasi
3200 4876 3295 4929 Dei
3321 4878 3411 4932 do-

1834 4986 1980 5032 num,
2021 4977 2077 5022 ut
2103 4984 2199 5023 suo
2223 4969 2343 5037 quis
2374 4968 2553 5021 labore
2589 4968 2877 5027 frueretur,
2909 4967 3097 5018 bibens
3127 4973 3180 5019 et
3223 4981 3409 5021 come-

1833 5059 1982 5121 deus,
2026 5067 2078 5111 et
2110 5073 2206 5125 pro
2232 5068 2467 5124 tempore
2508 5070 2734 5122 parcens
2766 5055 2896 5123 1Al.,
2928 5053 3173 5125 pascens]
3220 5056 3415 5123 opibus

1833 5152 2189 5218 emigregatis.
2240 5150 2305 5201 Et
2332 5152 2431 5202 hoc
2461 5149 2722 5216 siquidem
2752 5148 2844 5198 Dei
2876 5148 3072 5199 donum
3094 5143 3251 5209 [Ms.,
3294 5161 3412 5200 mu-

1835 5240 1956 5309 nus}
2008 5248 2131 5301 est,
2178 5241 2334 5293 talem
2372 5239 2519 5304 justo
2568 5240 2685 5292 dari
2738 5240 2853 5290 viro
2890 5245 3160 5299 mentem,
3210 5244 3269 5288 ut
3318 5253 3403 5301 ea,

1833 5347 1951 5399 qua:
2020 5332 2165 5384 curis
2233 5332 2534 5398 vigiliisque
2591 5330 2872 5396 qumsivit,
2932 5330 3046 5396 ipse
3105 5338 3410 5383 consumat.

1835 5423 1983 5473 Sicut
2014 5436 2043 5474 e
2084 5422 2355 5474 contrario
2385 5422 2477 5472 irre
2509 5420 2599 5473 Dei
2624 5428 2723 5485 est,
2765 5429 2824 5473 ut
2852 5429 3104 5488 peccator
3131 5421 3317 5474 diebus
3347 5435 3414 5475 ac

1832 5514 2075 5565 noctibus
2110 5527 2237 5579 opes
2267 5521 2553 5581 congregat
2580 5552 2595 5576 ,
2642 5525 2697 5566 et
2746 5527 3080 5579 nequaquam
3109 5511 3188 5564 eis
3231 5519 3411 5579 utens,

1832 5602 2165 5666 derelinquat
2210 5601 2290 5653 his
2314 5603 2402 5667 qui
2435 5603 2488 5653 in
2516 5614 2802 5671 conspectu
2832 5602 2921 5654 Dei
2960 5600 3092 5666 justi
3120 5606 3261 5654 sunt.
3303 5598 3413 5655 Sed

1829 5700 1884 5743 et
1912 5692 2034 5752 hoc,
2067 5690 2257 5755 inquit,
2288 5691 2569 5760 diligenter
2595 5694 2905 5760 inspiciens,
2935 5701 2988 5744 ct
3017 5690 3203 5743 videns
3227 5689 3410 5747 omnia

1835 5790 2001 5838 morte
2029 5780 2186 5845 finiri,
2213 5781 2562 5838 vanissimam
2588 5782 2841 5851 judicavi.
2862 5781 2986 5837 Hcce
3012 5781 3223 5834 interim
3248 5792 3409 5848 super
