  <div class='ocr_page' id='page_1' title='image "/cluster/home/n/w/nwhite01/storage/ocr_20150623/99-100/uc1.31175006946845/987.png"; bbox 0 0 4338 6432; ppageno 0'>
   <div class='ocr_carea' id='block_1_1' title="bbox 792 431 898 489">
    <p class='ocr_par' dir='ltr' id='par_1_1' title="bbox 792 431 898 489">
     <span class='ocr_line' id='line_1_1' title="bbox 792 431 898 489; baseline -0.019 0"><span class='ocrx_word' id='word_1_1' title='bbox 792 431 898 489; x_wconf 80' lang='lat'><strong>679</strong></span> 
     </span>
    </p>
   </div>
   <div class='ocr_carea' id='block_1_2' title="bbox 1631 412 3169 478">
    <p class='ocr_par' dir='ltr' id='par_1_2' title="bbox 1631 412 3169 478">
     <span class='ocr_line' id='line_1_2' title="bbox 1631 412 3169 478; baseline -0.004 0"><span class='ocrx_word' id='word_1_2' title='bbox 1631 425 1690 478; x_wconf 84' lang='grc' dir='ltr'><strong>Β.</strong></span> <span class='ocrx_word' id='word_1_3' title='bbox 1730 425 1793 477; x_wconf 77' lang='lat' dir='ltr'><strong>F.</strong></span> <span class='ocrx_word' id='word_1_4' title='bbox 1834 419 2056 477; x_wconf 74' lang='lat' dir='ltr'><strong>ALBI‘NI</strong></span> <span class='ocrx_word' id='word_1_5' title='bbox 2095 417 2225 475; x_wconf 85' lang='lat' dir='ltr'><strong>SEU</strong></span> <span class='ocrx_word' id='word_1_6' title='bbox 2263 412 2538 475; x_wconf 69' lang='lat' dir='ltr'><strong>ALCUINI</strong></span> <span class='ocrx_word' id='word_1_7' title='bbox 2576 418 2855 475; x_wconf 70' lang='lat' dir='ltr'><strong>OPERUM</strong></span> <span class='ocrx_word' id='word_1_8' title='bbox 2893 418 3070 474; x_wconf 77' lang='lat' dir='ltr'><strong>PARS</strong></span> <span class='ocrx_word' id='word_1_9' title='bbox 3106 418 3169 474; x_wconf 90' lang='lat' dir='ltr'><strong>ll.</strong></span> 
     </span>
    </p>
   </div>
   <div class='ocr_carea' id='block_1_3' title="bbox 3899 420 4003 477">
    <p class='ocr_par' dir='ltr' id='par_1_3' title="bbox 3899 420 4003 477">
     <span class='ocr_line' id='line_1_3' title="bbox 3899 420 4003 477; baseline -0.019 0"><span class='ocrx_word' id='word_1_10' title='bbox 3899 420 4003 477; x_wconf 79' lang='lat'><strong>680</strong></span> 
     </span>
    </p>
   </div>
   <div class='ocr_carea' id='block_1_4' title="bbox 791 512 4007 605">
    <p class='ocr_par' dir='ltr' id='par_1_4' title="bbox 791 512 4007 605">
     <span class='ocr_line' id='line_1_4' title="bbox 791 512 4007 605; baseline -0.002 -9"><span class='ocrx_word' id='word_1_11' title='bbox 791 526 1049 603; x_wconf 80' lang='lat' dir='ltr'><strong>litteram,</strong></span> <span class='ocrx_word' id='word_1_12' title='bbox 1092 553 1158 593; x_wconf 91' lang='lat' dir='ltr'><strong>ne</strong></span> <span class='ocrx_word' id='word_1_13' title='bbox 1205 512 1478 592; x_wconf 85' lang='lat' dir='ltr'><strong>videamur</strong></span> <span class='ocrx_word' id='word_1_14' title='bbox 1507 536 1717 604; x_wconf 89' lang='lat' dir='ltr'><strong>penitus</strong></span> <span class='ocrx_word' id='word_1_15' title='bbox 1754 535 2046 603; x_wconf 86' lang='lat' dir='ltr'><strong>simplicem</strong></span> <span class='ocrx_word' id='word_1_16' title='bbox 2086 533 2358 602; x_wconf 65' lang='lat' dir='ltr'><strong>praeterire</strong></span> <span class='ocrx_word' id='word_1_17' title='bbox 2386 538 2430 594; x_wconf 79' lang='grc' dir='ltr'>Α</span> <span class='ocrx_word' id='word_1_18' title='bbox 2461 530 2606 585; x_wconf 90' lang='lat' dir='ltr'><strong>illum</strong></span> <span class='ocrx_word' id='word_1_19' title='bbox 2634 532 2805 585; x_wconf 90' lang='lat' dir='ltr'><strong>locum</strong></span> <span class='ocrx_word' id='word_1_20' title='bbox 2836 533 2887 585; x_wconf 94' lang='lat' dir='ltr'><strong>in</strong></span> <span class='ocrx_word' id='word_1_21' title='bbox 2907 549 3012 600; x_wconf 92' lang='lat' dir='ltr'><strong>quo</strong></span> <span class='ocrx_word' id='word_1_22' title='bbox 3039 535 3111 587; x_wconf 93' lang='lat' dir='ltr'><strong>ait</strong></span> <span class='ocrx_word' id='word_1_23' title='bbox 3140 552 3151 585; x_wconf 91' lang='lat'>:</span> <span class='ocrx_word' id='word_1_24' title='bbox 3186 542 3381 603; x_wconf 86' lang='lat' dir='ltr'><strong>tempus</strong></span> <span class='ocrx_word' id='word_1_25' title='bbox 3404 534 3538 596; x_wconf 80' lang='lat' dir='ltr'><strong>belli,</strong></span> <span class='ocrx_word' id='word_1_26' title='bbox 3561 544 3608 586; x_wconf 88' lang='lat' dir='ltr'><strong>et</strong></span> <span class='ocrx_word' id='word_1_27' title='bbox 3629 544 3821 604; x_wconf 84' lang='lat' dir='ltr'><strong>tempus</strong></span> <span class='ocrx_word' id='word_1_28' title='bbox 3842 536 4007 605; x_wconf 83' lang='lat' dir='ltr'><strong>pacis,</strong></span> 
     </span>
    </p>
   </div>
   <div class='ocr_carea' id='block_1_5' title="bbox 792 622 2355 696">
    <p class='ocr_par' dir='ltr' id='par_1_5' title="bbox 792 622 2355 696">
     <span class='ocr_line' id='line_1_5' title="bbox 792 622 2355 696; baseline -0.007 -11"><span class='ocrx_word' id='word_1_29' title='bbox 792 646 1039 693; x_wconf 89' lang='lat' dir='ltr'><strong>sensum;</strong></span> <span class='ocrx_word' id='word_1_30' title='bbox 1070 637 1125 682; x_wconf 93' lang='lat' dir='ltr'><strong>et</strong></span> <span class='ocrx_word' id='word_1_31' title='bbox 1157 628 1280 682; x_wconf 89' lang='lat' dir='ltr'><strong>dum</strong></span> <span class='ocrx_word' id='word_1_32' title='bbox 1310 627 1576 696; x_wconf 78' lang='lat' dir='ltr'><strong>spiritales</strong></span> <span class='ocrx_word' id='word_1_33' title='bbox 1604 626 1816 679; x_wconf 88' lang='lat' dir='ltr'><strong>divitias</strong></span> <span class='ocrx_word' id='word_1_34' title='bbox 1853 624 2146 691; x_wconf 84' lang='lat' dir='ltr'><strong>sequimur,</strong></span> <span class='ocrx_word' id='word_1_35' title='bbox 2187 622 2355 677; x_wconf 88' lang='lat' dir='ltr'><strong>histo-</strong></span> 
     </span>
    </p>
   </div>
   <div class='ocr_carea' id='block_1_6' title="bbox 795 712 2356 782">
    <p class='ocr_par' dir='ltr' id='par_1_6' title="bbox 795 712 2356 782">
     <span class='ocr_line' id='line_1_6' title="bbox 795 712 2356 782; baseline -0.005 -11"><span class='ocrx_word' id='word_1_36' title='bbox 795 719 889 773; x_wconf 72' lang='lat' dir='ltr'><strong>ria:</strong></span> <span class='ocrx_word' id='word_1_37' title='bbox 942 726 1285 771; x_wconf 84' lang='lat' dir='ltr'><strong>contemnere</strong></span> <span class='ocrx_word' id='word_1_38' title='bbox 1347 721 1734 782; x_wconf 73' lang='lat' dir='ltr'><strong>paupertatem.</strong></span> <span class='ocrx_word' id='word_1_39' title='bbox 1795 713 1997 765; x_wconf 86' lang='lat' dir='ltr'><strong>Bonum</strong></span> <span class='ocrx_word' id='word_1_40' title='bbox 2042 720 2125 765; x_wconf 90' lang='lat' dir='ltr'><strong>est</strong></span> <span class='ocrx_word' id='word_1_41' title='bbox 2178 712 2356 779; x_wconf 81' lang='lat' dir='ltr'><strong>itaque</strong></span> 
     </span>
    </p>
   </div>
   <div class='ocr_carea' id='block_1_7' title="bbox 793 799 2357 881">
    <p class='ocr_par' dir='ltr' id='par_1_7' title="bbox 793 799 2357 881">
     <span class='ocr_line' id='line_1_7' title="bbox 793 799 2357 881; baseline -0.007 -19"><span class='ocrx_word' id='word_1_42' title='bbox 793 823 948 862; x_wconf 89' lang='lat' dir='ltr'><strong>veros</strong></span> <span class='ocrx_word' id='word_1_43' title='bbox 1006 808 1155 859; x_wconf 84' lang='lat' dir='ltr'><strong>cibos</strong></span> <span class='ocrx_word' id='word_1_44' title='bbox 1197 812 1253 859; x_wconf 88' lang='lat' dir='ltr'><strong>et</strong></span> <span class='ocrx_word' id='word_1_45' title='bbox 1296 819 1475 857; x_wconf 89' lang='lat' dir='ltr'><strong>veram</strong></span> <span class='ocrx_word' id='word_1_46' title='bbox 1524 817 1735 881; x_wconf 78' lang='lat' dir='ltr'><strong>sumere</strong></span> <span class='ocrx_word' id='word_1_47' title='bbox 1780 802 2072 869; x_wconf 87' lang='lat' dir='ltr'><strong>potionem,</strong></span> <span class='ocrx_word' id='word_1_48' title='bbox 2112 814 2247 868; x_wconf 92' lang='lat' dir='ltr'><strong>quos</strong></span> <span class='ocrx_word' id='word_1_49' title='bbox 2291 799 2357 852; x_wconf 90' lang='lat' dir='ltr'><strong>de</strong></span> 
     </span>
    </p>
   </div>
   <div class='ocr_carea' id='block_1_8' title="bbox 793 887 2358 968">
    <p class='ocr_par' dir='ltr' id='par_1_8' title="bbox 793 887 2358 968">
     <span class='ocr_line' id='line_1_8' title="bbox 793 887 2358 968; baseline -0.009 -16"><span class='ocrx_word' id='word_1_50' title='bbox 793 899 915 968; x_wconf 83' lang='lat' dir='ltr'><strong>agni</strong></span> <span class='ocrx_word' id='word_1_51' title='bbox 934 912 1096 951; x_wconf 87' lang='lat' dir='ltr'><strong>carne</strong></span> <span class='ocrx_word' id='word_1_52' title='bbox 1120 904 1175 949; x_wconf 87' lang='lat' dir='ltr'><strong>et</strong></span> <span class='ocrx_word' id='word_1_53' title='bbox 1200 895 1456 963; x_wconf 79' lang='lat' dir='ltr'><strong>sanguine</strong></span> <span class='ocrx_word' id='word_1_54' title='bbox 1481 898 1534 945; x_wconf 86' lang='lat' dir='ltr'><strong>in</strong></span> <span class='ocrx_word' id='word_1_55' title='bbox 1553 892 1746 944; x_wconf 84' lang='lat' dir='ltr'><strong>divinis</strong></span> <span class='ocrx_word' id='word_1_56' title='bbox 1772 890 2125 944; x_wconf 83' lang='lat' dir='ltr'><strong>voluminibus</strong></span> <span class='ocrx_word' id='word_1_57' title='bbox 2152 887 2358 941; x_wconf 91' lang='lat' dir='ltr'><strong>inveni-</strong></span> 
     </span>
    </p>
   </div>
   <div class='ocr_carea' id='block_1_9' title="bbox 793 973 2361 1053">
    <p class='ocr_par' dir='ltr' id='par_1_9' title="bbox 793 973 2361 1053">
     <span class='ocr_line' id='line_1_9' title="bbox 793 973 2361 1053; baseline -0.01 -11"><span class='ocrx_word' id='word_1_58' title='bbox 793 1004 935 1051; x_wconf 86' lang='lat' dir='ltr'><strong>mus,</strong></span> <span class='ocrx_word' id='word_1_59' title='bbox 968 988 1032 1041; x_wconf 91' lang='lat' dir='ltr'><strong>de</strong></span> <span class='ocrx_word' id='word_1_60' title='bbox 1054 986 1247 1053; x_wconf 83' lang='lat' dir='ltr'><strong>quibus</strong></span> <span class='ocrx_word' id='word_1_61' title='bbox 1268 984 1458 1037; x_wconf 86' lang='lat' dir='ltr'><strong>dicitur</strong></span> <span class='ocrx_word' id='word_1_62' title='bbox 1496 982 1547 1034; x_wconf 93' lang='lat' dir='ltr'><strong>in</strong></span> <span class='ocrx_word' id='word_1_63' title='bbox 1586 980 1805 1034; x_wconf 79' lang='lat' dir='ltr'><strong>Cantica</strong></span> <span class='ocrx_word' id='word_1_64' title='bbox 1834 979 2163 1032; x_wconf 86' lang='lat' dir='ltr'><strong>canticorum</strong></span> <span class='ocrx_word' id='word_1_65' title='bbox 2207 993 2219 1026; x_wconf 93' lang='lat'><strong>:</strong></span> <span class='ocrx_word' id='word_1_66' title='bbox 2261 973 2361 1027; x_wconf 89' lang='lat' dir='ltr'><strong>Co-</strong></span> 
     </span>
    </p>
   </div>
   <div class='ocr_carea' id='block_1_10' title="bbox 794 1064 2355 1138">
    <p class='ocr_par' dir='ltr' id='par_1_10' title="bbox 794 1064 2355 1138">
     <span class='ocr_line' id='line_1_10' title="bbox 794 1064 2355 1138; baseline -0.008 -10"><span class='ocrx_word' id='word_1_67' title='bbox 794 1076 1001 1138; x_wconf 82' lang='lat' dir='ltr'><strong>mea‘ite,</strong></span> <span class='ocrx_word' id='word_1_68' title='bbox 1029 1074 1183 1126; x_wconf 80' lang='lat' dir='ltr'><strong>amici</strong></span> <span class='ocrx_word' id='word_1_69' title='bbox 1224 1072 1341 1133; x_wconf 89' lang='lat' dir='ltr'><strong>mei,</strong></span> <span class='ocrx_word' id='word_1_70' title='bbox 1374 1070 1527 1123; x_wconf 78' lang='lat' dir='ltr'><strong>bibite</strong></span> <span class='ocrx_word' id='word_1_71' title='bbox 1554 1078 1602 1121; x_wconf 88' lang='lat' dir='ltr'><strong>et</strong></span> <span class='ocrx_word' id='word_1_72' title='bbox 1641 1067 1970 1120; x_wconf 87' lang='lat' dir='ltr'><strong>inebriamini</strong></span> <span class='ocrx_word' id='word_1_73' title='bbox 2003 1064 2177 1134; x_wconf 83' lang='lat' dir='ltr'><strong>(Cant.</strong></span> <span class='ocrx_word' id='word_1_74' title='bbox 2202 1081 2257 1127; x_wconf 86' lang='lat' dir='ltr'><strong>v,</strong></span> <span class='ocrx_word' id='word_1_75' title='bbox 2283 1064 2355 1132; x_wconf 81' lang='lat' dir='ltr'><strong>l).</strong></span> 
     </span>
    </p>
   </div>
   <div class='ocr_carea' id='block_1_11' title="bbox 792 1155 2360 1236">
    <p class='ocr_par' dir='ltr' id='par_1_11' title="bbox 792 1155 2360 1236">
     <span class='ocr_line' id='line_1_11' title="bbox 792 1155 2360 1236; baseline -0.007 -19"><span class='ocrx_word' id='word_1_76' title='bbox 792 1164 876 1217; x_wconf 75' lang='lat' dir='ltr'><strong>Ad</strong></span> <span class='ocrx_word' id='word_1_77' title='bbox 901 1178 1036 1232; x_wconf 89' lang='lat' dir='ltr'><strong>quos</strong></span> <span class='ocrx_word' id='word_1_78' title='bbox 1060 1164 1171 1229; x_wconf 90' lang='lat' dir='ltr'><strong>ipsa</strong></span> <span class='ocrx_word' id='word_1_79' title='bbox 1200 1170 1352 1214; x_wconf 85' lang='lat' dir='ltr'><strong>vocat</strong></span> <span class='ocrx_word' id='word_1_80' title='bbox 1380 1159 1663 1228; x_wconf 88' lang='lat' dir='ltr'><strong>Sapientia,</strong></span> <span class='ocrx_word' id='word_1_81' title='bbox 1695 1158 1876 1211; x_wconf 91' lang='lat' dir='ltr'><strong>dicens</strong></span> <span class='ocrx_word' id='word_1_82' title='bbox 1901 1175 1912 1208; x_wconf 90' lang='lat'>:</span> <span class='ocrx_word' id='word_1_83' title='bbox 1968 1155 2161 1218; x_wconf 75' lang='lat' dir='ltr'><strong>Venite,</strong></span> <span class='ocrx_word' id='word_1_84' title='bbox 2194 1169 2360 1236; x_wconf 79' lang='lat' dir='ltr'><strong>come-</strong></span> 
     </span>
    </p>
   </div>
   <div class='ocr_carea' id='block_1_12' title="bbox 795 1243 2357 1320">
    <p class='ocr_par' dir='ltr' id='par_1_12' title="bbox 795 1243 2357 1320">
     <span class='ocr_line' id='line_1_12' title="bbox 795 1243 2357 1320; baseline -0.006 -15"><span class='ocrx_word' id='word_1_85' title='bbox 795 1254 903 1306; x_wconf 84' lang='lat' dir='ltr'><strong>dite</strong></span> <span class='ocrx_word' id='word_1_86' title='bbox 927 1268 1111 1320; x_wconf 89' lang='lat' dir='ltr'><strong>panem</strong></span> <span class='ocrx_word' id='word_1_87' title='bbox 1140 1258 1386 1311; x_wconf 88' lang='lat' dir='ltr'><strong>meum,et</strong></span> <span class='ocrx_word' id='word_1_88' title='bbox 1413 1251 1601 1310; x_wconf 82' lang='lat' dir='ltr'><strong>vinum,</strong></span> <span class='ocrx_word' id='word_1_89' title='bbox 1623 1248 1759 1316; x_wconf 84' lang='lat' dir='ltr'><strong>quod</strong></span> <span class='ocrx_word' id='word_1_90' title='bbox 1782 1246 1963 1299; x_wconf 77' lang='lat' dir='ltr'><strong>miscui</strong></span> <span class='ocrx_word' id='word_1_91' title='bbox 1992 1246 2149 1298; x_wconf 86' lang='lat' dir='ltr'><strong>vobis.</strong></span> <span class='ocrx_word' id='word_1_92' title='bbox 2183 1243 2357 1297; x_wconf 83' lang='lat' dir='ltr'><strong>Relin-</strong></span> 
     </span>
    </p>
   </div>
   <div class='ocr_carea' id='block_1_13' title="bbox 796 1332 2363 1410">
    <p class='ocr_par' dir='ltr' id='par_1_13' title="bbox 796 1332 2363 1410">
     <span class='ocr_line' id='line_1_13' title="bbox 796 1332 2363 1410; baseline -0.004 -18"><span class='ocrx_word' id='word_1_93' title='bbox 796 1341 936 1410; x_wconf 80' lang='lat' dir='ltr'><strong>quite</strong></span> <span class='ocrx_word' id='word_1_94' title='bbox 962 1340 1232 1407; x_wconf 78' lang='lat' dir='ltr'><strong>infantiam</strong></span> <span class='ocrx_word' id='word_1_95' title='bbox 1261 1348 1306 1390; x_wconf 89' lang='lat' dir='ltr'><strong>et</strong></span> <span class='ocrx_word' id='word_1_96' title='bbox 1330 1339 1475 1390; x_wconf 88' lang='lat' dir='ltr'><strong>vivite</strong></span> <span class='ocrx_word' id='word_1_97' title='bbox 1492 1378 1505 1399; x_wconf 94' lang='lat'><strong>,</strong></span> <span class='ocrx_word' id='word_1_98' title='bbox 1533 1348 1580 1389; x_wconf 87' lang='lat' dir='ltr'><strong>et</strong></span> <span class='ocrx_word' id='word_1_99' title='bbox 1609 1336 1868 1388; x_wconf 77' lang='lat' dir='ltr'><strong>ambulate</strong></span> <span class='ocrx_word' id='word_1_100' title='bbox 1892 1352 1981 1403; x_wconf 86' lang='lat' dir='ltr'><strong>per</strong></span> <span class='ocrx_word' id='word_1_101' title='bbox 2007 1335 2113 1387; x_wconf 88' lang='lat' dir='ltr'><strong>vias</strong></span> <span class='ocrx_word' id='word_1_102' title='bbox 2138 1332 2363 1403; x_wconf 84' lang='lat' dir='ltr'><strong>pruden-</strong></span> 
     </span>
    </p>
   </div>
   <div class='ocr_carea' id='block_1_14' title="bbox 796 1422 2361 1499">
    <p class='ocr_par' dir='ltr' id='par_1_14' title="bbox 796 1422 2361 1499">
     <span class='ocr_line' id='line_1_14' title="bbox 796 1422 2361 1499; baseline -0.007 -16"><span class='ocrx_word' id='word_1_103' title='bbox 796 1433 883 1484; x_wconf 77' lang='lat' dir='ltr'><strong>tia:</strong></span> <span class='ocrx_word' id='word_1_104' title='bbox 910 1430 1087 1499; x_wconf 86' lang='lat' dir='ltr'><strong>(Prov.</strong></span> <span class='ocrx_word' id='word_1_105' title='bbox 1115 1436 1188 1490; x_wconf 79' lang='lat' dir='ltr'><strong>is,</strong></span> <span class='ocrx_word' id='word_1_106' title='bbox 1220 1427 1270 1490; x_wconf 84' lang='lat'><strong>5,</strong></span> <span class='ocrx_word' id='word_1_107' title='bbox 1294 1428 1367 1495; x_wconf 85' lang='lat'><strong>6).</strong></span> <span class='ocrx_word' id='word_1_108' title='bbox 1393 1428 1521 1490; x_wconf 83' lang='lat' dir='ltr'><strong>Quis</strong></span> <span class='ocrx_word' id='word_1_109' title='bbox 1542 1427 1681 1478; x_wconf 89' lang='lat' dir='ltr'><strong>enim</strong></span> <span class='ocrx_word' id='word_1_110' title='bbox 1709 1425 1789 1479; x_wconf 89' lang='lat' dir='ltr'><strong>vel</strong></span> <span class='ocrx_word' id='word_1_111' title='bbox 1815 1426 2112 1487; x_wconf 86' lang='lat' dir='ltr'><strong>comedere,</strong></span> <span class='ocrx_word' id='word_1_112' title='bbox 2136 1422 2219 1477; x_wconf 91' lang='lat' dir='ltr'><strong>vel</strong></span> <span class='ocrx_word' id='word_1_113' title='bbox 2240 1436 2361 1473; x_wconf 90' lang='lat' dir='ltr'><strong>cum</strong></span> 
     </span>
    </p>
   </div>
   <div class='ocr_carea' id='block_1_15' title="bbox 797 1511 2359 1587">
    <p class='ocr_par' dir='ltr' id='par_1_15' title="bbox 797 1511 2359 1587">
     <span class='ocr_line' id='line_1_15' title="bbox 797 1511 2359 1587; baseline -0.007 -13"><span class='ocrx_word' id='word_1_114' title='bbox 797 1534 932 1587; x_wconf 85' lang='lat' dir='ltr'><strong>opus</strong></span> <span class='ocrx_word' id='word_1_115' title='bbox 975 1527 1074 1579; x_wconf 92' lang='lat' dir='ltr'><strong>est,</strong></span> <span class='ocrx_word' id='word_1_116' title='bbox 1104 1533 1322 1586; x_wconf 74' lang='lat' dir='ltr'><strong>parcere</strong></span> <span class='ocrx_word' id='word_1_117' title='bbox 1363 1515 1493 1586; x_wconf 79' lang='lat' dir='ltr'><strong>[Al.,</strong></span> <span class='ocrx_word' id='word_1_118' title='bbox 1521 1514 1762 1586; x_wconf 89' lang='lat' dir='ltr'><strong>pascere]</strong></span> <span class='ocrx_word' id='word_1_119' title='bbox 1804 1522 1981 1583; x_wconf 84' lang='lat' dir='ltr'><strong>potest</strong></span> <span class='ocrx_word' id='word_1_120' title='bbox 2004 1515 2205 1580; x_wconf 87' lang='lat' dir='ltr'><strong>absque</strong></span> <span class='ocrx_word' id='word_1_121' title='bbox 2230 1511 2359 1573; x_wconf 91' lang='lat' dir='ltr'><strong>Deo,</strong></span> 
     </span>
    </p>
   </div>
   <div class='ocr_carea' id='block_1_16' title="bbox 798 1600 2358 1678">
    <p class='ocr_par' dir='ltr' id='par_1_16' title="bbox 798 1600 2358 1678">
     <span class='ocr_line' id='line_1_16' title="bbox 798 1600 2358 1678; baseline -0.006 -16"><span class='ocrx_word' id='word_1_122' title='bbox 798 1610 887 1678; x_wconf 90' lang='lat' dir='ltr'><strong>qui</strong></span> <span class='ocrx_word' id='word_1_123' title='bbox 918 1608 1157 1677; x_wconf 75' lang='lat' dir='ltr'><strong>praecipit</strong></span> <span class='ocrx_word' id='word_1_124' title='bbox 1185 1615 1425 1659; x_wconf 87' lang='lat' dir='ltr'><strong>sanctum</strong></span> <span class='ocrx_word' id='word_1_125' title='bbox 1463 1606 1683 1659; x_wconf 86' lang='lat' dir='ltr'><strong>canibus</strong></span> <span class='ocrx_word' id='word_1_126' title='bbox 1726 1620 1830 1658; x_wconf 89' lang='lat' dir='ltr'><strong>non</strong></span> <span class='ocrx_word' id='word_1_127' title='bbox 1874 1618 1995 1657; x_wconf 90' lang='lat' dir='ltr'><strong>esse</strong></span> <span class='ocrx_word' id='word_1_128' title='bbox 2022 1600 2358 1663; x_wconf 83' lang='lat' dir='ltr'><strong>mittendum,</strong></span> 
     </span>
    </p>
   </div>
   <div class='ocr_carea' id='block_1_17' title="bbox 798 1689 2364 1765">
    <p class='ocr_par' dir='ltr' id='par_1_17' title="bbox 798 1689 2364 1765">
     <span class='ocr_line' id='line_1_17' title="bbox 798 1689 2364 1765; baseline -0.006 -15"><span class='ocrx_word' id='word_1_129' title='bbox 798 1706 853 1761; x_wconf 80' lang='lat' dir='ltr'><strong>et</strong></span> <span class='ocrx_word' id='word_1_130' title='bbox 880 1698 1033 1752; x_wconf 88' lang='lat' dir='ltr'><strong>docet</strong></span> <span class='ocrx_word' id='word_1_131' title='bbox 1073 1697 1339 1765; x_wconf 88' lang='lat' dir='ltr'><strong>quomodo</strong></span> <span class='ocrx_word' id='word_1_132' title='bbox 1387 1696 1439 1747; x_wconf 91' lang='lat' dir='ltr'><strong>in</strong></span> <span class='ocrx_word' id='word_1_133' title='bbox 1487 1703 1722 1761; x_wconf 86' lang='lat' dir='ltr'><strong>tempore</strong></span> <span class='ocrx_word' id='word_1_134' title='bbox 1763 1693 1870 1745; x_wconf 92' lang='lat' dir='ltr'><strong>sint</strong></span> <span class='ocrx_word' id='word_1_135' title='bbox 1918 1692 2088 1745; x_wconf 83' lang='lat' dir='ltr'><strong>danda</strong></span> <span class='ocrx_word' id='word_1_136' title='bbox 2129 1689 2364 1744; x_wconf 85' lang='lat' dir='ltr'><strong>cibaria?</strong></span> 
     </span>
    </p>
   </div>
   <div class='ocr_carea' id='block_1_18' title="bbox 798 1780 2361 1849">
    <p class='ocr_par' dir='ltr' id='par_1_18' title="bbox 798 1780 2361 1849">
     <span class='ocr_line' id='line_1_18' title="bbox 798 1780 2361 1849; baseline -0.007 -6"><span class='ocrx_word' id='word_1_137' title='bbox 798 1787 1028 1843; x_wconf 87' lang='lat' dir='ltr'><strong>Pulchre</strong></span> <span class='ocrx_word' id='word_1_138' title='bbox 1077 1787 1218 1840; x_wconf 90' lang='lat' dir='ltr'><strong>enim</strong></span> <span class='ocrx_word' id='word_1_139' title='bbox 1262 1784 1463 1838; x_wconf 88' lang='lat' dir='ltr'><strong>homini</strong></span> <span class='ocrx_word' id='word_1_140' title='bbox 1506 1784 1595 1838; x_wconf 89' lang='lat' dir='ltr'><strong>dat</strong></span> <span class='ocrx_word' id='word_1_141' title='bbox 1650 1783 1789 1836; x_wconf 89' lang='lat' dir='ltr'><strong>Deus</strong></span> <span class='ocrx_word' id='word_1_142' title='bbox 1837 1782 1978 1835; x_wconf 91' lang='lat' dir='ltr'><strong>bono</strong></span> <span class='ocrx_word' id='word_1_143' title='bbox 2028 1780 2361 1849; x_wconf 86' lang='lat' dir='ltr'><strong>sapientiam,</strong></span> 
     </span>
    </p>
   </div>
   <div class='ocr_carea' id='block_1_19' title="bbox 798 1852 2439 1938">
    <p class='ocr_par' dir='ltr' id='par_1_19' title="bbox 798 1852 2439 1938">
     <span class='ocr_line' id='line_1_19' title="bbox 798 1852 2439 1938; baseline -0.006 -9"><span class='ocrx_word' id='word_1_144' title='bbox 798 1884 855 1929; x_wconf 87' lang='lat' dir='ltr'><strong>et</strong></span> <span class='ocrx_word' id='word_1_145' title='bbox 881 1874 1195 1938; x_wconf 50' lang='lat' dir='ltr'><strong>scientiam}</strong></span> <span class='ocrx_word' id='word_1_146' title='bbox 1217 1882 1269 1927; x_wconf 90' lang='lat' dir='ltr'><strong>et</strong></span> <span class='ocrx_word' id='word_1_147' title='bbox 1298 1873 1550 1927; x_wconf 80' lang='lat' dir='ltr'><strong>Lctitiam.</strong></span> <span class='ocrx_word' id='word_1_148' title='bbox 1582 1871 1693 1924; x_wconf 85' lang='lat' dir='ltr'><strong>Nisi</strong></span> <span class='ocrx_word' id='word_1_149' title='bbox 1726 1871 1869 1925; x_wconf 91' lang='lat' dir='ltr'><strong>enim</strong></span> <span class='ocrx_word' id='word_1_150' title='bbox 1901 1871 2072 1924; x_wconf 90' lang='lat' dir='ltr'><strong>bonus</strong></span> <span class='ocrx_word' id='word_1_151' title='bbox 2101 1867 2279 1932; x_wconf 84' lang='lat' dir='ltr'><strong>fuerit,</strong></span> <span class='ocrx_word' id='word_1_152' title='bbox 2308 1876 2363 1920; x_wconf 89' lang='lat' dir='ltr'><strong>et</strong></span> <span class='ocrx_word' id='word_1_153' title='bbox 2400 1852 2439 1909; x_wconf 86' lang='grc' dir='ltr'><strong>Β</strong></span> 
     </span>
    </p>
   </div>
   <div class='ocr_carea' id='block_1_20' title="bbox 800 1958 2364 2031">
    <p class='ocr_par' dir='ltr' id='par_1_20' title="bbox 800 1958 2364 2031">
     <span class='ocr_line' id='line_1_20' title="bbox 800 1958 2364 2031; baseline -0.004 -12"><span class='ocrx_word' id='word_1_154' title='bbox 800 1980 978 2019; x_wconf 87' lang='lat' dir='ltr'><strong>mores</strong></span> <span class='ocrx_word' id='word_1_155' title='bbox 1022 1980 1166 2027; x_wconf 91' lang='lat' dir='ltr'><strong>suos,</strong></span> <span class='ocrx_word' id='word_1_156' title='bbox 1213 1964 1305 2017; x_wconf 89' lang='lat' dir='ltr'><strong>Dei</strong></span> <span class='ocrx_word' id='word_1_157' title='bbox 1350 1964 1631 2031; x_wconf 85' lang='lat' dir='ltr'><strong>adjuvante</strong></span> <span class='ocrx_word' id='word_1_158' title='bbox 1672 1962 1865 2030; x_wconf 83' lang='lat' dir='ltr'><strong>gratia,</strong></span> <span class='ocrx_word' id='word_1_159' title='bbox 1895 1960 2113 2031; x_wconf 90' lang='lat' dir='ltr'><strong>proprio</strong></span> <span class='ocrx_word' id='word_1_160' title='bbox 2138 1958 2364 2014; x_wconf 88' lang='lat' dir='ltr'><strong>arbitrio</strong></span> 
     </span>
    </p>
   </div>
   <div class='ocr_carea' id='block_1_21' title="bbox 802 2054 2369 2136">
    <p class='ocr_par' dir='ltr' id='par_1_21' title="bbox 802 2054 2369 2136">
     <span class='ocr_line' id='line_1_21' title="bbox 802 2054 2369 2136; baseline -0.006 -21"><span class='ocrx_word' id='word_1_161' title='bbox 802 2059 955 2136; x_wconf 70' lang='lat' dir='ltr'><strong>[Hs.,</strong></span> <span class='ocrx_word' id='word_1_162' title='bbox 984 2075 1083 2130; x_wconf 93' lang='lat' dir='ltr'><strong>pro</strong></span> <span class='ocrx_word' id='word_1_163' title='bbox 1109 2057 1352 2129; x_wconf 89' lang='lat' dir='ltr'><strong>arbitrio]</strong></span> <span class='ocrx_word' id='word_1_164' title='bbox 1392 2065 1511 2111; x_wconf 86' lang='lat' dir='ltr'><strong>ante</strong></span> <span class='ocrx_word' id='word_1_165' title='bbox 1540 2056 1835 2111; x_wconf 78' lang='lat' dir='ltr'><strong>correxerit</strong></span> <span class='ocrx_word' id='word_1_166' title='bbox 1864 2066 1912 2120; x_wconf 79' lang='grc' dir='ltr'><strong>ι,</strong></span> <span class='ocrx_word' id='word_1_167' title='bbox 1947 2054 2289 2122; x_wconf 85' lang='lat' dir='ltr'><strong>sapientiam,</strong></span> <span class='ocrx_word' id='word_1_168' title='bbox 2312 2061 2369 2107; x_wconf 88' lang='lat' dir='ltr'><strong>et</strong></span> 
     </span>
    </p>
   </div>
   <div class='ocr_carea' id='block_1_22' title="bbox 800 2148 2369 2219">
    <p class='ocr_par' dir='ltr' id='par_1_22' title="bbox 800 2148 2369 2219">
     <span class='ocr_line' id='line_1_22' title="bbox 800 2148 2369 2219; baseline -0.006 -8"><span class='ocrx_word' id='word_1_169' title='bbox 800 2155 1098 2217; x_wconf 86' lang='lat' dir='ltr'><strong>scientiam,</strong></span> <span class='ocrx_word' id='word_1_170' title='bbox 1122 2160 1177 2205; x_wconf 87' lang='lat' dir='ltr'><strong>et</strong></span> <span class='ocrx_word' id='word_1_171' title='bbox 1212 2152 1449 2205; x_wconf 69' lang='lat' dir='ltr'><strong>laetitiam</strong></span> <span class='ocrx_word' id='word_1_172' title='bbox 1477 2166 1583 2204; x_wconf 93' lang='lat' dir='ltr'><strong>non</strong></span> <span class='ocrx_word' id='word_1_173' title='bbox 1617 2150 1928 2204; x_wconf 91' lang='lat' dir='ltr'><strong>merebitur.</strong></span> <span class='ocrx_word' id='word_1_174' title='bbox 1968 2148 2039 2203; x_wconf 91' lang='lat' dir='ltr'><strong>Ut</strong></span> <span class='ocrx_word' id='word_1_175' title='bbox 2071 2164 2199 2219; x_wconf 84' lang='lat' dir='ltr'><strong>ergo</strong></span> <span class='ocrx_word' id='word_1_176' title='bbox 2227 2148 2369 2202; x_wconf 90' lang='lat' dir='ltr'><strong>bono</strong></span> 
     </span>
    </p>
   </div>
   <div class='ocr_carea' id='block_1_23' title="bbox 800 2237 2368 2307">
    <p class='ocr_par' dir='ltr' id='par_1_23' title="bbox 800 2237 2368 2307">
     <span class='ocr_line' id='line_1_23' title="bbox 800 2237 2368 2307; baseline -0.004 -11"><span class='ocrx_word' id='word_1_177' title='bbox 800 2257 981 2297; x_wconf 89' lang='lat' dir='ltr'><strong>coram</strong></span> <span class='ocrx_word' id='word_1_178' title='bbox 1008 2257 1065 2296; x_wconf 90' lang='lat' dir='ltr'><strong>se</strong></span> <span class='ocrx_word' id='word_1_179' title='bbox 1103 2240 1249 2295; x_wconf 87' lang='lat' dir='ltr'><strong>dedit</strong></span> <span class='ocrx_word' id='word_1_180' title='bbox 1278 2239 1417 2293; x_wconf 85' lang='lat' dir='ltr'><strong>Deus</strong></span> <span class='ocrx_word' id='word_1_181' title='bbox 1446 2238 1759 2307; x_wconf 88' lang='lat' dir='ltr'><strong>sapientiam</strong></span> <span class='ocrx_word' id='word_1_182' title='bbox 1790 2246 1844 2292; x_wconf 91' lang='lat' dir='ltr'><strong>et</strong></span> <span class='ocrx_word' id='word_1_183' title='bbox 1873 2246 2096 2301; x_wconf 64' lang='lat' dir='ltr'><strong>cetera,</strong></span> <span class='ocrx_word' id='word_1_184' title='bbox 2139 2237 2217 2291; x_wconf 88' lang='lat' dir='ltr'><strong>sic</strong></span> <span class='ocrx_word' id='word_1_185' title='bbox 2242 2251 2368 2305; x_wconf 89' lang='lat' dir='ltr'><strong>pec-</strong></span> 
     </span>
    </p>
   </div>
   <div class='ocr_carea' id='block_1_24' title="bbox 800 2328 2373 2399">
    <p class='ocr_par' dir='ltr' id='par_1_24' title="bbox 800 2328 2373 2399">
     <span class='ocr_line' id='line_1_24' title="bbox 800 2328 2373 2399; baseline -0.006 -11"><span class='ocrx_word' id='word_1_186' title='bbox 800 2344 1035 2389; x_wconf 88' lang='lat' dir='ltr'><strong>eatorem</strong></span> <span class='ocrx_word' id='word_1_187' title='bbox 1065 2347 1162 2385; x_wconf 90' lang='lat' dir='ltr'><strong>suo</strong></span> <span class='ocrx_word' id='word_1_188' title='bbox 1196 2332 1415 2385; x_wconf 90' lang='lat' dir='ltr'><strong>arbitrio</strong></span> <span class='ocrx_word' id='word_1_189' title='bbox 1443 2330 1815 2399; x_wconf 83' lang='lat' dir='ltr'><strong>derelinquens</strong></span> <span class='ocrx_word' id='word_1_190' title='bbox 1839 2368 1856 2393; x_wconf 94' lang='lat'><strong>,</strong></span> <span class='ocrx_word' id='word_1_191' title='bbox 1884 2328 2012 2381; x_wconf 79' lang='lat' dir='ltr'><strong>facit</strong></span> <span class='ocrx_word' id='word_1_192' title='bbox 2044 2340 2373 2397; x_wconf 82' lang='lat' dir='ltr'><strong>congregare</strong></span> 
     </span>
    </p>
   </div>
   <div class='ocr_carea' id='block_1_25' title="bbox 799 2418 2375 2489">
    <p class='ocr_par' dir='ltr' id='par_1_25' title="bbox 799 2418 2375 2489">
     <span class='ocr_line' id='line_1_25' title="bbox 799 2418 2375 2489; baseline -0.005 -13"><span class='ocrx_word' id='word_1_193' title='bbox 799 2423 1030 2486; x_wconf 76' lang='lat' dir='ltr'><strong>divitias,</strong></span> <span class='ocrx_word' id='word_1_194' title='bbox 1071 2430 1126 2475; x_wconf 89' lang='lat' dir='ltr'><strong>et</strong></span> <span class='ocrx_word' id='word_1_195' title='bbox 1160 2422 1284 2474; x_wconf 88' lang='lat' dir='ltr'><strong>hinc</strong></span> <span class='ocrx_word' id='word_1_196' title='bbox 1322 2420 1447 2474; x_wconf 88' lang='lat' dir='ltr'><strong>inde</strong></span> <span class='ocrx_word' id='word_1_197' title='bbox 1493 2432 1869 2489; x_wconf 82' lang='lat' dir='ltr'><strong>perversorum</strong></span> <span class='ocrx_word' id='word_1_198' title='bbox 1900 2418 2208 2485; x_wconf 82' lang='lat' dir='ltr'><strong>dogmatum</strong></span> <span class='ocrx_word' id='word_1_199' title='bbox 2246 2430 2375 2469; x_wconf 89' lang='lat' dir='ltr'><strong>con-</strong></span> 
     </span>
    </p>
   </div>
   <div class='ocr_carea' id='block_1_26' title="bbox 799 2503 2376 2575">
    <p class='ocr_par' dir='ltr' id='par_1_26' title="bbox 799 2503 2376 2575">
     <span class='ocr_line' id='line_1_26' title="bbox 799 2503 2376 2575; baseline -0.006 -10"><span class='ocrx_word' id='word_1_200' title='bbox 799 2526 959 2565; x_wconf 88' lang='lat' dir='ltr'><strong>suere</strong></span> <span class='ocrx_word' id='word_1_201' title='bbox 1003 2510 1285 2564; x_wconf 84' lang='lat' dir='ltr'><strong>cervicalia</strong></span> <span class='ocrx_word' id='word_1_202' title='bbox 1328 2525 1340 2559; x_wconf 86' lang='lat'><strong>:</strong></span> <span class='ocrx_word' id='word_1_203' title='bbox 1397 2523 1517 2575; x_wconf 70' lang='lat' dir='ltr'><strong>quin</strong></span> <span class='ocrx_word' id='word_1_204' title='bbox 1562 2521 1684 2560; x_wconf 93' lang='lat' dir='ltr'><strong>cum</strong></span> <span class='ocrx_word' id='word_1_205' title='bbox 1722 2506 1805 2558; x_wconf 86' lang='lat' dir='ltr'><strong>vir</strong></span> <span class='ocrx_word' id='word_1_206' title='bbox 1830 2515 2046 2559; x_wconf 89' lang='lat' dir='ltr'><strong>sanctus</strong></span> <span class='ocrx_word' id='word_1_207' title='bbox 2079 2511 2135 2557; x_wconf 91' lang='lat' dir='ltr'><strong>et</strong></span> <span class='ocrx_word' id='word_1_208' title='bbox 2161 2503 2376 2572; x_wconf 87' lang='lat' dir='ltr'><strong>placens</strong></span> 
     </span>
    </p>
   </div>
   <div class='ocr_carea' id='block_1_27' title="bbox 804 2596 2371 2664">
    <p class='ocr_par' dir='ltr' id='par_1_27' title="bbox 804 2596 2371 2664">
     <span class='ocr_line' id='line_1_27' title="bbox 804 2596 2371 2664; baseline -0.004 -11"><span class='ocrx_word' id='word_1_209' title='bbox 804 2598 918 2653; x_wconf 87' lang='lat' dir='ltr'><strong>Deo</strong></span> <span class='ocrx_word' id='word_1_210' title='bbox 944 2598 1177 2661; x_wconf 82' lang='lat' dir='ltr'><strong>viderit,</strong></span> <span class='ocrx_word' id='word_1_211' title='bbox 1222 2596 1469 2663; x_wconf 79' lang='lat' dir='ltr'><strong>intelligit</strong></span> <span class='ocrx_word' id='word_1_212' title='bbox 1492 2596 1615 2664; x_wconf 87' lang='lat' dir='ltr'><strong>quia</strong></span> <span class='ocrx_word' id='word_1_213' title='bbox 1653 2610 1783 2648; x_wconf 89' lang='lat' dir='ltr'><strong>vana</strong></span> <span class='ocrx_word' id='word_1_214' title='bbox 1827 2604 1980 2659; x_wconf 90' lang='lat' dir='ltr'><strong>sunt,</strong></span> <span class='ocrx_word' id='word_1_215' title='bbox 2027 2603 2082 2648; x_wconf 90' lang='lat' dir='ltr'><strong>et</strong></span> <span class='ocrx_word' id='word_1_216' title='bbox 2111 2608 2371 2662; x_wconf 62' lang='lat' dir='ltr'><strong>praesum-</strong></span> 
     </span>
    </p>
   </div>
   <div class='ocr_carea' id='block_1_28' title="bbox 806 2684 2376 2759">
    <p class='ocr_par' dir='ltr' id='par_1_28' title="bbox 806 2684 2376 2759">
     <span class='ocr_line' id='line_1_28' title="bbox 806 2684 2376 2759; baseline -0.003 -18"><span class='ocrx_word' id='word_1_217' title='bbox 806 2688 987 2759; x_wconf 78' lang='lat' dir='ltr'><strong>ptione</strong></span> <span class='ocrx_word' id='word_1_218' title='bbox 1013 2688 1233 2756; x_wconf 89' lang='lat' dir='ltr'><strong>spiritus</strong></span> <span class='ocrx_word' id='word_1_219' title='bbox 1260 2687 1573 2755; x_wconf 88' lang='lat' dir='ltr'><strong>composita.</strong></span> <span class='ocrx_word' id='word_1_220' title='bbox 1601 2685 1710 2740; x_wconf 86' lang='lat' dir='ltr'><strong>Nec</strong></span> <span class='ocrx_word' id='word_1_221' title='bbox 1737 2686 2036 2739; x_wconf 90' lang='lat' dir='ltr'><strong>mirandum</strong></span> <span class='ocrx_word' id='word_1_222' title='bbox 2062 2684 2205 2753; x_wconf 91' lang='lat' dir='ltr'><strong>quod</strong></span> <span class='ocrx_word' id='word_1_223' title='bbox 2232 2684 2376 2738; x_wconf 79' lang='lat' dir='ltr'><strong>dixe-</strong></span> 
     </span>
    </p>
   </div>
   <div class='ocr_carea' id='block_1_29' title="bbox 805 2773 2375 2850">
    <p class='ocr_par' dir='ltr' id='par_1_29' title="bbox 805 2773 2375 2850">
     <span class='ocr_line' id='line_1_29' title="bbox 805 2773 2375 2850; baseline -0.006 -14"><span class='ocrx_word' id='word_1_224' title='bbox 805 2782 895 2845; x_wconf 89' lang='lat' dir='ltr'><strong>rit,</strong></span> <span class='ocrx_word' id='word_1_225' title='bbox 932 2781 1187 2850; x_wconf 86' lang='lat' dir='ltr'><strong>peccatori</strong></span> <span class='ocrx_word' id='word_1_226' title='bbox 1227 2780 1368 2831; x_wconf 83' lang='lat' dir='ltr'><strong>dedit</strong></span> <span class='ocrx_word' id='word_1_227' title='bbox 1414 2776 1832 2840; x_wconf 76' lang='lat' dir='ltr'><strong>sollicitudinem,</strong></span> <span class='ocrx_word' id='word_1_228' title='bbox 1878 2785 2008 2839; x_wconf 84' lang='lat' dir='ltr'><strong>etc.,</strong></span> <span class='ocrx_word' id='word_1_229' title='bbox 2042 2775 2183 2827; x_wconf 81' lang='lat' dir='ltr'><strong>dedit</strong></span> <span class='ocrx_word' id='word_1_230' title='bbox 2228 2773 2375 2828; x_wconf 89' lang='lat' dir='ltr'><strong>enim</strong></span> 
     </span>
    </p>
   </div>
   <div class='ocr_carea' id='block_1_30' title="bbox 806 2862 2373 2939">
    <p class='ocr_par' dir='ltr' id='par_1_30' title="bbox 806 2862 2373 2939">
     <span class='ocr_line' id='line_1_30' title="bbox 806 2862 2373 2939; baseline -0.004 -17"><span class='ocrx_word' id='word_1_231' title='bbox 806 2883 905 2939; x_wconf 91' lang='lat' dir='ltr'><strong>pro</strong></span> <span class='ocrx_word' id='word_1_232' title='bbox 928 2867 1144 2927; x_wconf 85' lang='lat' dir='ltr'><strong>dimisit,</strong></span> <span class='ocrx_word' id='word_1_233' title='bbox 1176 2865 1572 2934; x_wconf 87' lang='lat' dir='ltr'><strong>intelligendum</strong></span> <span class='ocrx_word' id='word_1_234' title='bbox 1599 2872 1700 2918; x_wconf 90' lang='lat' dir='ltr'><strong>est.</strong></span> <span class='ocrx_word' id='word_1_235' title='bbox 1741 2862 2030 2934; x_wconf 89' lang='lat' dir='ltr'><strong>Propterea</strong></span> <span class='ocrx_word' id='word_1_236' title='bbox 2056 2862 2148 2916; x_wconf 88' lang='lat' dir='ltr'><strong>dat</strong></span> <span class='ocrx_word' id='word_1_237' title='bbox 2173 2862 2233 2919; x_wconf 85' lang='lat' dir='ltr'><strong>ei</strong></span> <span class='ocrx_word' id='word_1_238' title='bbox 2265 2863 2373 2917; x_wconf 89' lang='lat' dir='ltr'><strong>sol-</strong></span> 
     </span>
    </p>
   </div>
   <div class='ocr_carea' id='block_1_31' title="bbox 805 2953 2373 3025">
    <p class='ocr_par' dir='ltr' id='par_1_31' title="bbox 805 2953 2373 3025">
     <span class='ocr_line' id='line_1_31' title="bbox 805 2953 2373 3025; baseline -0.003 -13"><span class='ocrx_word' id='word_1_239' title='bbox 805 2957 1139 3013; x_wconf 89' lang='lat' dir='ltr'><strong>licitudinem</strong></span> <span class='ocrx_word' id='word_1_240' title='bbox 1165 2956 1278 3010; x_wconf 89' lang='lat' dir='ltr'><strong>sive</strong></span> <span class='ocrx_word' id='word_1_241' title='bbox 1320 2955 1679 3019; x_wconf 85' lang='lat' dir='ltr'><strong>alllictionem,</strong></span> <span class='ocrx_word' id='word_1_242' title='bbox 1718 2956 1841 3025; x_wconf 89' lang='lat' dir='ltr'><strong>quia</strong></span> <span class='ocrx_word' id='word_1_243' title='bbox 1873 2962 2124 3023; x_wconf 89' lang='lat' dir='ltr'><strong>peccator</strong></span> <span class='ocrx_word' id='word_1_244' title='bbox 2146 2953 2275 3019; x_wconf 82' lang='lat' dir='ltr'><strong>fuit;</strong></span> <span class='ocrx_word' id='word_1_245' title='bbox 2317 2962 2373 3007; x_wconf 91' lang='lat' dir='ltr'><strong>et</strong></span> 
     </span>
    </p>
   </div>
   <div class='ocr_carea' id='block_1_32' title="bbox 806 3041 2370 3121">
    <p class='ocr_par' dir='ltr' id='par_1_32' title="bbox 806 3041 2370 3121">
     <span class='ocr_line' id='line_1_32' title="bbox 806 3041 2370 3121; baseline -0.004 -21"><span class='ocrx_word' id='word_1_246' title='bbox 806 3062 912 3100; x_wconf 86' lang='lat' dir='ltr'><strong>non</strong></span> <span class='ocrx_word' id='word_1_247' title='bbox 957 3060 1075 3099; x_wconf 87' lang='lat' dir='ltr'><strong>esse</strong></span> <span class='ocrx_word' id='word_1_248' title='bbox 1116 3060 1333 3121; x_wconf 83' lang='lat' dir='ltr'><strong>causam</strong></span> <span class='ocrx_word' id='word_1_249' title='bbox 1370 3043 1672 3098; x_wconf 81' lang='lat' dir='ltr'><strong>aﬂlictionis</strong></span> <span class='ocrx_word' id='word_1_250' title='bbox 1703 3043 1757 3096; x_wconf 93' lang='lat' dir='ltr'><strong>in</strong></span> <span class='ocrx_word' id='word_1_251' title='bbox 1796 3042 1926 3107; x_wconf 89' lang='lat' dir='ltr'><strong>Deo,</strong></span> <span class='ocrx_word' id='word_1_252' title='bbox 1954 3042 2047 3096; x_wconf 85' lang='lat' dir='ltr'><strong>sed</strong></span> <span class='ocrx_word' id='word_1_253' title='bbox 2073 3042 2127 3094; x_wconf 92' lang='lat' dir='ltr'><strong>in</strong></span> <span class='ocrx_word' id='word_1_254' title='bbox 2158 3041 2248 3095; x_wconf 87' lang='lat' dir='ltr'><strong>illo</strong></span> <span class='ocrx_word' id='word_1_255' title='bbox 2278 3042 2370 3109; x_wconf 84' lang='lat' dir='ltr'><strong>qui</strong></span> 
     </span>
    </p>
   </div>
   <div class='ocr_carea' id='block_1_33' title="bbox 807 3132 1793 3203">
    <p class='ocr_par' dir='ltr' id='par_1_33' title="bbox 807 3132 1793 3203">
     <span class='ocr_line' id='line_1_33' title="bbox 807 3132 1793 3203; baseline -0.008 -13"><span class='ocrx_word' id='word_1_256' title='bbox 807 3142 995 3203; x_wconf 78' lang='lat' dir='ltr'><strong>sponte</strong></span> <span class='ocrx_word' id='word_1_257' title='bbox 1020 3149 1112 3188; x_wconf 89' lang='lat' dir='ltr'><strong>sua</strong></span> <span class='ocrx_word' id='word_1_258' title='bbox 1145 3140 1267 3185; x_wconf 85' lang='lat' dir='ltr'><strong>ante</strong></span> <span class='ocrx_word' id='word_1_259' title='bbox 1286 3132 1605 3201; x_wconf 86' lang='lat' dir='ltr'><strong>peccaverit.</strong></span> <span class='ocrx_word' id='word_1_260' title='bbox 1786 3160 1793 3171; x_wconf 74' lang='grc' dir='ltr'><strong>ι</strong></span> 
     </span>
    </p>
   </div>
   <div class='ocr_carea' id='block_1_34' title="bbox 1412 3220 1758 3276">
    <p class='ocr_par' dir='ltr' id='par_1_34' title="bbox 1412 3220 1758 3276">
     <span class='ocr_line' id='line_1_34' title="bbox 1412 3220 1758 3276; baseline -0.012 0"><span class='ocrx_word' id='word_1_261' title='bbox 1412 3220 1637 3276; x_wconf 82' lang='lat' dir='ltr'><strong>CAPUT</strong></span> <span class='ocrx_word' id='word_1_262' title='bbox 1674 3220 1758 3274; x_wconf 78' lang='lat' dir='ltr'><strong>lli.</strong></span> 
     </span>
    </p>
   </div>
   <div class='ocr_carea' id='block_1_35' title="bbox 882 3307 2371 3377">
    <p class='ocr_par' dir='ltr' id='par_1_35' title="bbox 882 3307 2371 3377">
     <span class='ocr_line' id='line_1_35' title="bbox 882 3307 2371 3377; baseline -0.005 -9"><span class='ocrx_word' id='word_1_263' title='bbox 882 3314 1044 3367; x_wconf 75' lang='lat' dir='ltr'><strong>Vens.</strong></span> <span class='ocrx_word' id='word_1_264' title='bbox 1079 3314 1129 3366; x_wconf 78' lang='grc' dir='ltr'><strong>Ι.</strong></span> <span class='ocrx_word' id='word_1_265' title='bbox 1168 3342 1238 3351; x_wconf 92' lang='lat'><strong>—-</strong></span> <span class='ocrx_word' id='word_1_266' title='bbox 1275 3309 1464 3363; x_wconf 87' lang='lat' dir='ltr'><strong>Omnia</strong></span> <span class='ocrx_word' id='word_1_267' title='bbox 1495 3318 1693 3377; x_wconf 79' lang='lat' dir='ltr'><strong>tempus</strong></span> <span class='ocrx_word' id='word_1_268' title='bbox 1732 3308 1940 3371; x_wconf 78' lang='lat' dir='ltr'><strong>habent,</strong></span> <span class='ocrx_word' id='word_1_269' title='bbox 1978 3317 2026 3360; x_wconf 91' lang='lat' dir='ltr'><strong>et</strong></span> <span class='ocrx_word' id='word_1_270' title='bbox 2056 3309 2164 3361; x_wconf 87' lang='lat' dir='ltr'><strong>suis</strong></span> <span class='ocrx_word' id='word_1_271' title='bbox 2190 3307 2371 3376; x_wconf 86' lang='lat' dir='ltr'><strong>spatiis</strong></span> 
     </span>
    </p>
   </div>
   <div class='ocr_carea' id='block_1_36' title="bbox 810 3394 2373 3456">
    <p class='ocr_par' dir='ltr' id='par_1_36' title="bbox 810 3394 2373 3456">
     <span class='ocr_line' id='line_1_36' title="bbox 810 3394 2373 3456; baseline -0.006 0"><span class='ocrx_word' id='word_1_272' title='bbox 810 3410 1079 3456; x_wconf 79' lang='lat' dir='ltr'><strong>transeunt</strong></span> <span class='ocrx_word' id='word_1_273' title='bbox 1120 3401 1355 3451; x_wconf 78' lang='lat' dir='ltr'><strong>uniuersa</strong></span> <span class='ocrx_word' id='word_1_274' title='bbox 1390 3396 1484 3450; x_wconf 87' lang='lat' dir='ltr'><strong>sub</strong></span> <span class='ocrx_word' id='word_1_275' title='bbox 1527 3394 1672 3449; x_wconf 66' lang='lat' dir='ltr'><strong>caelo.</strong></span> <span class='ocrx_word' id='word_1_276' title='bbox 1714 3395 1979 3451; x_wconf 82' lang='lat' dir='ltr'><strong>Incertum</strong></span> <span class='ocrx_word' id='word_1_277' title='bbox 2014 3404 2070 3449; x_wconf 92' lang='lat' dir='ltr'><strong>et</strong></span> <span class='ocrx_word' id='word_1_278' title='bbox 2113 3394 2373 3450; x_wconf 83' lang='lat' dir='ltr'><strong>ﬂuctuan-</strong></span> 
     </span>
    </p>
   </div>
   <div class='ocr_carea' id='block_1_37' title="bbox 810 3485 2372 3556">
    <p class='ocr_par' dir='ltr' id='par_1_37' title="bbox 810 3485 2372 3556">
     <span class='ocr_line' id='line_1_37' title="bbox 810 3485 2372 3556; baseline -0.004 -10"><span class='ocrx_word' id='word_1_279' title='bbox 810 3499 919 3546; x_wconf 84' lang='lat' dir='ltr'><strong>tem</strong></span> <span class='ocrx_word' id='word_1_280' title='bbox 947 3499 1146 3545; x_wconf 88' lang='lat' dir='ltr'><strong>statum</strong></span> <span class='ocrx_word' id='word_1_281' title='bbox 1169 3488 1488 3544; x_wconf 86' lang='lat' dir='ltr'><strong>conditionis</strong></span> <span class='ocrx_word' id='word_1_282' title='bbox 1523 3488 1766 3541; x_wconf 70' lang='lat' dir='ltr'><strong>humana:</strong></span> <span class='ocrx_word' id='word_1_283' title='bbox 1792 3488 1846 3542; x_wconf 93' lang='lat' dir='ltr'><strong>in</strong></span> <span class='ocrx_word' id='word_1_284' title='bbox 1864 3487 2247 3556; x_wconf 84' lang='lat' dir='ltr'><strong>superioribus</strong></span> <span class='ocrx_word' id='word_1_285' title='bbox 2276 3485 2372 3539; x_wconf 90' lang='lat' dir='ltr'><strong>do-</strong></span> 
     </span>
    </p>
   </div>
   <div class='ocr_carea' id='block_1_38' title="bbox 810 3573 2374 3637">
    <p class='ocr_par' dir='ltr' id='par_1_38' title="bbox 810 3573 2374 3637">
     <span class='ocr_line' id='line_1_38' title="bbox 810 3573 2374 3637; baseline -0.006 -1"><span class='ocrx_word' id='word_1_286' title='bbox 810 3583 942 3637; x_wconf 85' lang='lat' dir='ltr'><strong>cuit.</strong></span> <span class='ocrx_word' id='word_1_287' title='bbox 971 3579 1124 3635; x_wconf 81' lang='lat' dir='ltr'><strong>Nunc</strong></span> <span class='ocrx_word' id='word_1_288' title='bbox 1151 3580 1262 3633; x_wconf 87' lang='lat' dir='ltr'><strong>vult</strong></span> <span class='ocrx_word' id='word_1_289' title='bbox 1289 3577 1469 3632; x_wconf 89' lang='lat' dir='ltr'><strong>omnia</strong></span> <span class='ocrx_word' id='word_1_290' title='bbox 1506 3576 1789 3631; x_wconf 83' lang='lat' dir='ltr'><strong>ostendere</strong></span> <span class='ocrx_word' id='word_1_291' title='bbox 1816 3575 1917 3629; x_wconf 89' lang='lat' dir='ltr'><strong>sibi</strong></span> <span class='ocrx_word' id='word_1_292' title='bbox 1940 3576 1995 3627; x_wconf 93' lang='lat' dir='ltr'><strong>in</strong></span> <span class='ocrx_word' id='word_1_293' title='bbox 2022 3573 2221 3628; x_wconf 90' lang='lat' dir='ltr'><strong>mundo</strong></span> <span class='ocrx_word' id='word_1_294' title='bbox 2256 3587 2374 3627; x_wconf 90' lang='lat' dir='ltr'><strong>esse</strong></span> 
     </span>
    </p>
   </div>
   <div class='ocr_carea' id='block_1_39' title="bbox 811 3664 2377 3734">
    <p class='ocr_par' dir='ltr' id='par_1_39' title="bbox 811 3664 2377 3734">
     <span class='ocr_line' id='line_1_39' title="bbox 811 3664 2377 3734; baseline -0.007 -8"><span class='ocrx_word' id='word_1_295' title='bbox 811 3671 1081 3727; x_wconf 85' lang='lat' dir='ltr'><strong>contraria</strong></span> <span class='ocrx_word' id='word_1_296' title='bbox 1102 3709 1117 3733; x_wconf 92' lang='lat'><strong>,</strong></span> <span class='ocrx_word' id='word_1_297' title='bbox 1141 3678 1198 3724; x_wconf 86' lang='lat' dir='ltr'><strong>et</strong></span> <span class='ocrx_word' id='word_1_298' title='bbox 1229 3668 1364 3721; x_wconf 83' lang='lat' dir='ltr'><strong>nihil</strong></span> <span class='ocrx_word' id='word_1_299' title='bbox 1408 3675 1552 3720; x_wconf 87' lang='lat' dir='ltr'><strong>stare</strong></span> <span class='ocrx_word' id='word_1_300' title='bbox 1578 3674 1837 3734; x_wconf 89' lang='lat' dir='ltr'><strong>perpetuo</strong></span> <span class='ocrx_word' id='word_1_301' title='bbox 1854 3704 1868 3729; x_wconf 92' lang='lat'><strong>,</strong></span> <span class='ocrx_word' id='word_1_302' title='bbox 1899 3679 2087 3719; x_wconf 89' lang='lat' dir='ltr'><strong>eorum</strong></span> <span class='ocrx_word' id='word_1_303' title='bbox 2115 3664 2377 3718; x_wconf 77' lang='lat' dir='ltr'><strong>duntaxat</strong></span> 
     </span>
    </p>
   </div>
   <div class='ocr_carea' id='block_1_40' title="bbox 812 3754 2377 3832">
    <p class='ocr_par' dir='ltr' id='par_1_40' title="bbox 812 3754 2377 3832">
     <span class='ocr_line' id='line_1_40' title="bbox 812 3754 2377 3832; baseline -0.004 -18"><span class='ocrx_word' id='word_1_304' title='bbox 812 3776 936 3832; x_wconf 67' lang='lat' dir='ltr'><strong>quae</strong></span> <span class='ocrx_word' id='word_1_305' title='bbox 963 3759 1063 3813; x_wconf 86' lang='lat' dir='ltr'><strong>sub</strong></span> <span class='ocrx_word' id='word_1_306' title='bbox 1086 3758 1221 3813; x_wconf 77' lang='lat' dir='ltr'><strong>cmlo</strong></span> <span class='ocrx_word' id='word_1_307' title='bbox 1258 3764 1403 3820; x_wconf 89' lang='lat' dir='ltr'><strong>sunt,</strong></span> <span class='ocrx_word' id='word_1_308' title='bbox 1442 3764 1497 3811; x_wconf 91' lang='lat' dir='ltr'><strong>et</strong></span> <span class='ocrx_word' id='word_1_309' title='bbox 1527 3756 1751 3824; x_wconf 82' lang='lat' dir='ltr'><strong>tempori</strong></span> <span class='ocrx_word' id='word_1_310' title='bbox 1778 3756 2009 3810; x_wconf 80' lang='lat' dir='ltr'><strong>obnoxia</strong></span> <span class='ocrx_word' id='word_1_311' title='bbox 2050 3764 2210 3819; x_wconf 87' lang='lat' dir='ltr'><strong>sunt;</strong></span> <span class='ocrx_word' id='word_1_312' title='bbox 2250 3754 2377 3822; x_wconf 86' lang='lat' dir='ltr'><strong>quia</strong></span> 
     </span>
    </p>
   </div>
   <div class='ocr_carea' id='block_1_41' title="bbox 814 3848 2377 3917">
    <p class='ocr_par' dir='ltr' id='par_1_41' title="bbox 814 3848 2377 3917">
     <span class='ocr_line' id='line_1_41' title="bbox 814 3848 2377 3917; baseline -0.006 -7"><span class='ocrx_word' id='word_1_313' title='bbox 814 3862 1027 3911; x_wconf 64' lang='lat' dir='ltr'><strong>cetera:</strong></span> <span class='ocrx_word' id='word_1_314' title='bbox 1051 3850 1366 3907; x_wconf 72' lang='lat' dir='ltr'><strong>substantia:</strong></span> <span class='ocrx_word' id='word_1_315' title='bbox 1394 3849 1663 3916; x_wconf 85' lang='lat' dir='ltr'><strong>spiritales</strong></span> <span class='ocrx_word' id='word_1_316' title='bbox 1696 3864 1795 3904; x_wconf 90' lang='lat' dir='ltr'><strong>nec</strong></span> <span class='ocrx_word' id='word_1_317' title='bbox 1826 3848 1980 3913; x_wconf 65' lang='lat' dir='ltr'><strong>coelo,</strong></span> <span class='ocrx_word' id='word_1_318' title='bbox 2010 3864 2109 3903; x_wconf 90' lang='lat' dir='ltr'><strong>nec</strong></span> <span class='ocrx_word' id='word_1_319' title='bbox 2139 3856 2377 3917; x_wconf 89' lang='lat' dir='ltr'><strong>tempore</strong></span> 
     </span>
    </p>
   </div>
   <div class='ocr_carea' id='block_1_42' title="bbox 817 3944 1180 4001">
    <p class='ocr_par' dir='ltr' id='par_1_42' title="bbox 817 3944 1180 4001">
     <span class='ocr_line' id='line_1_42' title="bbox 817 3944 1180 4001; baseline -0.019 0"><span class='ocrx_word' id='word_1_320' title='bbox 817 3944 1180 4001; x_wconf 82' lang='lat' dir='ltr'><strong>continentur.</strong></span> 
     </span>
    </p>
   </div>
   <div class='ocr_carea' id='block_1_43' title="bbox 887 4024 2377 4095">
    <p class='ocr_par' dir='ltr' id='par_1_43' title="bbox 887 4024 2377 4095">
     <span class='ocr_line' id='line_1_43' title="bbox 887 4024 2377 4095; baseline -0.006 -10"><span class='ocrx_word' id='word_1_321' title='bbox 887 4030 1051 4085; x_wconf 71' lang='lat' dir='ltr'><strong>Vnus.</strong></span> <span class='ocrx_word' id='word_1_322' title='bbox 1071 4028 1185 4082; x_wconf 62' lang='grc' dir='ltr'><strong>ιθ.</strong></span> <span class='ocrx_word' id='word_1_323' title='bbox 1208 4055 1281 4067; x_wconf 87' lang='lat'><strong>—-</strong></span> <span class='ocrx_word' id='word_1_324' title='bbox 1304 4026 1522 4095; x_wconf 81' lang='lat' dir='ltr'><strong>Tempus</strong></span> <span class='ocrx_word' id='word_1_325' title='bbox 1536 4025 1798 4089; x_wconf 82' lang='lat' dir='ltr'><strong>nascendi,</strong></span> <span class='ocrx_word' id='word_1_326' title='bbox 1820 4034 1868 4079; x_wconf 85' lang='lat' dir='ltr'><strong>et</strong></span> <span class='ocrx_word' id='word_1_327' title='bbox 1886 4034 2085 4094; x_wconf 81' lang='lat' dir='ltr'><strong>tempus</strong></span> <span class='ocrx_word' id='word_1_328' title='bbox 2102 4024 2377 4087; x_wconf 86' lang='lat' dir='ltr'><strong>moriendi;</strong></span> 
     </span>
    </p>
   </div>
   <div class='ocr_carea' id='block_1_44' title="bbox 818 4110 2383 4188">
    <p class='ocr_par' dir='ltr' id='par_1_44' title="bbox 818 4110 2383 4188">
     <span class='ocr_line' id='line_1_44' title="bbox 818 4110 2383 4188; baseline -0.006 -15"><span class='ocrx_word' id='word_1_329' title='bbox 818 4131 1017 4188; x_wconf 79' lang='lat' dir='ltr'><strong>tempus</strong></span> <span class='ocrx_word' id='word_1_330' title='bbox 1042 4114 1342 4186; x_wconf 69' lang='lat' dir='ltr'><strong>plantamli,</strong></span> <span class='ocrx_word' id='word_1_331' title='bbox 1391 4124 1440 4168; x_wconf 90' lang='lat' dir='ltr'><strong>et</strong></span> <span class='ocrx_word' id='word_1_332' title='bbox 1486 4123 1683 4183; x_wconf 87' lang='lat' dir='ltr'><strong>tempus</strong></span> <span class='ocrx_word' id='word_1_333' title='bbox 1723 4111 1969 4167; x_wconf 74' lang='lat' dir='ltr'><strong>avellendi</strong></span> <span class='ocrx_word' id='word_1_334' title='bbox 2011 4112 2150 4182; x_wconf 83' lang='lat' dir='ltr'><strong>quod</strong></span> <span class='ocrx_word' id='word_1_335' title='bbox 2180 4110 2383 4182; x_wconf 83' lang='lat' dir='ltr'><strong>planta-</strong></span> 
     </span>
    </p>
   </div>
   <div class='ocr_carea' id='block_1_45' title="bbox 819 4200 2381 4272">
    <p class='ocr_par' dir='ltr' id='par_1_45' title="bbox 819 4200 2381 4272">
     <span class='ocr_line' id='line_1_45' title="bbox 819 4200 2381 4272; baseline -0.004 -13"><span class='ocrx_word' id='word_1_336' title='bbox 819 4217 931 4259; x_wconf 83' lang='lat' dir='ltr'><strong>tum</strong></span> <span class='ocrx_word' id='word_1_337' title='bbox 948 4213 1055 4269; x_wconf 90' lang='lat' dir='ltr'><strong>est;</strong></span> <span class='ocrx_word' id='word_1_338' title='bbox 1080 4213 1275 4272; x_wconf 88' lang='lat' dir='ltr'><strong>tempus</strong></span> <span class='ocrx_word' id='word_1_339' title='bbox 1298 4202 1586 4266; x_wconf 84' lang='lat' dir='ltr'><strong>occidendi,</strong></span> <span class='ocrx_word' id='word_1_340' title='bbox 1608 4210 1657 4256; x_wconf 89' lang='lat' dir='ltr'><strong>et</strong></span> <span class='ocrx_word' id='word_1_341' title='bbox 1676 4210 1874 4271; x_wconf 89' lang='lat' dir='ltr'><strong>tempus</strong></span> <span class='ocrx_word' id='word_1_342' title='bbox 1892 4200 2155 4264; x_wconf 79' lang='lat' dir='ltr'><strong>sanandi;</strong></span> <span class='ocrx_word' id='word_1_343' title='bbox 2184 4209 2381 4268; x_wconf 85' lang='lat' dir='ltr'><strong>tempus</strong></span> 
     </span>
    </p>
   </div>
   <div class='ocr_carea' id='block_1_46' title="bbox 820 4288 2383 4359">
    <p class='ocr_par' dir='ltr' id='par_1_46' title="bbox 820 4288 2383 4359">
     <span class='ocr_line' id='line_1_46' title="bbox 820 4288 2383 4359; baseline -0.004 -12"><span class='ocrx_word' id='word_1_344' title='bbox 820 4290 1138 4355; x_wconf 72' lang='lat' dir='ltr'><strong>destruendi,</strong></span> <span class='ocrx_word' id='word_1_345' title='bbox 1171 4300 1220 4345; x_wconf 92' lang='lat' dir='ltr'><strong>et</strong></span> <span class='ocrx_word' id='word_1_346' title='bbox 1261 4301 1458 4359; x_wconf 77' lang='lat' dir='ltr'><strong>tempus</strong></span> <span class='ocrx_word' id='word_1_347' title='bbox 1500 4290 1834 4359; x_wconf 67' lang='lat' dir='ltr'><strong>ludiﬁcandi;</strong></span> <span class='ocrx_word' id='word_1_348' title='bbox 1870 4298 2067 4358; x_wconf 88' lang='lat' dir='ltr'><strong>tempus</strong></span> <span class='ocrx_word' id='word_1_349' title='bbox 2112 4288 2294 4356; x_wconf 76' lang='lat' dir='ltr'><strong>ﬂendi,</strong></span> <span class='ocrx_word' id='word_1_350' title='bbox 2335 4296 2383 4341; x_wconf 90' lang='lat' dir='ltr'><strong>et</strong></span> 
     </span>
    </p>
   </div>
   <div class='ocr_carea' id='block_1_47' title="bbox 822 4375 2385 4448">
    <p class='ocr_par' dir='ltr' id='par_1_47' title="bbox 822 4375 2385 4448">
     <span class='ocr_line' id='line_1_47' title="bbox 822 4375 2385 4448; baseline -0.004 -14"><span class='ocrx_word' id='word_1_351' title='bbox 822 4391 1023 4448; x_wconf 77' lang='lat' dir='ltr'><strong>tempus</strong></span> <span class='ocrx_word' id='word_1_352' title='bbox 1060 4378 1293 4441; x_wconf 83' lang='lat' dir='ltr'><strong>ridendi;</strong></span> <span class='ocrx_word' id='word_1_353' title='bbox 1330 4387 1530 4447; x_wconf 73' lang='lat' dir='ltr'><strong>terripus</strong></span> <span class='ocrx_word' id='word_1_354' title='bbox 1576 4376 1859 4445; x_wconf 81' lang='lat' dir='ltr'><strong>plangendi</strong></span> <span class='ocrx_word' id='word_1_355' title='bbox 1882 4414 1897 4440; x_wconf 93' lang='lat'><strong>,</strong></span> <span class='ocrx_word' id='word_1_356' title='bbox 1944 4384 1992 4428; x_wconf 93' lang='lat' dir='ltr'><strong>et</strong></span> <span class='ocrx_word' id='word_1_357' title='bbox 2033 4385 2229 4444; x_wconf 82' lang='lat' dir='ltr'><strong>tempus</strong></span> <span class='ocrx_word' id='word_1_358' title='bbox 2279 4375 2385 4429; x_wconf 88' lang='lat' dir='ltr'><strong>sal-</strong></span> 
     </span>
    </p>
   </div>
   <div class='ocr_carea' id='block_1_48' title="bbox 2456 619 4013 691">
    <p class='ocr_par' dir='ltr' id='par_1_48' title="bbox 2456 619 4013 691">
     <span class='ocr_line' id='line_1_48' title="bbox 2456 619 4013 691; baseline 0.004 -21"><span class='ocrx_word' id='word_1_359' title='bbox 2456 634 2615 686; x_wconf 90' lang='lat' dir='ltr'><strong>super</strong></span> <span class='ocrx_word' id='word_1_360' title='bbox 2636 619 2796 673; x_wconf 89' lang='lat' dir='ltr'><strong>Israel</strong></span> <span class='ocrx_word' id='word_1_361' title='bbox 2821 620 3137 689; x_wconf 84' lang='lat' dir='ltr'><strong>intelligunt.</strong></span> <span class='ocrx_word' id='word_1_362' title='bbox 3181 620 3411 688; x_wconf 86' lang='lat' dir='ltr'><strong>Tempus</strong></span> <span class='ocrx_word' id='word_1_363' title='bbox 3432 619 3530 673; x_wconf 79' lang='lat' dir='ltr'><strong>fuit</strong></span> <span class='ocrx_word' id='word_1_364' title='bbox 3561 619 3807 675; x_wconf 88' lang='lat' dir='ltr'><strong>nascendi</strong></span> <span class='ocrx_word' id='word_1_365' title='bbox 3843 621 3896 676; x_wconf 92' lang='lat' dir='ltr'><strong>in</strong></span> <span class='ocrx_word' id='word_1_366' title='bbox 3918 636 4013 691; x_wconf 48' lang='lat' dir='ltr'><strong>pa‘</strong></span> 
     </span>
    </p>
   </div>
   <div class='ocr_carea' id='block_1_49' title="bbox 2457 711 4012 780">
    <p class='ocr_par' dir='ltr' id='par_1_49' title="bbox 2457 711 4012 780">
     <span class='ocr_line' id='line_1_49' title="bbox 2457 711 4012 780; baseline 0.003 -18"><span class='ocrx_word' id='word_1_367' title='bbox 2457 711 2702 763; x_wconf 82' lang='lat' dir='ltr'><strong>triarchis</strong></span> <span class='ocrx_word' id='word_1_368' title='bbox 2726 711 2921 779; x_wconf 84' lang='lat' dir='ltr'><strong>pepulo</strong></span> <span class='ocrx_word' id='word_1_369' title='bbox 2952 711 3065 775; x_wconf 89' lang='lat' dir='ltr'><strong>Dei,</strong></span> <span class='ocrx_word' id='word_1_370' title='bbox 3099 719 3307 778; x_wconf 91' lang='lat' dir='ltr'><strong>tempus</strong></span> <span class='ocrx_word' id='word_1_371' title='bbox 3332 711 3590 764; x_wconf 87' lang='lat' dir='ltr'><strong>moriendi</strong></span> <span class='ocrx_word' id='word_1_372' title='bbox 3619 720 3855 780; x_wconf 89' lang='lat' dir='ltr'><strong>tempore</strong></span> <span class='ocrx_word' id='word_1_373' title='bbox 3882 712 4012 768; x_wconf 82' lang='lat' dir='ltr'><strong>Ves-</strong></span> 
     </span>
    </p>
   </div>
   <div class='ocr_carea' id='block_1_50' title="bbox 2455 797 4011 868">
    <p class='ocr_par' dir='ltr' id='par_1_50' title="bbox 2455 797 4011 868">
     <span class='ocr_line' id='line_1_50' title="bbox 2455 797 4011 868; baseline 0.003 -19"><span class='ocrx_word' id='word_1_374' title='bbox 2455 798 2661 864; x_wconf 90' lang='lat' dir='ltr'><strong>pasiani</strong></span> <span class='ocrx_word' id='word_1_375' title='bbox 2691 808 2745 850; x_wconf 91' lang='lat' dir='ltr'><strong>et</strong></span> <span class='ocrx_word' id='word_1_376' title='bbox 2773 798 2898 851; x_wconf 89' lang='lat' dir='ltr'><strong>Titi.</strong></span> <span class='ocrx_word' id='word_1_377' title='bbox 2932 797 3164 866; x_wconf 85' lang='lat' dir='ltr'><strong>Tempus</strong></span> <span class='ocrx_word' id='word_1_378' title='bbox 3189 799 3459 867; x_wconf 90' lang='lat' dir='ltr'><strong>plantandi</strong></span> <span class='ocrx_word' id='word_1_379' title='bbox 3488 799 3539 851; x_wconf 92' lang='lat' dir='ltr'><strong>in</strong></span> <span class='ocrx_word' id='word_1_380' title='bbox 3565 806 3707 851; x_wconf 91' lang='lat' dir='ltr'><strong>terra</strong></span> <span class='ocrx_word' id='word_1_381' title='bbox 3733 801 4011 868; x_wconf 83' lang='lat' dir='ltr'><strong>repromis-</strong></span> 
     </span>
    </p>
   </div>
   <div class='ocr_carea' id='block_1_51' title="bbox 2458 884 4011 955">
    <p class='ocr_par' dir='ltr' id='par_1_51' title="bbox 2458 884 4011 955">
     <span class='ocr_line' id='line_1_51' title="bbox 2458 884 4011 955; baseline 0.002 -17"><span class='ocrx_word' id='word_1_382' title='bbox 2458 886 2622 939; x_wconf 89' lang='lat' dir='ltr'><strong>sionis</strong></span> <span class='ocrx_word' id='word_1_383' title='bbox 2669 886 2767 939; x_wconf 89' lang='lat' dir='ltr'><strong>sub</strong></span> <span class='ocrx_word' id='word_1_384' title='bbox 2806 884 2931 939; x_wconf 85' lang='lat' dir='ltr'><strong>Jesu</strong></span> <span class='ocrx_word' id='word_1_385' title='bbox 2952 885 3115 949; x_wconf 86' lang='lat' dir='ltr'><strong>Nave,</strong></span> <span class='ocrx_word' id='word_1_386' title='bbox 3159 895 3364 955; x_wconf 91' lang='lat' dir='ltr'><strong>tempus</strong></span> <span class='ocrx_word' id='word_1_387' title='bbox 3387 888 3660 950; x_wconf 89' lang='lat' dir='ltr'><strong>evellendi,</strong></span> <span class='ocrx_word' id='word_1_388' title='bbox 3708 889 3830 941; x_wconf 87' lang='lat' dir='ltr'><strong>dum</strong></span> <span class='ocrx_word' id='word_1_389' title='bbox 3869 890 4011 943; x_wconf 84' lang='lat' dir='ltr'><strong>ducti</strong></span> 
     </span>
    </p>
   </div>
   <div class='ocr_carea' id='block_1_52' title="bbox 2459 976 4015 1045">
    <p class='ocr_par' dir='ltr' id='par_1_52' title="bbox 2459 976 4015 1045">
     <span class='ocr_line' id='line_1_52' title="bbox 2459 976 4015 1045; baseline 0.002 -17"><span class='ocrx_word' id='word_1_390' title='bbox 2459 984 2581 1028; x_wconf 90' lang='lat' dir='ltr'><strong>sunt</strong></span> <span class='ocrx_word' id='word_1_391' title='bbox 2606 976 2660 1029; x_wconf 91' lang='lat' dir='ltr'><strong>in</strong></span> <span class='ocrx_word' id='word_1_392' title='bbox 2684 976 3042 1044; x_wconf 88' lang='lat' dir='ltr'><strong>captivitatem</strong></span> <span class='ocrx_word' id='word_1_393' title='bbox 3072 992 3101 1029; x_wconf 91' lang='lat' dir='ltr'><strong>a</strong></span> <span class='ocrx_word' id='word_1_394' title='bbox 3128 976 3364 1045; x_wconf 74' lang='lat' dir='ltr'><strong>pnnfalis</strong></span> <span class='ocrx_word' id='word_1_395' title='bbox 3380 978 3619 1037; x_wconf 86' lang='lat' dir='ltr'><strong>ducibus.</strong></span> <span class='ocrx_word' id='word_1_396' title='bbox 3637 977 3864 1045; x_wconf 87' lang='lat' dir='ltr'><strong>Tempus</strong></span> <span class='ocrx_word' id='word_1_397' title='bbox 3876 978 4015 1031; x_wconf 85' lang='lat' dir='ltr'><strong>occi-</strong></span> 
     </span>
    </p>
   </div>
   <div class='ocr_carea' id='block_1_53' title="bbox 2459 1064 4013 1135">
    <p class='ocr_par' dir='ltr' id='par_1_53' title="bbox 2459 1064 4013 1135">
     <span class='ocr_line' id='line_1_53' title="bbox 2459 1064 4013 1135; baseline -0.001 -17"><span class='ocrx_word' id='word_1_398' title='bbox 2459 1066 2617 1118; x_wconf 89' lang='lat' dir='ltr'><strong>dendi</strong></span> <span class='ocrx_word' id='word_1_399' title='bbox 2636 1080 2729 1119; x_wconf 90' lang='lat' dir='ltr'><strong>eos</strong></span> <span class='ocrx_word' id='word_1_400' title='bbox 2750 1066 2802 1118; x_wconf 93' lang='lat' dir='ltr'><strong>in</strong></span> <span class='ocrx_word' id='word_1_401' title='bbox 2819 1065 3068 1135; x_wconf 62' lang='lat' dir='ltr'><strong>Egypto,</strong></span> <span class='ocrx_word' id='word_1_402' title='bbox 3093 1075 3147 1120; x_wconf 92' lang='lat' dir='ltr'><strong>et</strong></span> <span class='ocrx_word' id='word_1_403' title='bbox 3170 1074 3376 1133; x_wconf 87' lang='lat' dir='ltr'><strong>tempus</strong></span> <span class='ocrx_word' id='word_1_404' title='bbox 3400 1066 3659 1120; x_wconf 88' lang='lat' dir='ltr'><strong>liberandi</strong></span> <span class='ocrx_word' id='word_1_405' title='bbox 3681 1066 3745 1119; x_wconf 89' lang='lat' dir='ltr'><strong>de</strong></span> <span class='ocrx_word' id='word_1_406' title='bbox 3765 1064 4013 1134; x_wconf 69' lang='lat' dir='ltr'><strong>£gypto.</strong></span> 
     </span>
    </p>
   </div>
   <div class='ocr_carea' id='block_1_54' title="bbox 2461 1154 4016 1227">
    <p class='ocr_par' dir='ltr' id='par_1_54' title="bbox 2461 1154 4016 1227">
     <span class='ocr_line' id='line_1_54' title="bbox 2461 1154 4016 1227; baseline 0.001 -20"><span class='ocrx_word' id='word_1_407' title='bbox 2461 1154 2692 1222; x_wconf 90' lang='lat' dir='ltr'><strong>Tempus</strong></span> <span class='ocrx_word' id='word_1_408' title='bbox 2713 1155 3017 1209; x_wconf 87' lang='lat' dir='ltr'><strong>destruendi</strong></span> <span class='ocrx_word' id='word_1_409' title='bbox 3045 1156 3213 1226; x_wconf 79' lang='lat' dir='ltr'><strong>[Adde</strong></span> <span class='ocrx_word' id='word_1_410' title='bbox 3227 1173 3290 1209; x_wconf 83' lang='lat' dir='ltr'><strong>ea:</strong></span> <span class='ocrx_word' id='word_1_411' title='bbox 3307 1155 3478 1221; x_wconf 84' lang='lat' dir='ltr'><strong>Hier.,</strong></span> <span class='ocrx_word' id='word_1_412' title='bbox 3504 1155 3706 1227; x_wconf 89' lang='lat' dir='ltr'><strong>templi]</strong></span> <span class='ocrx_word' id='word_1_413' title='bbox 3726 1157 3823 1210; x_wconf 92' lang='lat' dir='ltr'><strong>sub</strong></span> <span class='ocrx_word' id='word_1_414' title='bbox 3843 1156 4016 1209; x_wconf 77' lang='lat' dir='ltr'><strong>Nabu-</strong></span> 
     </span>
    </p>
   </div>
   <div class='ocr_carea' id='block_1_55' title="bbox 2461 1245 4016 1314">
    <p class='ocr_par' dir='ltr' id='par_1_55' title="bbox 2461 1245 4016 1314">
     <span class='ocr_line' id='line_1_55' title="bbox 2461 1245 4016 1314; baseline 0.001 -18"><span class='ocrx_word' id='word_1_415' title='bbox 2461 1245 2815 1307; x_wconf 87' lang='lat' dir='ltr'><strong>chodonosor,</strong></span> <span class='ocrx_word' id='word_1_416' title='bbox 2836 1254 2890 1298; x_wconf 89' lang='lat' dir='ltr'><strong>et</strong></span> <span class='ocrx_word' id='word_1_417' title='bbox 2918 1254 3127 1311; x_wconf 88' lang='lat' dir='ltr'><strong>tempus</strong></span> <span class='ocrx_word' id='word_1_418' title='bbox 3149 1246 3445 1299; x_wconf 63' lang='lat' dir='ltr'><strong>aedificandi</strong></span> <span class='ocrx_word' id='word_1_419' title='bbox 3468 1247 3567 1300; x_wconf 90' lang='lat' dir='ltr'><strong>sub</strong></span> <span class='ocrx_word' id='word_1_420' title='bbox 3588 1246 3766 1299; x_wconf 90' lang='lat' dir='ltr'><strong>Dario.</strong></span> <span class='ocrx_word' id='word_1_421' title='bbox 3791 1246 4016 1314; x_wconf 88' lang='lat' dir='ltr'><strong>Tempus</strong></span> 
     </span>
    </p>
   </div>
   <div class='ocr_carea' id='block_1_56' title="bbox 2459 1334 4015 1404">
    <p class='ocr_par' dir='ltr' id='par_1_56' title="bbox 2459 1334 4015 1404">
     <span class='ocr_line' id='line_1_56' title="bbox 2459 1334 4015 1404; baseline 0.003 -19"><span class='ocrx_word' id='word_1_422' title='bbox 2459 1334 2742 1402; x_wconf 79' lang='lat' dir='ltr'><strong>plangendi</strong></span> <span class='ocrx_word' id='word_1_423' title='bbox 2764 1336 3097 1389; x_wconf 87' lang='lat' dir='ltr'><strong>eversionem</strong></span> <span class='ocrx_word' id='word_1_424' title='bbox 3129 1336 3297 1398; x_wconf 90' lang='lat' dir='ltr'><strong>urbis,</strong></span> <span class='ocrx_word' id='word_1_425' title='bbox 3321 1345 3375 1389; x_wconf 92' lang='lat' dir='ltr'><strong>et</strong></span> <span class='ocrx_word' id='word_1_426' title='bbox 3396 1344 3604 1404; x_wconf 85' lang='lat' dir='ltr'><strong>tempus</strong></span> <span class='ocrx_word' id='word_1_427' title='bbox 3625 1335 3830 1389; x_wconf 87' lang='lat' dir='ltr'><strong>ridendi</strong></span> <span class='ocrx_word' id='word_1_428' title='bbox 3858 1345 4015 1404; x_wconf 88' lang='lat' dir='ltr'><strong>atque</strong></span> 
     </span>
    </p>
   </div>
   <div class='ocr_carea' id='block_1_57' title="bbox 2462 1425 4020 1501">
    <p class='ocr_par' dir='ltr' id='par_1_57' title="bbox 2462 1425 4020 1501">
     <span class='ocr_line' id='line_1_57' title="bbox 2462 1425 4020 1501; baseline 0.001 -23"><span class='ocrx_word' id='word_1_429' title='bbox 2462 1425 2685 1479; x_wconf 89' lang='lat' dir='ltr'><strong>saltandi</strong></span> <span class='ocrx_word' id='word_1_430' title='bbox 2708 1427 2806 1479; x_wconf 88' lang='lat' dir='ltr'><strong>sub</strong></span> <span class='ocrx_word' id='word_1_431' title='bbox 2827 1427 3143 1491; x_wconf 87' lang='lat' dir='ltr'><strong>Zorobabel,</strong></span> <span class='ocrx_word' id='word_1_432' title='bbox 3164 1435 3217 1480; x_wconf 91' lang='lat' dir='ltr'><strong>et</strong></span> <span class='ocrx_word' id='word_1_433' title='bbox 3238 1427 3423 1501; x_wconf 82' lang='lat' dir='ltr'><strong>Esdra,</strong></span> <span class='ocrx_word' id='word_1_434' title='bbox 3450 1435 3504 1481; x_wconf 91' lang='lat' dir='ltr'><strong>ct</strong></span> <span class='ocrx_word' id='word_1_435' title='bbox 3529 1426 3761 1480; x_wconf 85' lang='lat' dir='ltr'><strong>Neemia.</strong></span> <span class='ocrx_word' id='word_1_436' title='bbox 3792 1426 4020 1493; x_wconf 82' lang='lat' dir='ltr'><strong>Tempus</strong></span> 
     </span>
    </p>
   </div>
   <div class='ocr_carea' id='block_1_58' title="bbox 2461 1514 4018 1585">
    <p class='ocr_par' dir='ltr' id='par_1_58' title="bbox 2461 1514 4018 1585">
     <span class='ocr_line' id='line_1_58' title="bbox 2461 1514 4018 1585; baseline 0 -17"><span class='ocrx_word' id='word_1_437' title='bbox 2461 1514 2794 1583; x_wconf 81' lang='lat' dir='ltr'><strong>dispergendi</strong></span> <span class='ocrx_word' id='word_1_438' title='bbox 2813 1516 2974 1569; x_wconf 67' lang='lat' dir='ltr'><strong>Israel</strong></span> <span class='ocrx_word' id='word_1_439' title='bbox 2994 1531 3088 1583; x_wconf 91' lang='lat' dir='ltr'><strong>per</strong></span> <span class='ocrx_word' id='word_1_440' title='bbox 3104 1516 3623 1585; x_wconf 52' lang='lat' dir='ltr'><strong>diversasgeutesmt</strong></span> <span class='ocrx_word' id='word_1_441' title='bbox 3640 1515 3692 1568; x_wconf 91' lang='lat' dir='ltr'><strong>in</strong></span> <span class='ocrx_word' id='word_1_442' title='bbox 3714 1529 3875 1567; x_wconf 88' lang='lat' dir='ltr'><strong>unum</strong></span> <span class='ocrx_word' id='word_1_443' title='bbox 3898 1530 4018 1568; x_wconf 87' lang='lat' dir='ltr'><strong>con-</strong></span> 
     </span>
    </p>
   </div>
   <div class='ocr_carea' id='block_1_59' title="bbox 2461 1604 4014 1674">
    <p class='ocr_par' dir='ltr' id='par_1_59' title="bbox 2461 1604 4014 1674">
     <span class='ocr_line' id='line_1_59' title="bbox 2461 1604 4014 1674; baseline -0.001 -17"><span class='ocrx_word' id='word_1_444' title='bbox 2461 1605 2736 1674; x_wconf 83' lang='lat' dir='ltr'><strong>gregandi,</strong></span> <span class='ocrx_word' id='word_1_445' title='bbox 2768 1606 2979 1673; x_wconf 90' lang='lat' dir='ltr'><strong>quando</strong></span> <span class='ocrx_word' id='word_1_446' title='bbox 3014 1606 3220 1660; x_wconf 88' lang='lat' dir='ltr'><strong>reducti</strong></span> <span class='ocrx_word' id='word_1_447' title='bbox 3261 1612 3385 1659; x_wconf 91' lang='lat' dir='ltr'><strong>sunt</strong></span> <span class='ocrx_word' id='word_1_448' title='bbox 3407 1604 3472 1658; x_wconf 90' lang='lat' dir='ltr'><strong>de</strong></span> <span class='ocrx_word' id='word_1_449' title='bbox 3496 1604 3804 1673; x_wconf 88' lang='lat' dir='ltr'><strong>captivitate</strong></span> <span class='ocrx_word' id='word_1_450' title='bbox 3840 1604 3892 1657; x_wconf 92' lang='lat' dir='ltr'><strong>in</strong></span> <span class='ocrx_word' id='word_1_451' title='bbox 3931 1618 4014 1671; x_wconf 85' lang='lat' dir='ltr'><strong>pa-</strong></span> 
     </span>
    </p>
   </div>
   <div class='ocr_carea' id='block_1_60' title="bbox 2465 1693 4022 1763">
    <p class='ocr_par' dir='ltr' id='par_1_60' title="bbox 2465 1693 4022 1763">
     <span class='ocr_line' id='line_1_60' title="bbox 2465 1693 4022 1763; baseline -0.001 -16"><span class='ocrx_word' id='word_1_452' title='bbox 2465 1696 2641 1748; x_wconf 88' lang='lat' dir='ltr'><strong>triam.</strong></span> <span class='ocrx_word' id='word_1_453' title='bbox 2676 1695 2907 1763; x_wconf 88' lang='lat' dir='ltr'><strong>Tempus</strong></span> <span class='ocrx_word' id='word_1_454' title='bbox 2930 1695 3286 1763; x_wconf 82' lang='lat' dir='ltr'><strong>amplexandi,</strong></span> <span class='ocrx_word' id='word_1_455' title='bbox 3316 1696 3441 1749; x_wconf 89' lang='lat' dir='ltr'><strong>dum</strong></span> <span class='ocrx_word' id='word_1_456' title='bbox 3464 1694 3666 1748; x_wconf 75' lang='lat' dir='ltr'><strong>cmlesti</strong></span> <span class='ocrx_word' id='word_1_457' title='bbox 3688 1693 3884 1746; x_wconf 78' lang='lat' dir='ltr'><strong>auxilio</strong></span> <span class='ocrx_word' id='word_1_458' title='bbox 3912 1693 4022 1746; x_wconf 88' lang='lat' dir='ltr'><strong>cin-</strong></span> 
     </span>
    </p>
   </div>
   <div class='ocr_carea' id='block_1_61' title="bbox 2464 1778 4023 1852">
    <p class='ocr_par' dir='ltr' id='par_1_61' title="bbox 2464 1778 4023 1852">
     <span class='ocr_line' id='line_1_61' title="bbox 2464 1778 4023 1852; baseline -0.001 -17"><span class='ocrx_word' id='word_1_459' title='bbox 2464 1784 2743 1851; x_wconf 82' lang='lat' dir='ltr'><strong>gebantur;</strong></span> <span class='ocrx_word' id='word_1_460' title='bbox 2770 1791 2978 1851; x_wconf 90' lang='lat' dir='ltr'><strong>tempus</strong></span> <span class='ocrx_word' id='word_1_461' title='bbox 3006 1782 3160 1852; x_wconf 84' lang='lat' dir='ltr'><strong>longe</strong></span> <span class='ocrx_word' id='word_1_462' title='bbox 3179 1782 3295 1836; x_wconf 84' lang='lat' dir='ltr'><strong>ﬁeri</strong></span> <span class='ocrx_word' id='word_1_463' title='bbox 3318 1798 3350 1836; x_wconf 92' lang='lat' dir='ltr'><strong>a</strong></span> <span class='ocrx_word' id='word_1_464' title='bbox 3378 1778 3757 1851; x_wconf 82' lang='lat' dir='ltr'><strong>complexibus,</strong></span> <span class='ocrx_word' id='word_1_465' title='bbox 3779 1779 3903 1833; x_wconf 91' lang='lat' dir='ltr'><strong>dum</strong></span> <span class='ocrx_word' id='word_1_466' title='bbox 3928 1794 4023 1848; x_wconf 90' lang='lat' dir='ltr'><strong>pro</strong></span> 
     </span>
    </p>
   </div>
   <div class='ocr_carea' id='block_1_62' title="bbox 2466 1868 4025 1941">
    <p class='ocr_par' dir='ltr' id='par_1_62' title="bbox 2466 1868 4025 1941">
     <span class='ocr_line' id='line_1_62' title="bbox 2466 1868 4025 1941; baseline -0.003 -15"><span class='ocrx_word' id='word_1_467' title='bbox 2466 1873 2702 1941; x_wconf 83' lang='lat' dir='ltr'><strong>peccatis</strong></span> <span class='ocrx_word' id='word_1_468' title='bbox 2726 1873 2835 1926; x_wconf 90' lang='lat' dir='ltr'><strong>suis</strong></span> <span class='ocrx_word' id='word_1_469' title='bbox 2863 1873 3107 1927; x_wconf 89' lang='lat' dir='ltr'><strong>derelicti</strong></span> <span class='ocrx_word' id='word_1_470' title='bbox 3144 1880 3267 1925; x_wconf 91' lang='lat' dir='ltr'><strong>sunt</strong></span> <span class='ocrx_word' id='word_1_471' title='bbox 3288 1888 3319 1926; x_wconf 87' lang='lat' dir='ltr'><strong>a</strong></span> <span class='ocrx_word' id='word_1_472' title='bbox 3342 1871 3470 1926; x_wconf 91' lang='lat' dir='ltr'><strong>Deo.</strong></span> <span class='ocrx_word' id='word_1_473' title='bbox 3497 1871 3726 1939; x_wconf 87' lang='lat' dir='ltr'><strong>Tempus</strong></span> <span class='ocrx_word' id='word_1_474' title='bbox 3754 1868 4025 1939; x_wconf 62' lang='lat' dir='ltr'><strong>quarent‘i</strong></span> 
     </span>
    </p>
   </div>
   <div class='ocr_carea' id='block_1_63' title="bbox 2462 1960 4025 2031">
    <p class='ocr_par' dir='ltr' id='par_1_63' title="bbox 2462 1960 4025 2031">
     <span class='ocr_line' id='line_1_63' title="bbox 2462 1960 4025 2031; baseline -0.002 -16"><span class='ocrx_word' id='word_1_475' title='bbox 2462 1962 2527 2015; x_wconf 89' lang='lat' dir='ltr'><strong>de</strong></span> <span class='ocrx_word' id='word_1_476' title='bbox 2565 1961 2885 2030; x_wconf 83' lang='lat' dir='ltr'><strong>Babylonica</strong></span> <span class='ocrx_word' id='word_1_477' title='bbox 2936 1963 3268 2030; x_wconf 87' lang='lat' dir='ltr'><strong>captivitate,</strong></span> <span class='ocrx_word' id='word_1_478' title='bbox 3299 1972 3511 2031; x_wconf 85' lang='lat' dir='ltr'><strong>tempus</strong></span> <span class='ocrx_word' id='word_1_479' title='bbox 3552 1961 3808 2030; x_wconf 87' lang='lat' dir='ltr'><strong>perdendi</strong></span> <span class='ocrx_word' id='word_1_480' title='bbox 3850 1976 3942 2014; x_wconf 90' lang='lat' dir='ltr'><strong>eos</strong></span> <span class='ocrx_word' id='word_1_481' title='bbox 3970 1960 4025 2012; x_wconf 90' lang='lat' dir='ltr'><strong>in</strong></span> 
     </span>
    </p>
   </div>
   <div class='ocr_carea' id='block_1_64' title="bbox 2464 2047 4029 2119">
    <p class='ocr_par' dir='ltr' id='par_1_64' title="bbox 2464 2047 4029 2119">
     <span class='ocr_line' id='line_1_64' title="bbox 2464 2047 4029 2119; baseline -0.003 -15"><span class='ocrx_word' id='word_1_482' title='bbox 2464 2050 2671 2104; x_wconf 82' lang='lat' dir='ltr'><strong>excidio</strong></span> <span class='ocrx_word' id='word_1_483' title='bbox 2691 2051 2840 2105; x_wconf 91' lang='lat' dir='ltr'><strong>urbis</strong></span> <span class='ocrx_word' id='word_1_484' title='bbox 2866 2052 2966 2105; x_wconf 90' lang='lat' dir='ltr'><strong>sub</strong></span> <span class='ocrx_word' id='word_1_485' title='bbox 3004 2051 3279 2105; x_wconf 80' lang='lat' dir='ltr'><strong>Romanis.</strong></span> <span class='ocrx_word' id='word_1_486' title='bbox 3330 2050 3563 2119; x_wconf 89' lang='lat' dir='ltr'><strong>Tempus</strong></span> <span class='ocrx_word' id='word_1_487' title='bbox 3592 2047 3923 2103; x_wconf 89' lang='lat' dir='ltr'><strong>custodiendi</strong></span> <span class='ocrx_word' id='word_1_488' title='bbox 3954 2047 4029 2100; x_wconf 84' lang='lat' dir='ltr'><strong>le-</strong></span> 
     </span>
    </p>
   </div>
   <div class='ocr_carea' id='block_1_65' title="bbox 2467 2138 4030 2211">
    <p class='ocr_par' dir='ltr' id='par_1_65' title="bbox 2467 2138 4030 2211">
     <span class='ocr_line' id='line_1_65' title="bbox 2467 2138 4030 2211; baseline 0 -19"><span class='ocrx_word' id='word_1_489' title='bbox 2467 2140 2607 2209; x_wconf 88' lang='lat' dir='ltr'><strong>galia</strong></span> <span class='ocrx_word' id='word_1_490' title='bbox 2627 2143 2895 2205; x_wconf 90' lang='lat' dir='ltr'><strong>mandata,</strong></span> <span class='ocrx_word' id='word_1_491' title='bbox 2914 2151 3123 2210; x_wconf 89' lang='lat' dir='ltr'><strong>tempus</strong></span> <span class='ocrx_word' id='word_1_492' title='bbox 3142 2139 3423 2211; x_wconf 72' lang='lat' dir='ltr'><strong>abiiciendi</strong></span> <span class='ocrx_word' id='word_1_493' title='bbox 3451 2139 3717 2193; x_wconf 72' lang='lat' dir='ltr'><strong>laciniosa:</strong></span> <span class='ocrx_word' id='word_1_494' title='bbox 3740 2138 3873 2208; x_wconf 84' lang='lat' dir='ltr'><strong>legis</strong></span> <span class='ocrx_word' id='word_1_495' title='bbox 3893 2152 4030 2208; x_wconf 68' lang='lat' dir='ltr'><strong>prac—</strong></span> 
     </span>
    </p>
   </div>
   <div class='ocr_carea' id='block_1_66' title="bbox 2469 2227 4033 2297">
    <p class='ocr_par' dir='ltr' id='par_1_66' title="bbox 2469 2227 4033 2297">
     <span class='ocr_line' id='line_1_66' title="bbox 2469 2227 4033 2297; baseline -0.001 -16"><span class='ocrx_word' id='word_1_496' title='bbox 2469 2236 2641 2297; x_wconf 87' lang='lat' dir='ltr'><strong>cepta.</strong></span> <span class='ocrx_word' id='word_1_497' title='bbox 2678 2227 2912 2296; x_wconf 90' lang='lat' dir='ltr'><strong>Tempus</strong></span> <span class='ocrx_word' id='word_1_498' title='bbox 2940 2229 3237 2294; x_wconf 90' lang='lat' dir='ltr'><strong>scindendi,</strong></span> <span class='ocrx_word' id='word_1_499' title='bbox 3264 2229 3475 2296; x_wconf 90' lang='lat' dir='ltr'><strong>quando</strong></span> <span class='ocrx_word' id='word_1_500' title='bbox 3501 2228 3553 2281; x_wconf 92' lang='lat' dir='ltr'><strong>in</strong></span> <span class='ocrx_word' id='word_1_501' title='bbox 3576 2229 3679 2281; x_wconf 90' lang='lat' dir='ltr'><strong>duo</strong></span> <span class='ocrx_word' id='word_1_502' title='bbox 3714 2242 3878 2296; x_wconf 82' lang='lat' dir='ltr'><strong>regna</strong></span> <span class='ocrx_word' id='word_1_503' title='bbox 3910 2235 4033 2295; x_wconf 82' lang='lat' dir='ltr'><strong>post</strong></span> 
     </span>
    </p>
   </div>
   <div class='ocr_carea' id='block_1_67' title="bbox 2472 2314 4032 2387">
    <p class='ocr_par' dir='ltr' id='par_1_67' title="bbox 2472 2314 4032 2387">
     <span class='ocr_line' id='line_1_67' title="bbox 2472 2314 4032 2387; baseline 0.001 -18"><span class='ocrx_word' id='word_1_504' title='bbox 2472 2314 2812 2369; x_wconf 88' lang='lat' dir='ltr'><strong>Salomonem</strong></span> <span class='ocrx_word' id='word_1_505' title='bbox 2839 2318 3040 2370; x_wconf 87' lang='lat' dir='ltr'><strong>divisus</strong></span> <span class='ocrx_word' id='word_1_506' title='bbox 3060 2324 3143 2370; x_wconf 88' lang='lat' dir='ltr'><strong>est</strong></span> <span class='ocrx_word' id='word_1_507' title='bbox 3166 2317 3411 2387; x_wconf 89' lang='lat' dir='ltr'><strong>populus,</strong></span> <span class='ocrx_word' id='word_1_508' title='bbox 3437 2324 3490 2369; x_wconf 90' lang='lat' dir='ltr'><strong>et</strong></span> <span class='ocrx_word' id='word_1_509' title='bbox 3510 2324 3720 2385; x_wconf 90' lang='lat' dir='ltr'><strong>tempus</strong></span> <span class='ocrx_word' id='word_1_510' title='bbox 3743 2314 4032 2371; x_wconf 86' lang='lat' dir='ltr'><strong>consucndi</strong></span> 
     </span>
    </p>
   </div>
   <div class='ocr_carea' id='block_1_68' title="bbox 2473 2403 4029 2473">
    <p class='ocr_par' dir='ltr' id='par_1_68' title="bbox 2473 2403 4029 2473">
     <span class='ocr_line' id='line_1_68' title="bbox 2473 2403 4029 2473; baseline -0.002 -15"><span class='ocrx_word' id='word_1_511' title='bbox 2473 2413 2713 2473; x_wconf 89' lang='lat' dir='ltr'><strong>tempore</strong></span> <span class='ocrx_word' id='word_1_512' title='bbox 2741 2404 3182 2459; x_wconf 65' lang='lat' dir='ltr'><strong>Macbabaeorum.</strong></span> <span class='ocrx_word' id='word_1_513' title='bbox 3227 2404 3459 2473; x_wconf 88' lang='lat' dir='ltr'><strong>Tempus</strong></span> <span class='ocrx_word' id='word_1_514' title='bbox 3486 2403 3692 2457; x_wconf 87' lang='lat' dir='ltr'><strong>tacendi</strong></span> <span class='ocrx_word' id='word_1_515' title='bbox 3727 2403 4029 2472; x_wconf 84' lang='lat' dir='ltr'><strong>prophetas,</strong></span> 
     </span>
    </p>
   </div>
   <div class='ocr_carea' id='block_1_69' title="bbox 2473 2492 4032 2565">
    <p class='ocr_par' dir='ltr' id='par_1_69' title="bbox 2473 2492 4032 2565">
     <span class='ocr_line' id='line_1_69' title="bbox 2473 2492 4032 2565; baseline -0.001 -18"><span class='ocrx_word' id='word_1_516' title='bbox 2473 2510 2617 2549; x_wconf 90' lang='lat' dir='ltr'><strong>nunc</strong></span> <span class='ocrx_word' id='word_1_517' title='bbox 2660 2495 2715 2548; x_wconf 93' lang='lat' dir='ltr'><strong>in</strong></span> <span class='ocrx_word' id='word_1_518' title='bbox 2759 2496 3067 2564; x_wconf 90' lang='lat' dir='ltr'><strong>captivitate</strong></span> <span class='ocrx_word' id='word_1_519' title='bbox 3118 2495 3378 2559; x_wconf 78' lang='lat' dir='ltr'><strong>Romana,</strong></span> <span class='ocrx_word' id='word_1_520' title='bbox 3423 2502 3476 2548; x_wconf 89' lang='lat' dir='ltr'><strong>et</strong></span> <span class='ocrx_word' id='word_1_521' title='bbox 3524 2502 3731 2563; x_wconf 90' lang='lat' dir='ltr'><strong>tempus</strong></span> <span class='ocrx_word' id='word_1_522' title='bbox 3783 2492 4032 2565; x_wconf 88' lang='lat' dir='ltr'><strong>loquendi</strong></span> 
     </span>
    </p>
   </div>
   <div class='ocr_carea' id='block_1_70' title="bbox 2472 2580 4031 2651">
    <p class='ocr_par' dir='ltr' id='par_1_70' title="bbox 2472 2580 4031 2651">
     <span class='ocr_line' id='line_1_70' title="bbox 2472 2580 4031 2651; baseline 0.001 -17"><span class='ocrx_word' id='word_1_523' title='bbox 2472 2582 2763 2649; x_wconf 89' lang='lat' dir='ltr'><strong>apostolos,</strong></span> <span class='ocrx_word' id='word_1_524' title='bbox 2819 2583 3027 2637; x_wconf 90' lang='lat' dir='ltr'><strong>dicente</strong></span> <span class='ocrx_word' id='word_1_525' title='bbox 3067 2582 3292 2637; x_wconf 90' lang='lat' dir='ltr'><strong>Domino</strong></span> <span class='ocrx_word' id='word_1_526' title='bbox 3339 2600 3351 2635; x_wconf 89' lang='lat'><strong>:</strong></span> <span class='ocrx_word' id='word_1_527' title='bbox 3413 2580 3493 2635; x_wconf 81' lang='lat' dir='ltr'><strong>Ite</strong></span> <span class='ocrx_word' id='word_1_528' title='bbox 3535 2583 3604 2635; x_wconf 87' lang='lat' dir='ltr'><strong>ad</strong></span> <span class='ocrx_word' id='word_1_529' title='bbox 3654 2599 3767 2636; x_wconf 77' lang='lat' dir='ltr'><strong>oves</strong></span> <span class='ocrx_word' id='word_1_530' title='bbox 3805 2583 4031 2651; x_wconf 73' lang='lat' dir='ltr'><strong>perditas</strong></span> 
     </span>
    </p>
   </div>
   <div class='ocr_carea' id='block_1_71' title="bbox 2473 2670 4033 2741">
    <p class='ocr_par' dir='ltr' id='par_1_71' title="bbox 2473 2670 4033 2741">
     <span class='ocr_line' id='line_1_71' title="bbox 2473 2670 4033 2741; baseline 0.003 -20"><span class='ocrx_word' id='word_1_531' title='bbox 2473 2672 2657 2722; x_wconf 87' lang='lat' dir='ltr'><strong>domus</strong></span> <span class='ocrx_word' id='word_1_532' title='bbox 2681 2670 2853 2723; x_wconf 86' lang='lat' dir='ltr'><strong>Israel</strong></span> <span class='ocrx_word' id='word_1_533' title='bbox 2876 2670 3089 2739; x_wconf 71' lang='lat' dir='ltr'><strong>(Matth.</strong></span> <span class='ocrx_word' id='word_1_534' title='bbox 3114 2687 3171 2736; x_wconf 88' lang='lat' dir='ltr'><strong>x,</strong></span> <span class='ocrx_word' id='word_1_535' title='bbox 3198 2671 3273 2741; x_wconf 89' lang='lat'><strong>6).</strong></span> <span class='ocrx_word' id='word_1_536' title='bbox 3300 2672 3531 2740; x_wconf 83' lang='lat' dir='ltr'><strong>Tempus</strong></span> <span class='ocrx_word' id='word_1_537' title='bbox 3569 2672 3890 2737; x_wconf 87' lang='lat' dir='ltr'><strong>dilectionis,</strong></span> <span class='ocrx_word' id='word_1_538' title='bbox 3927 2686 4033 2739; x_wconf 91' lang='lat' dir='ltr'><strong>quo</strong></span> 
     </span>
    </p>
   </div>
   <div class='ocr_carea' id='block_1_72' title="bbox 2475 2759 4019 2831">
    <p class='ocr_par' dir='ltr' id='par_1_72' title="bbox 2475 2759 4019 2831">
     <span class='ocr_line' id='line_1_72' title="bbox 2475 2759 4019 2831; baseline 0.001 -18"><span class='ocrx_word' id='word_1_539' title='bbox 2475 2759 2672 2831; x_wconf 64' lang='grc' dir='ltr'><strong>[ωιτη</strong></span> <span class='ocrx_word' id='word_1_540' title='bbox 2705 2760 2832 2831; x_wconf 81' lang='lat' dir='ltr'><strong>qua]</strong></span> <span class='ocrx_word' id='word_1_541' title='bbox 2860 2776 2953 2815; x_wconf 89' lang='lat' dir='ltr'><strong>eos</strong></span> <span class='ocrx_word' id='word_1_542' title='bbox 2982 2762 3081 2816; x_wconf 88' lang='lat' dir='ltr'><strong>sub</strong></span> <span class='ocrx_word' id='word_1_543' title='bbox 3110 2762 3350 2830; x_wconf 86' lang='lat' dir='ltr'><strong>patribus</strong></span> <span class='ocrx_word' id='word_1_544' title='bbox 3388 2771 3513 2815; x_wconf 90' lang='lat' dir='ltr'><strong>ante</strong></span> <span class='ocrx_word' id='word_1_545' title='bbox 3543 2762 3726 2816; x_wconf 88' lang='lat' dir='ltr'><strong>dilexit</strong></span> <span class='ocrx_word' id='word_1_546' title='bbox 3755 2779 3767 2814; x_wconf 93' lang='lat'><strong>:</strong></span> <span class='ocrx_word' id='word_1_547' title='bbox 3800 2771 3854 2816; x_wconf 87' lang='lat' dir='ltr'><strong>et</strong></span> <span class='ocrx_word' id='word_1_548' title='bbox 3894 2770 4019 2827; x_wconf 81' lang='lat' dir='ltr'><strong>tem-</strong></span> 
     </span>
    </p>
   </div>
   <div class='ocr_carea' id='block_1_73' title="bbox 2471 2851 4031 2924">
    <p class='ocr_par' dir='ltr' id='par_1_73' title="bbox 2471 2851 4031 2924">
     <span class='ocr_line' id='line_1_73' title="bbox 2471 2851 4031 2924; baseline 0.002 -19"><span class='ocrx_word' id='word_1_549' title='bbox 2471 2866 2571 2921; x_wconf 89' lang='lat' dir='ltr'><strong>pus</strong></span> <span class='ocrx_word' id='word_1_550' title='bbox 2608 2852 2737 2917; x_wconf 89' lang='lat' dir='ltr'><strong>odii,</strong></span> <span class='ocrx_word' id='word_1_551' title='bbox 2788 2851 2915 2905; x_wconf 91' lang='lat' dir='ltr'><strong>dum</strong></span> <span class='ocrx_word' id='word_1_552' title='bbox 2963 2852 3177 2907; x_wconf 86' lang='lat' dir='ltr'><strong>Christo</strong></span> <span class='ocrx_word' id='word_1_553' title='bbox 3221 2853 3511 2908; x_wconf 89' lang='lat' dir='ltr'><strong>intulerant</strong></span> <span class='ocrx_word' id='word_1_554' title='bbox 3547 2869 3755 2908; x_wconf 89' lang='lat' dir='ltr'><strong>manus.</strong></span> <span class='ocrx_word' id='word_1_555' title='bbox 3802 2854 4031 2924; x_wconf 84' lang='lat' dir='ltr'><strong>Tempus</strong></span> 
     </span>
    </p>
   </div>
   <div class='ocr_carea' id='block_1_74' title="bbox 2470 2943 4033 3017">
    <p class='ocr_par' dir='ltr' id='par_1_74' title="bbox 2470 2943 4033 3017">
     <span class='ocr_line' id='line_1_74' title="bbox 2470 2943 4033 3017; baseline 0.004 -22"><span class='ocrx_word' id='word_1_556' title='bbox 2470 2943 2596 2996; x_wconf 89' lang='lat' dir='ltr'><strong>belli</strong></span> <span class='ocrx_word' id='word_1_557' title='bbox 2627 2943 2803 3007; x_wconf 91' lang='lat' dir='ltr'><strong>modo,</strong></span> <span class='ocrx_word' id='word_1_558' title='bbox 2836 2959 2939 2997; x_wconf 91' lang='lat' dir='ltr'><strong>non</strong></span> <span class='ocrx_word' id='word_1_559' title='bbox 2972 2946 3251 3013; x_wconf 78' lang='lat' dir='ltr'><strong>agentibus</strong></span> <span class='ocrx_word' id='word_1_560' title='bbox 3276 2945 3355 2999; x_wconf 89' lang='lat' dir='ltr'><strong>eis</strong></span> <span class='ocrx_word' id='word_1_561' title='bbox 3391 2946 3789 3015; x_wconf 62' lang='lat' dir='ltr'><strong>paenitentiam;</strong></span> <span class='ocrx_word' id='word_1_562' title='bbox 3824 2957 4033 3017; x_wconf 86' lang='lat' dir='ltr'><strong>tempus</strong></span> 
     </span>
    </p>
   </div>
   <div class='ocr_carea' id='block_1_75' title="bbox 2474 3019 4032 3104">
    <p class='ocr_par' dir='ltr' id='par_1_75' title="bbox 2474 3019 4032 3104">
     <span class='ocr_line' id='line_1_75' title="bbox 2474 3019 4032 3104; baseline 0.004 -22"><span class='ocrx_word' id='word_1_563' title='bbox 2474 3030 2625 3097; x_wconf 89' lang='lat' dir='ltr'><strong>pacis</strong></span> <span class='ocrx_word' id='word_1_564' title='bbox 2656 3031 2709 3083; x_wconf 92' lang='lat' dir='ltr'><strong>in</strong></span> <span class='ocrx_word' id='word_1_565' title='bbox 2740 3030 2941 3095; x_wconf 76' lang='lat' dir='ltr'><strong>futuro,</strong></span> <span class='ocrx_word' id='word_1_566' title='bbox 2970 3033 3184 3099; x_wconf 89' lang='lat' dir='ltr'><strong>quando</strong></span> <span class='ocrx_word' id='word_1_567' title='bbox 3204 3033 3367 3086; x_wconf 88' lang='lat' dir='ltr'><strong>intrat</strong></span> <span class='ocrx_word' id='word_1_568' title='bbox 3398 3019 3672 3101; x_wconf 71' lang='lat' dir='ltr'><strong>plenitudo</strong></span> <span class='ocrx_word' id='word_1_569' title='bbox 3699 3036 3955 3104; x_wconf 87' lang='lat' dir='ltr'><strong>gentium,</strong></span> <span class='ocrx_word' id='word_1_570' title='bbox 3979 3045 4032 3089; x_wconf 91' lang='lat' dir='ltr'><strong>et</strong></span> 
     </span>
    </p>
   </div>
   <div class='ocr_carea' id='block_1_76' title="bbox 2475 3119 4028 3180">
    <p class='ocr_par' dir='ltr' id='par_1_76' title="bbox 2475 3119 4028 3180">
     <span class='ocr_line' id='line_1_76' title="bbox 2475 3119 4028 3180; baseline 0.004 -8"><span class='ocrx_word' id='word_1_571' title='bbox 2475 3119 2554 3172; x_wconf 89' lang='lat' dir='ltr'><strong>sic</strong></span> <span class='ocrx_word' id='word_1_572' title='bbox 2600 3120 2777 3173; x_wconf 90' lang='lat' dir='ltr'><strong>omnis</strong></span> <span class='ocrx_word' id='word_1_573' title='bbox 2822 3119 2989 3174; x_wconf 88' lang='lat' dir='ltr'><strong>Israel</strong></span> <span class='ocrx_word' id='word_1_574' title='bbox 3034 3120 3213 3175; x_wconf 86' lang='lat' dir='ltr'><strong>salvus</strong></span> <span class='ocrx_word' id='word_1_575' title='bbox 3252 3122 3374 3176; x_wconf 88' lang='lat' dir='ltr'><strong>erit.</strong></span> <span class='ocrx_word' id='word_1_576' title='bbox 3410 3121 3583 3177; x_wconf 77' lang='lat' dir='ltr'><strong>Aliter</strong></span> <span class='ocrx_word' id='word_1_577' title='bbox 3615 3123 3793 3179; x_wconf 90' lang='lat' dir='ltr'><strong>altiori</strong></span> <span class='ocrx_word' id='word_1_578' title='bbox 3818 3140 3976 3180; x_wconf 84' lang='lat' dir='ltr'><strong>sensu</strong></span> <span class='ocrx_word' id='word_1_579' title='bbox 4013 3140 4028 3178; x_wconf 89' lang='lat'>:</span> 
     </span>
    </p>
   </div>
   <div class='ocr_carea' id='block_1_77' title="bbox 2397 3168 4028 3281">
    <p class='ocr_par' dir='ltr' id='par_1_77' title="bbox 2397 3168 4028 3281">
     <span class='ocr_line' id='line_1_77' title="bbox 2397 3168 4028 3281; baseline 0.003 -19"><span class='ocrx_word' id='word_1_580' title='bbox 2397 3168 2446 3229; x_wconf 72' lang='grc' dir='ltr'>ο</span> <span class='ocrx_word' id='word_1_581' title='bbox 2476 3168 4028 3281; x_wconf 55' lang='grc' dir='ltr'><strong>ἱέωῷῐξΒοὲἷὰέιῖξιίῗὲῗὶοιῖιιὶέε’Ξῖἑηᾶἑῖζεὶιῖῐῖἷιξ</strong></span> 
     </span>
    </p>
   </div>
   <div class='ocr_carea' id='block_1_78' title="bbox 2473 3295 4032 3373">
    <p class='ocr_par' dir='ltr' id='par_1_78' title="bbox 2473 3295 4032 3373">
     <span class='ocr_line' id='line_1_78' title="bbox 2473 3295 4032 3373; baseline 0.003 -23"><span class='ocrx_word' id='word_1_582' title='bbox 2473 3295 2589 3367; x_wconf 78' lang='lat' dir='ltr'><strong>Ego</strong></span> <span class='ocrx_word' id='word_1_583' title='bbox 2611 3297 2865 3362; x_wconf 83' lang='lat' dir='ltr'><strong>occidam,</strong></span> <span class='ocrx_word' id='word_1_584' title='bbox 2878 3306 2926 3351; x_wconf 89' lang='lat' dir='ltr'><strong>et</strong></span> <span class='ocrx_word' id='word_1_585' title='bbox 2943 3314 3036 3367; x_wconf 78' lang='lat' dir='ltr'><strong>ego</strong></span> <span class='ocrx_word' id='word_1_586' title='bbox 3052 3298 3316 3370; x_wconf 72' lang='lat' dir='ltr'><strong>viviﬁcabo</strong></span> <span class='ocrx_word' id='word_1_587' title='bbox 3337 3299 3511 3370; x_wconf 89' lang='lat' dir='ltr'><strong>(Deut.</strong></span> <span class='ocrx_word' id='word_1_588' title='bbox 3529 3316 3696 3365; x_wconf 69' lang='lat' dir='ltr'><strong>nan,</strong></span> <span class='ocrx_word' id='word_1_589' title='bbox 3712 3302 3824 3373; x_wconf 78' lang='lat'><strong>39).</strong></span> <span class='ocrx_word' id='word_1_590' title='bbox 3850 3302 4032 3367; x_wconf 87' lang='lat' dir='ltr'><strong>Sanat,</strong></span> 
     </span>
    </p>
   </div>
   <div class='ocr_carea' id='block_1_79' title="bbox 2475 3387 4035 3458">
    <p class='ocr_par' dir='ltr' id='par_1_79' title="bbox 2475 3387 4035 3458">
     <span class='ocr_line' id='line_1_79' title="bbox 2475 3387 4035 3458; baseline 0.005 -19"><span class='ocrx_word' id='word_1_591' title='bbox 2475 3387 2543 3440; x_wconf 89' lang='lat' dir='ltr'><strong>ad</strong></span> <span class='ocrx_word' id='word_1_592' title='bbox 2566 3388 2934 3455; x_wconf 71' lang='lat' dir='ltr'><strong>penitentiam</strong></span> <span class='ocrx_word' id='word_1_593' title='bbox 2962 3403 3258 3457; x_wconf 85' lang='lat' dir='ltr'><strong>provocans</strong></span> <span class='ocrx_word' id='word_1_594' title='bbox 3297 3407 3310 3441; x_wconf 92' lang='lat'><strong>:</strong></span> <span class='ocrx_word' id='word_1_595' title='bbox 3346 3390 3543 3446; x_wconf 88' lang='lat' dir='ltr'><strong>occidit</strong></span> <span class='ocrx_word' id='word_1_596' title='bbox 3562 3389 3718 3458; x_wconf 80' lang='lat' dir='ltr'><strong>juxta</strong></span> <span class='ocrx_word' id='word_1_597' title='bbox 3744 3393 3891 3447; x_wconf 89' lang='lat' dir='ltr'><strong>illum</strong></span> <span class='ocrx_word' id='word_1_598' title='bbox 3916 3407 4035 3447; x_wconf 85' lang='lat' dir='ltr'><strong>sen-</strong></span> 
     </span>
    </p>
   </div>
   <div class='ocr_carea' id='block_1_80' title="bbox 2475 3475 4037 3549">
    <p class='ocr_par' dir='ltr' id='par_1_80' title="bbox 2475 3475 4037 3549">
     <span class='ocr_line' id='line_1_80' title="bbox 2475 3475 4037 3549; baseline 0.003 -20"><span class='ocrx_word' id='word_1_599' title='bbox 2475 3492 2595 3530; x_wconf 90' lang='lat' dir='ltr'><strong>sum</strong></span> <span class='ocrx_word' id='word_1_600' title='bbox 2643 3494 2657 3529; x_wconf 90' lang='lat'><strong>:</strong></span> <span class='ocrx_word' id='word_1_601' title='bbox 2702 3475 2771 3529; x_wconf 80' lang='lat' dir='ltr'><strong>In</strong></span> <span class='ocrx_word' id='word_1_602' title='bbox 2814 3477 3069 3530; x_wconf 80' lang='lat' dir='ltr'><strong>matutina</strong></span> <span class='ocrx_word' id='word_1_603' title='bbox 3110 3477 3484 3545; x_wconf 71' lang='lat' dir='ltr'><strong>interﬁciebam</strong></span> <span class='ocrx_word' id='word_1_604' title='bbox 3530 3495 3706 3532; x_wconf 78' lang='lat' dir='ltr'><strong>omnes</strong></span> <span class='ocrx_word' id='word_1_605' title='bbox 3749 3491 4037 3549; x_wconf 85' lang='lat' dir='ltr'><strong>peceatores</strong></span> 
     </span>
    </p>
   </div>
   <div class='ocr_carea' id='block_1_81' title="bbox 2476 3563 4040 3638">
    <p class='ocr_par' dir='ltr' id='par_1_81' title="bbox 2476 3563 4040 3638">
     <span class='ocr_line' id='line_1_81' title="bbox 2476 3563 4040 3638; baseline 0.004 -22"><span class='ocrx_word' id='word_1_606' title='bbox 2476 3574 2631 3617; x_wconf 73' lang='lat' dir='ltr'><strong>terra:</strong></span> <span class='ocrx_word' id='word_1_607' title='bbox 2658 3563 2885 3634; x_wconf 81' lang='lat' dir='ltr'><strong>(Psalm.</strong></span> <span class='ocrx_word' id='word_1_608' title='bbox 2927 3580 2978 3629; x_wconf 89' lang='lat' dir='ltr'><strong>c,</strong></span> <span class='ocrx_word' id='word_1_609' title='bbox 3009 3564 3091 3637; x_wconf 78' lang='lat'><strong>8).</strong></span> <span class='ocrx_word' id='word_1_610' title='bbox 3118 3564 3353 3634; x_wconf 86' lang='lat' dir='ltr'><strong>Tempus</strong></span> <span class='ocrx_word' id='word_1_611' title='bbox 3391 3566 3720 3633; x_wconf 88' lang='lat' dir='ltr'><strong>destruendi,</strong></span> <span class='ocrx_word' id='word_1_612' title='bbox 3745 3576 3799 3621; x_wconf 90' lang='lat' dir='ltr'><strong>et</strong></span> <span class='ocrx_word' id='word_1_613' title='bbox 3830 3576 4040 3638; x_wconf 86' lang='lat' dir='ltr'><strong>tempus</strong></span> 
     </span>
    </p>
   </div>
   <div class='ocr_carea' id='block_1_82' title="bbox 2476 3652 4077 3729">
    <p class='ocr_par' dir='ltr' id='par_1_82' title="bbox 2476 3652 4077 3729">
     <span class='ocr_line' id='line_1_82' title="bbox 2476 3652 4077 3729; baseline 0.004 -21"><span class='ocrx_word' id='word_1_614' title='bbox 2476 3654 2795 3710; x_wconf 68' lang='lat' dir='ltr'><strong>mdiﬁcandi.</strong></span> <span class='ocrx_word' id='word_1_615' title='bbox 2824 3653 2942 3709; x_wconf 84' lang='lat' dir='ltr'><strong>Non</strong></span> <span class='ocrx_word' id='word_1_616' title='bbox 2968 3670 3252 3724; x_wconf 83' lang='lat' dir='ltr'><strong>possumus</strong></span> <span class='ocrx_word' id='word_1_617' title='bbox 3277 3654 3546 3712; x_wconf 68' lang='lat' dir='ltr'><strong>aediﬁcare</strong></span> <span class='ocrx_word' id='word_1_618' title='bbox 3572 3658 3731 3724; x_wconf 92' lang='lat' dir='ltr'><strong>bona,</strong></span> <span class='ocrx_word' id='word_1_619' title='bbox 3763 3659 3864 3714; x_wconf 90' lang='lat' dir='ltr'><strong>nisi</strong></span> <span class='ocrx_word' id='word_1_620' title='bbox 3890 3660 4042 3729; x_wconf 89' lang='lat' dir='ltr'><strong>prius</strong></span> <span class='ocrx_word' id='word_1_621' title='bbox 4076 3652 4077 3655; x_wconf 39' lang='grc'><em>“</em></span> 
     </span>
    </p>
   </div>
   <div class='ocr_carea' id='block_1_83' title="bbox 2477 3741 4044 3835">
    <p class='ocr_par' dir='ltr' id='par_1_83' title="bbox 2477 3741 4044 3835">
     <span class='ocr_line' id='line_1_83' title="bbox 2477 3741 4044 3835; baseline 0.004 -38"><span class='ocrx_word' id='word_1_622' title='bbox 2477 3743 2900 3835; x_wconf 72' lang='lat' dir='ltr'><strong>destruserimus</strong></span> <span class='ocrx_word' id='word_1_623' title='bbox 2934 3741 3365 3835; x_wconf 34' lang='lat' dir='ltr'><strong>malaLTempus</strong></span> <span class='ocrx_word' id='word_1_624' title='bbox 3408 3745 3649 3835; x_wconf 58' lang='lat' dir='ltr'><strong>pio/randi</strong></span> <span class='ocrx_word' id='word_1_625' title='bbox 3672 3786 3685 3811; x_wconf 93' lang='lat'><strong>,</strong></span> <span class='ocrx_word' id='word_1_626' title='bbox 3732 3755 3788 3801; x_wconf 92' lang='lat' dir='ltr'><strong>et</strong></span> <span class='ocrx_word' id='word_1_627' title='bbox 3832 3754 4044 3817; x_wconf 86' lang='lat' dir='ltr'><strong>tempus</strong></span> 
     </span>
    </p>
   </div>
   <div class='ocr_carea' id='block_1_84' title="bbox 2478 3830 4045 3902">
    <p class='ocr_par' dir='ltr' id='par_1_84' title="bbox 2478 3830 4045 3902">
     <span class='ocr_line' id='line_1_84' title="bbox 2478 3830 4045 3902; baseline 0.004 -16"><span class='ocrx_word' id='word_1_628' title='bbox 2478 3832 2684 3888; x_wconf 88' lang='lat' dir='ltr'><strong>ridendi</strong></span> <span class='ocrx_word' id='word_1_629' title='bbox 2729 3851 2743 3887; x_wconf 88' lang='lat'>:</span> <span class='ocrx_word' id='word_1_630' title='bbox 2782 3830 2925 3889; x_wconf 85' lang='lat' dir='ltr'><strong>nunc</strong></span> <span class='ocrx_word' id='word_1_631' title='bbox 2968 3832 3126 3888; x_wconf 78' lang='lat' dir='ltr'><strong>ﬂendi</strong></span> <span class='ocrx_word' id='word_1_632' title='bbox 3172 3842 3383 3902; x_wconf 84' lang='lat' dir='ltr'><strong>tempus</strong></span> <span class='ocrx_word' id='word_1_633' title='bbox 3422 3830 3525 3900; x_wconf 82' lang='lat' dir='ltr'><strong>est,</strong></span> <span class='ocrx_word' id='word_1_634' title='bbox 3568 3845 3623 3889; x_wconf 90' lang='lat' dir='ltr'><strong>et</strong></span> <span class='ocrx_word' id='word_1_635' title='bbox 3661 3837 3717 3890; x_wconf 90' lang='lat' dir='ltr'><strong>in</strong></span> <span class='ocrx_word' id='word_1_636' title='bbox 3754 3836 3933 3892; x_wconf 80' lang='lat' dir='ltr'><strong>futuro</strong></span> <span class='ocrx_word' id='word_1_637' title='bbox 3968 3838 4045 3892; x_wconf 87' lang='lat' dir='ltr'><strong>ri-</strong></span> 
     </span>
    </p>
   </div>
   <div class='ocr_carea' id='block_1_85' title="bbox 2479 3910 4046 3996">
    <p class='ocr_par' dir='ltr' id='par_1_85' title="bbox 2479 3910 4046 3996">
     <span class='ocr_line' id='line_1_85' title="bbox 2479 3910 4046 3996; baseline 0.002 -19"><span class='ocrx_word' id='word_1_638' title='bbox 2479 3910 2658 3988; x_wconf 82' lang='lat' dir='ltr'><strong>dendi,</strong></span> <span class='ocrx_word' id='word_1_639' title='bbox 2689 3921 2915 3978; x_wconf 87' lang='lat' dir='ltr'><strong>Domino</strong></span> <span class='ocrx_word' id='word_1_640' title='bbox 2946 3922 3158 3977; x_wconf 86' lang='lat' dir='ltr'><strong>dicente</strong></span> <span class='ocrx_word' id='word_1_641' title='bbox 3198 3940 3214 3976; x_wconf 79' lang='grc' dir='ltr'><strong>ι</strong></span> <span class='ocrx_word' id='word_1_642' title='bbox 3255 3922 3409 3977; x_wconf 81' lang='lat' dir='ltr'><strong>Beati</strong></span> <span class='ocrx_word' id='word_1_643' title='bbox 3444 3924 3643 3993; x_wconf 71' lang='lat' dir='ltr'><strong>ﬂentes,</strong></span> <span class='ocrx_word' id='word_1_644' title='bbox 3672 3926 3917 3993; x_wconf 73' lang='lat' dir='ltr'><strong>quoniam</strong></span> <span class='ocrx_word' id='word_1_645' title='bbox 3940 3926 4046 3996; x_wconf 81' lang='lat' dir='ltr'><strong>ipsi</strong></span> 
     </span>
    </p>
   </div>
   <div class='ocr_carea' id='block_1_86' title="bbox 2480 4009 4046 4095">
    <p class='ocr_par' dir='ltr' id='par_1_86' title="bbox 2480 4009 4046 4095">
     <span class='ocr_line' id='line_1_86' title="bbox 2480 4009 4046 4095; baseline 0.005 -31"><span class='ocrx_word' id='word_1_646' title='bbox 2480 4012 2719 4065; x_wconf 84' lang='lat' dir='ltr'><strong>ridebunt</strong></span> <span class='ocrx_word' id='word_1_647' title='bbox 2749 4011 2901 4082; x_wconf 89' lang='lat' dir='ltr'><strong>(Luc.</strong></span> <span class='ocrx_word' id='word_1_648' title='bbox 2928 4028 3003 4076; x_wconf 76' lang='lat' dir='ltr'><strong>v1,</strong></span> <span class='ocrx_word' id='word_1_649' title='bbox 3034 4009 3145 4083; x_wconf 71' lang='grc'><strong>21).</strong></span> <span class='ocrx_word' id='word_1_650' title='bbox 3173 4011 3405 4084; x_wconf 89' lang='lat' dir='ltr'><strong>Tempus</strong></span> <span class='ocrx_word' id='word_1_651' title='bbox 3430 4014 3732 4085; x_wconf 82' lang='lat' dir='ltr'><strong>plangendi,</strong></span> <span class='ocrx_word' id='word_1_652' title='bbox 3754 4023 3809 4071; x_wconf 89' lang='lat' dir='ltr'><strong>et</strong></span> <span class='ocrx_word' id='word_1_653' title='bbox 3832 4023 4046 4095; x_wconf 81' lang='lat' dir='ltr'><strong>tempus</strong></span> 
     </span>
    </p>
   </div>
   <div class='ocr_carea' id='block_1_87' title="bbox 2478 4100 4046 4178">
    <p class='ocr_par' dir='ltr' id='par_1_87' title="bbox 2478 4100 4046 4178">
     <span class='ocr_line' id='line_1_87' title="bbox 2478 4100 4046 4178; baseline 0.007 -24"><span class='ocrx_word' id='word_1_654' title='bbox 2478 4100 2727 4155; x_wconf 88' lang='lat' dir='ltr'><strong>saltandi.</strong></span> <span class='ocrx_word' id='word_1_655' title='bbox 2768 4100 2967 4161; x_wconf 82' lang='lat' dir='ltr'><strong>Eodem</strong></span> <span class='ocrx_word' id='word_1_656' title='bbox 3002 4114 3161 4159; x_wconf 86' lang='lat' dir='ltr'><strong>sensu</strong></span> <span class='ocrx_word' id='word_1_657' title='bbox 3205 4122 3312 4177; x_wconf 92' lang='lat' dir='ltr'><strong>quo</strong></span> <span class='ocrx_word' id='word_1_658' title='bbox 3338 4122 3519 4177; x_wconf 76' lang='lat' dir='ltr'><strong>supra.</strong></span> <span class='ocrx_word' id='word_1_659' title='bbox 3565 4106 3923 4178; x_wconf 86' lang='lat' dir='ltr'><strong>Plangendum</strong></span> <span class='ocrx_word' id='word_1_660' title='bbox 3961 4121 4046 4165; x_wconf 88' lang='lat' dir='ltr'><strong>est</strong></span> 
     </span>
    </p>
   </div>
   <div class='ocr_carea' id='block_1_88' title="bbox 2481 4190 4045 4266">
    <p class='ocr_par' dir='ltr' id='par_1_88' title="bbox 2481 4190 4045 4266">
     <span class='ocr_line' id='line_1_88' title="bbox 2481 4190 4045 4266; baseline 0.004 -21"><span class='ocrx_word' id='word_1_661' title='bbox 2481 4190 2979 4259; x_wconf 66' lang='lat' dir='ltr'><strong>imprcsentiarum,</strong></span> <span class='ocrx_word' id='word_1_662' title='bbox 3004 4202 3065 4248; x_wconf 90' lang='lat' dir='ltr'><strong>ut</strong></span> <span class='ocrx_word' id='word_1_663' title='bbox 3091 4194 3144 4249; x_wconf 89' lang='lat' dir='ltr'><strong>in</strong></span> <span class='ocrx_word' id='word_1_664' title='bbox 3170 4194 3352 4251; x_wconf 80' lang='lat' dir='ltr'><strong>futuro</strong></span> <span class='ocrx_word' id='word_1_665' title='bbox 3389 4196 3585 4251; x_wconf 60' lang='lat' dir='ltr'><strong>seculo</strong></span> <span class='ocrx_word' id='word_1_666' title='bbox 3608 4197 3835 4266; x_wconf 84' lang='lat' dir='ltr'><strong>spiritali</strong></span> <span class='ocrx_word' id='word_1_667' title='bbox 3874 4197 4045 4253; x_wconf 82' lang='lat' dir='ltr'><strong>salta-</strong></span> 
     </span>
    </p>
   </div>
   <div class='ocr_carea' id='block_1_89' title="bbox 2482 4280 4047 4357">
    <p class='ocr_par' dir='ltr' id='par_1_89' title="bbox 2482 4280 4047 4357">
     <span class='ocr_line' id='line_1_89' title="bbox 2482 4280 4047 4357; baseline 0.005 -24"><span class='ocrx_word' id='word_1_668' title='bbox 2482 4280 2629 4334; x_wconf 90' lang='lat' dir='ltr'><strong>tione</strong></span> <span class='ocrx_word' id='word_1_669' title='bbox 2653 4283 2995 4349; x_wconf 72' lang='lat' dir='ltr'><strong>gaudeamus.</strong></span> <span class='ocrx_word' id='word_1_670' title='bbox 3025 4281 3255 4353; x_wconf 84' lang='lat' dir='ltr'><strong>Tempus</strong></span> <span class='ocrx_word' id='word_1_671' title='bbox 3281 4286 3564 4357; x_wconf 72' lang='lat' dir='ltr'><strong>spargendi</strong></span> <span class='ocrx_word' id='word_1_672' title='bbox 3583 4282 3807 4354; x_wconf 84' lang='lat' dir='ltr'><strong>lapides,</strong></span> <span class='ocrx_word' id='word_1_673' title='bbox 3831 4294 3888 4339; x_wconf 91' lang='lat' dir='ltr'><strong>et</strong></span> <span class='ocrx_word' id='word_1_674' title='bbox 3913 4293 4047 4341; x_wconf 85' lang='lat' dir='ltr'><strong>tem—</strong></span> 
     </span>
    </p>
   </div>
   <div class='ocr_carea' id='block_1_90' title="bbox 2483 4366 4044 4446">
    <p class='ocr_par' dir='ltr' id='par_1_90' title="bbox 2483 4366 4044 4446">
     <span class='ocr_line' id='line_1_90' title="bbox 2483 4366 4044 4446; baseline 0.005 -23"><span class='ocrx_word' id='word_1_675' title='bbox 2483 4384 2583 4438; x_wconf 89' lang='lat' dir='ltr'><strong>pus</strong></span> <span class='ocrx_word' id='word_1_676' title='bbox 2609 4370 2891 4441; x_wconf 71' lang='lat' dir='ltr'><strong>colligendi</strong></span> <span class='ocrx_word' id='word_1_677' title='bbox 2919 4387 2935 4424; x_wconf 88' lang='lat'><strong>:</strong></span> <span class='ocrx_word' id='word_1_678' title='bbox 2963 4373 3088 4442; x_wconf 85' lang='lat' dir='ltr'><strong>quia</strong></span> <span class='ocrx_word' id='word_1_679' title='bbox 3116 4366 3333 4443; x_wconf 84' lang='lat' dir='ltr'><strong>tempus</strong></span> <span class='ocrx_word' id='word_1_680' title='bbox 3349 4374 3453 4428; x_wconf 74' lang='lat' dir='ltr'><strong>fuit</strong></span> <span class='ocrx_word' id='word_1_681' title='bbox 3483 4374 3695 4444; x_wconf 89' lang='lat' dir='ltr'><strong>gentilis</strong></span> <span class='ocrx_word' id='word_1_682' title='bbox 3726 4375 3903 4446; x_wconf 87' lang='lat' dir='ltr'><strong>populi</strong></span> <span class='ocrx_word' id='word_1_683' title='bbox 3930 4374 4044 4431; x_wconf 73' lang='lat' dir='ltr'><strong>dis~</strong></span> 
     </span>
    </p>
   </div>
   <div class='ocr_carea' id='block_1_91' title="bbox 825 4462 4092 4549">
    <p class='ocr_par' dir='ltr' id='par_1_91' title="bbox 825 4462 4092 4549">
     <span class='ocr_line' id='line_1_91' title="bbox 825 4462 4092 4549; baseline 0 -27"><span class='ocrx_word' id='word_1_684' title='bbox 825 4469 1013 4532; x_wconf 66' lang='lat' dir='ltr'><strong>tuadi;</strong></span> <span class='ocrx_word' id='word_1_685' title='bbox 1041 4477 1237 4537; x_wconf 86' lang='lat' dir='ltr'><strong>tempus</strong></span> <span class='ocrx_word' id='word_1_686' title='bbox 1259 4467 1534 4537; x_wconf 83' lang='lat' dir='ltr'><strong>spargendi</strong></span> <span class='ocrx_word' id='word_1_687' title='bbox 1557 4464 1841 4535; x_wconf 83' lang='lat' dir='ltr'><strong>lapides,et</strong></span> <span class='ocrx_word' id='word_1_688' title='bbox 1863 4474 2059 4535; x_wconf 85' lang='lat' dir='ltr'><strong>tempus</strong></span> <span class='ocrx_word' id='word_1_689' title='bbox 2076 4463 2348 4533; x_wconf 83' lang='lat' dir='ltr'><strong>colligendi</strong></span> <span class='ocrx_word' id='word_1_690' title='bbox 2365 4481 2382 4528; x_wconf 89' lang='lat'><strong>;</strong></span> <span class='ocrx_word' id='word_1_691' title='bbox 2416 4493 2460 4549; x_wconf 79' lang='grc' dir='ltr'><strong>υ</strong></span> <span class='ocrx_word' id='word_1_692' title='bbox 2485 4462 2759 4530; x_wconf 76' lang='lat' dir='ltr'><strong>pergendi,</strong></span> <span class='ocrx_word' id='word_1_693' title='bbox 2788 4470 2844 4517; x_wconf 84' lang='lat' dir='ltr'><strong>et</strong></span> <span class='ocrx_word' id='word_1_694' title='bbox 2882 4471 3093 4534; x_wconf 88' lang='lat' dir='ltr'><strong>tempus</strong></span> <span class='ocrx_word' id='word_1_695' title='bbox 3134 4473 3348 4520; x_wconf 78' lang='lat' dir='ltr'><strong>rursum</strong></span> <span class='ocrx_word' id='word_1_696' title='bbox 3396 4465 3451 4519; x_wconf 88' lang='lat' dir='ltr'><strong>in</strong></span> <span class='ocrx_word' id='word_1_697' title='bbox 3474 4465 3780 4533; x_wconf 12' lang='lat' dir='ltr'><strong>,Ecclesiam</strong></span> <span class='ocrx_word' id='word_1_698' title='bbox 3824 4482 4046 4537; x_wconf 81' lang='lat' dir='ltr'><strong>congre-</strong></span> <span class='ocrx_word' id='word_1_699' title='bbox 4085 4501 4092 4507; x_wconf 64' lang='grc' dir='ltr'>ε</span> 
     </span>
    </p>
   </div>
   <div class='ocr_carea' id='block_1_92' title="bbox 826 4553 2388 4627">
    <p class='ocr_par' dir='ltr' id='par_1_92' title="bbox 826 4553 2388 4627">
     <span class='ocr_line' id='line_1_92' title="bbox 826 4553 2388 4627; baseline -0.001 -17"><span class='ocrx_word' id='word_1_700' title='bbox 826 4567 1023 4627; x_wconf 86' lang='lat' dir='ltr'><strong>tempus</strong></span> <span class='ocrx_word' id='word_1_701' title='bbox 1048 4555 1396 4626; x_wconf 70' lang='lat' dir='ltr'><strong>amplexandi,</strong></span> <span class='ocrx_word' id='word_1_702' title='bbox 1426 4565 1474 4609; x_wconf 90' lang='lat' dir='ltr'><strong>et</strong></span> <span class='ocrx_word' id='word_1_703' title='bbox 1512 4564 1712 4624; x_wconf 80' lang='lat' dir='ltr'><strong>tempus</strong></span> <span class='ocrx_word' id='word_1_704' title='bbox 1739 4553 1889 4624; x_wconf 82' lang='lat' dir='ltr'><strong>longe</strong></span> <span class='ocrx_word' id='word_1_705' title='bbox 1912 4554 2029 4627; x_wconf 69' lang='lat' dir='ltr'><strong>fieri</strong></span> <span class='ocrx_word' id='word_1_706' title='bbox 2052 4554 2116 4608; x_wconf 83' lang='lat' dir='ltr'><strong>ab</strong></span> <span class='ocrx_word' id='word_1_707' title='bbox 2138 4553 2388 4624; x_wconf 71' lang='lat' dir='ltr'><strong>amplexi-</strong></span> 
     </span>
    </p>
   </div>
   <div class='ocr_carea' id='block_1_93' title="bbox 828 4645 2387 4717">
    <p class='ocr_par' dir='ltr' id='par_1_93' title="bbox 828 4645 2387 4717">
     <span class='ocr_line' id='line_1_93' title="bbox 828 4645 2387 4717; baseline -0.002 -18"><span class='ocrx_word' id='word_1_708' title='bbox 828 4647 957 4711; x_wconf 80' lang='lat' dir='ltr'><strong>bus;</strong></span> <span class='ocrx_word' id='word_1_709' title='bbox 994 4656 1190 4717; x_wconf 81' lang='lat' dir='ltr'><strong>tempus</strong></span> <span class='ocrx_word' id='word_1_710' title='bbox 1220 4645 1541 4715; x_wconf 78' lang='lat' dir='ltr'><strong>acquirendi,</strong></span> <span class='ocrx_word' id='word_1_711' title='bbox 1572 4653 1621 4698; x_wconf 90' lang='lat' dir='ltr'><strong>et</strong></span> <span class='ocrx_word' id='word_1_712' title='bbox 1650 4653 1846 4714; x_wconf 88' lang='lat' dir='ltr'><strong>tempus</strong></span> <span class='ocrx_word' id='word_1_713' title='bbox 1886 4645 2162 4713; x_wconf 86' lang='lat' dir='ltr'><strong>perdendi;</strong></span> <span class='ocrx_word' id='word_1_714' title='bbox 2190 4654 2387 4713; x_wconf 77' lang='lat' dir='ltr'><strong>tempus</strong></span> 
     </span>
    </p>
   </div>
   <div class='ocr_carea' id='block_1_94' title="bbox 830 4729 2387 4799">
    <p class='ocr_par' dir='ltr' id='par_1_94' title="bbox 830 4729 2387 4799">
     <span class='ocr_line' id='line_1_94' title="bbox 830 4729 2387 4799; baseline -0.003 -12"><span class='ocrx_word' id='word_1_715' title='bbox 830 4732 1173 4797; x_wconf 82' lang='lat' dir='ltr'><strong>custodiendi,</strong></span> <span class='ocrx_word' id='word_1_716' title='bbox 1198 4740 1245 4785; x_wconf 90' lang='lat' dir='ltr'><strong>et</strong></span> <span class='ocrx_word' id='word_1_717' title='bbox 1287 4741 1483 4799; x_wconf 86' lang='lat' dir='ltr'><strong>tempus</strong></span> <span class='ocrx_word' id='word_1_718' title='bbox 1527 4729 1806 4798; x_wconf 82' lang='lat' dir='ltr'><strong>objiciendi</strong></span> <span class='ocrx_word' id='word_1_719' title='bbox 1828 4747 1847 4794; x_wconf 90' lang='lat'><strong>;</strong></span> <span class='ocrx_word' id='word_1_720' title='bbox 1871 4739 2067 4798; x_wconf 84' lang='lat' dir='ltr'><strong>tempus</strong></span> <span class='ocrx_word' id='word_1_721' title='bbox 2095 4730 2387 4793; x_wconf 82' lang='lat' dir='ltr'><strong>scindendi,</strong></span> 
     </span>
    </p>
   </div>
   <div class='ocr_carea' id='block_1_95' title="bbox 830 4816 2391 4889">
    <p class='ocr_par' dir='ltr' id='par_1_95' title="bbox 830 4816 2391 4889">
     <span class='ocr_line' id='line_1_95' title="bbox 830 4816 2391 4889; baseline -0.003 -16"><span class='ocrx_word' id='word_1_722' title='bbox 830 4826 879 4872; x_wconf 75' lang='lat' dir='ltr'><strong>et</strong></span> <span class='ocrx_word' id='word_1_723' title='bbox 906 4830 1103 4889; x_wconf 81' lang='lat' dir='ltr'><strong>tempus</strong></span> <span class='ocrx_word' id='word_1_724' title='bbox 1130 4818 1451 4881; x_wconf 86' lang='lat' dir='ltr'><strong>consuendi;</strong></span> <span class='ocrx_word' id='word_1_725' title='bbox 1485 4827 1683 4886; x_wconf 84' lang='lat' dir='ltr'><strong>tempus</strong></span> <span class='ocrx_word' id='word_1_726' title='bbox 1724 4816 1949 4882; x_wconf 85' lang='lat' dir='ltr'><strong>tacendi,</strong></span> <span class='ocrx_word' id='word_1_727' title='bbox 1988 4826 2035 4869; x_wconf 76' lang='lat' dir='ltr'><strong>et</strong></span> <span class='ocrx_word' id='word_1_728' title='bbox 2077 4827 2277 4886; x_wconf 85' lang='lat' dir='ltr'><strong>tempus</strong></span> <span class='ocrx_word' id='word_1_729' title='bbox 2313 4816 2391 4869; x_wconf 89' lang='lat' dir='ltr'><strong>lo-</strong></span> 
     </span>
    </p>
   </div>
   <div class='ocr_carea' id='block_1_96' title="bbox 833 4904 2391 4976">
    <p class='ocr_par' dir='ltr' id='par_1_96' title="bbox 833 4904 2391 4976">
     <span class='ocr_line' id='line_1_96' title="bbox 833 4904 2391 4976; baseline -0.001 -16"><span class='ocrx_word' id='word_1_730' title='bbox 833 4906 1055 4976; x_wconf 66' lang='lat' dir='ltr'><strong>quendi;</strong></span> <span class='ocrx_word' id='word_1_731' title='bbox 1091 4915 1287 4973; x_wconf 82' lang='lat' dir='ltr'><strong>tempus</strong></span> <span class='ocrx_word' id='word_1_732' title='bbox 1324 4904 1634 4969; x_wconf 83' lang='lat' dir='ltr'><strong>dilectionis,</strong></span> <span class='ocrx_word' id='word_1_733' title='bbox 1673 4914 1719 4957; x_wconf 89' lang='lat' dir='ltr'><strong>et</strong></span> <span class='ocrx_word' id='word_1_734' title='bbox 1764 4914 1961 4973; x_wconf 86' lang='lat' dir='ltr'><strong>tempus</strong></span> <span class='ocrx_word' id='word_1_735' title='bbox 2006 4906 2146 4969; x_wconf 88' lang='lat' dir='ltr'><strong>odii;</strong></span> <span class='ocrx_word' id='word_1_736' title='bbox 2195 4916 2391 4976; x_wconf 87' lang='lat' dir='ltr'><strong>tempus</strong></span> 
     </span>
    </p>
   </div>
   <div class='ocr_carea' id='block_1_97' title="bbox 836 4993 2393 5064">
    <p class='ocr_par' dir='ltr' id='par_1_97' title="bbox 836 4993 2393 5064">
     <span class='ocr_line' id='line_1_97' title="bbox 836 4993 2393 5064; baseline 0 -16"><span class='ocrx_word' id='word_1_737' title='bbox 836 4994 974 5058; x_wconf 86' lang='lat' dir='ltr'><strong>belli,</strong></span> <span class='ocrx_word' id='word_1_738' title='bbox 1011 5004 1059 5047; x_wconf 89' lang='lat' dir='ltr'><strong>et</strong></span> <span class='ocrx_word' id='word_1_739' title='bbox 1101 5003 1298 5061; x_wconf 86' lang='lat' dir='ltr'><strong>tempus</strong></span> <span class='ocrx_word' id='word_1_740' title='bbox 1330 4994 1489 5060; x_wconf 89' lang='lat' dir='ltr'><strong>pacis.</strong></span> <span class='ocrx_word' id='word_1_741' title='bbox 1520 4993 1657 5047; x_wconf 83' lang='lat' dir='ltr'><strong>Nulli</strong></span> <span class='ocrx_word' id='word_1_742' title='bbox 1688 4993 1851 5064; x_wconf 57' lang='lat'><strong>519</strong></span> <span class='ocrx_word' id='word_1_743' title='bbox 1878 4994 2096 5048; x_wconf 88' lang='lat' dir='ltr'><strong>dubium</strong></span> <span class='ocrx_word' id='word_1_744' title='bbox 2121 5002 2222 5057; x_wconf 88' lang='lat' dir='ltr'><strong>est,</strong></span> <span class='ocrx_word' id='word_1_745' title='bbox 2252 4994 2393 5063; x_wconf 89' lang='lat' dir='ltr'><strong>quod</strong></span> 
     </span>
    </p>
   </div>
   <div class='ocr_carea' id='block_1_98' title="bbox 842 5082 2394 5153">
    <p class='ocr_par' dir='ltr' id='par_1_98' title="bbox 842 5082 2394 5153">
     <span class='ocr_line' id='line_1_98' title="bbox 842 5082 2394 5153; baseline 0.001 -14"><span class='ocrx_word' id='word_1_746' title='bbox 842 5092 994 5139; x_wconf 87' lang='lat' dir='ltr'><strong>ortus</strong></span> <span class='ocrx_word' id='word_1_747' title='bbox 1018 5092 1074 5139; x_wconf 91' lang='lat' dir='ltr'><strong>et</strong></span> <span class='ocrx_word' id='word_1_748' title='bbox 1100 5082 1349 5136; x_wconf 89' lang='lat' dir='ltr'><strong>interitus</strong></span> <span class='ocrx_word' id='word_1_749' title='bbox 1378 5082 1649 5135; x_wconf 84' lang='lat' dir='ltr'><strong>hominum</strong></span> <span class='ocrx_word' id='word_1_750' title='bbox 1675 5082 1784 5137; x_wconf 89' lang='lat' dir='ltr'><strong>Deo</strong></span> <span class='ocrx_word' id='word_1_751' title='bbox 1812 5092 1969 5138; x_wconf 92' lang='lat' dir='ltr'><strong>notus</strong></span> <span class='ocrx_word' id='word_1_752' title='bbox 1997 5085 2066 5138; x_wconf 90' lang='lat' dir='ltr'><strong>sit</strong></span> <span class='ocrx_word' id='word_1_753' title='bbox 2084 5092 2137 5138; x_wconf 92' lang='lat' dir='ltr'><strong>et</strong></span> <span class='ocrx_word' id='word_1_754' title='bbox 2164 5086 2394 5153; x_wconf 63' lang='lat' dir='ltr'><strong>pristini-</strong></span> 
     </span>
    </p>
   </div>
   <div class='ocr_carea' id='block_1_99' title="bbox 842 5171 2392 5240">
    <p class='ocr_par' dir='ltr' id='par_1_99' title="bbox 842 5171 2392 5240">
     <span class='ocr_line' id='line_1_99' title="bbox 842 5171 2392 5240; baseline 0.001 -14"><span class='ocrx_word' id='word_1_755' title='bbox 842 5182 963 5236; x_wconf 83' lang='lat' dir='ltr'><strong>tus;</strong></span> <span class='ocrx_word' id='word_1_756' title='bbox 994 5180 1050 5225; x_wconf 89' lang='lat' dir='ltr'><strong>et</strong></span> <span class='ocrx_word' id='word_1_757' title='bbox 1096 5171 1323 5239; x_wconf 89' lang='lat' dir='ltr'><strong>idipsum</strong></span> <span class='ocrx_word' id='word_1_758' title='bbox 1364 5184 1483 5224; x_wconf 86' lang='lat' dir='ltr'><strong>esse</strong></span> <span class='ocrx_word' id='word_1_759' title='bbox 1526 5185 1712 5239; x_wconf 88' lang='lat' dir='ltr'><strong>parere</strong></span> <span class='ocrx_word' id='word_1_760' title='bbox 1747 5171 1887 5240; x_wconf 89' lang='lat' dir='ltr'><strong>quod</strong></span> <span class='ocrx_word' id='word_1_761' title='bbox 1918 5173 2187 5240; x_wconf 80' lang='lat' dir='ltr'><strong>plantare;</strong></span> <span class='ocrx_word' id='word_1_762' title='bbox 2234 5176 2392 5239; x_wconf 92' lang='lat' dir='ltr'><strong>mori,</strong></span> 
     </span>
    </p>
   </div>
   <div class='ocr_carea' id='block_1_100' title="bbox 840 5258 2395 5331">
    <p class='ocr_par' dir='ltr' id='par_1_100' title="bbox 840 5258 2395 5331">
     <span class='ocr_line' id='line_1_100' title="bbox 840 5258 2395 5331; baseline 0.003 -18"><span class='ocrx_word' id='word_1_763' title='bbox 840 5258 983 5327; x_wconf 88' lang='lat' dir='ltr'><strong>quod</strong></span> <span class='ocrx_word' id='word_1_764' title='bbox 1004 5258 1299 5326; x_wconf 85' lang='lat' dir='ltr'><strong>plantatum</strong></span> <span class='ocrx_word' id='word_1_765' title='bbox 1324 5268 1405 5313; x_wconf 89' lang='lat' dir='ltr'><strong>est</strong></span> <span class='ocrx_word' id='word_1_766' title='bbox 1430 5259 1671 5313; x_wconf 88' lang='lat' dir='ltr'><strong>evellere.</strong></span> <span class='ocrx_word' id='word_1_767' title='bbox 1707 5260 1930 5314; x_wconf 66' lang='lat' dir='ltr'><strong>llasbrtei</strong></span> <span class='ocrx_word' id='word_1_768' title='bbox 1957 5275 2113 5315; x_wconf 90' lang='lat' dir='ltr'><strong>omne</strong></span> <span class='ocrx_word' id='word_1_769' title='bbox 2135 5264 2235 5315; x_wconf 89' lang='lat' dir='ltr'><strong>hoc</strong></span> <span class='ocrx_word' id='word_1_770' title='bbox 2254 5264 2395 5331; x_wconf 89' lang='lat' dir='ltr'><strong>quod</strong></span> 
     </span>
    </p>
   </div>
   <div class='ocr_carea' id='block_1_101' title="bbox 843 5344 2396 5418">
    <p class='ocr_par' dir='ltr' id='par_1_101' title="bbox 843 5344 2396 5418">
     <span class='ocr_line' id='line_1_101' title="bbox 843 5344 2396 5418; baseline 0.003 -19"><span class='ocrx_word' id='word_1_771' title='bbox 843 5344 909 5399; x_wconf 85' lang='lat' dir='ltr'><strong>de</strong></span> <span class='ocrx_word' id='word_1_772' title='bbox 950 5345 1324 5400; x_wconf 89' lang='lat' dir='ltr'><strong>contrarietate</strong></span> <span class='ocrx_word' id='word_1_773' title='bbox 1362 5356 1657 5417; x_wconf 87' lang='lat' dir='ltr'><strong>temporum</strong></span> <span class='ocrx_word' id='word_1_774' title='bbox 1689 5350 1944 5418; x_wconf 88' lang='lat' dir='ltr'><strong>scriptum</strong></span> <span class='ocrx_word' id='word_1_775' title='bbox 1975 5358 2075 5413; x_wconf 90' lang='lat' dir='ltr'><strong>est,</strong></span> <span class='ocrx_word' id='word_1_776' title='bbox 2122 5365 2287 5418; x_wconf 86' lang='lat' dir='ltr'><strong>usque</strong></span> <span class='ocrx_word' id='word_1_777' title='bbox 2330 5353 2396 5405; x_wconf 90' lang='lat' dir='ltr'><strong>ad</strong></span> 
     </span>
    </p>
   </div>
   <div class='ocr_carea' id='block_1_102' title="bbox 918 5516 2397 5587">
    <p class='ocr_par' dir='ltr' id='par_1_102' title="bbox 918 5516 2397 5587">
     <span class='ocr_line' id='line_1_102' title="bbox 918 5516 2397 5587; baseline 0.005 -16"><span class='ocrx_word' id='word_1_778' title='bbox 918 5528 945 5559; x_wconf 81' lang='grc' dir='ltr'><strong>ι</strong></span> <span class='ocrx_word' id='word_1_779' title='bbox 968 5517 1132 5587; x_wconf 67' lang='lat' dir='ltr'><strong>Apud</strong></span> <span class='ocrx_word' id='word_1_780' title='bbox 1175 5516 1318 5572; x_wconf 84' lang='lat' dir='ltr'><strong>llier.</strong></span> <span class='ocrx_word' id='word_1_781' title='bbox 1355 5518 1406 5571; x_wconf 93' lang='lat' dir='ltr'><strong>in</strong></span> <span class='ocrx_word' id='word_1_782' title='bbox 1444 5520 1585 5573; x_wconf 88' lang='lat' dir='ltr'><strong>hunc</strong></span> <span class='ocrx_word' id='word_1_783' title='bbox 1620 5521 1828 5576; x_wconf 90' lang='lat' dir='ltr'><strong>locum:</strong></span> <span class='ocrx_word' id='word_1_784' title='bbox 1873 5543 1890 5573; x_wconf 80' lang='grc' dir='ltr'><strong>ι</strong></span> <span class='ocrx_word' id='word_1_785' title='bbox 1921 5525 2030 5578; x_wconf 78' lang='lat' dir='ltr'><strong>Nisi</strong></span> <span class='ocrx_word' id='word_1_786' title='bbox 2063 5524 2203 5578; x_wconf 89' lang='lat' dir='ltr'><strong>enim</strong></span> <span class='ocrx_word' id='word_1_787' title='bbox 2228 5525 2397 5580; x_wconf 85' lang='lat' dir='ltr'><strong>bonus</strong></span> 
     </span>
    </p>
   </div>
   <div class='ocr_carea' id='block_1_103' title="bbox 848 5585 2399 5668">
    <p class='ocr_par' dir='ltr' id='par_1_103' title="bbox 848 5585 2399 5668">
     <span class='ocr_line' id='line_1_103' title="bbox 848 5585 2399 5668; baseline 0.007 -31"><span class='ocrx_word' id='word_1_788' title='bbox 848 5585 1042 5668; x_wconf 44' lang='lat' dir='ltr'><strong>luerit‘,</strong></span> <span class='ocrx_word' id='word_1_789' title='bbox 1071 5597 1127 5641; x_wconf 89' lang='lat' dir='ltr'><strong>et</strong></span> <span class='ocrx_word' id='word_1_790' title='bbox 1169 5601 1499 5668; x_wconf 58' lang='lat' dir='ltr'><strong>moressuOs</strong></span> <span class='ocrx_word' id='word_1_791' title='bbox 1526 5592 1740 5668; x_wconf 82' lang='lat' dir='ltr'><strong>proprio</strong></span> <span class='ocrx_word' id='word_1_792' title='bbox 1759 5593 1981 5668; x_wconf 80' lang='lat' dir='ltr'><strong>arbitrio</strong></span> <span class='ocrx_word' id='word_1_793' title='bbox 2008 5601 2129 5647; x_wconf 82' lang='lat' dir='ltr'><strong>ante</strong></span> <span class='ocrx_word' id='word_1_794' title='bbox 2153 5608 2399 5668; x_wconf 72' lang='lat' dir='ltr'><strong>correxe-</strong></span> 
     </span>
    </p>
   </div>
   <div class='ocr_carea' id='block_1_104' title="bbox 850 5653 2396 5732">
    <p class='ocr_par' dir='ltr' id='par_1_104' title="bbox 850 5653 2396 5732">
     <span class='ocr_line' id='line_1_104' title="bbox 850 5653 2396 5732; baseline 0.008 -28"><span class='ocrx_word' id='word_1_795' title='bbox 850 5654 937 5732; x_wconf 56' lang='lat' dir='ltr'><strong>r_it:</strong></span> <span class='ocrx_word' id='word_1_796' title='bbox 984 5653 1153 5732; x_wconf 77' lang='lat' dir='ltr'><strong>Quam</strong></span> <span class='ocrx_word' id='word_1_797' title='bbox 1198 5656 1365 5732; x_wconf 74' lang='lat' dir='ltr'><strong>sancti</strong></span> <span class='ocrx_word' id='word_1_798' title='bbox 1405 5653 1578 5732; x_wconf 73' lang='lat' dir='ltr'><strong>Patris</strong></span> <span class='ocrx_word' id='word_1_799' title='bbox 1606 5653 1937 5732; x_wconf 77' lang='lat' dir='ltr'><strong>sententiam,</strong></span> <span class='ocrx_word' id='word_1_800' title='bbox 1972 5678 2090 5732; x_wconf 71' lang='lat' dir='ltr'><strong>qua:</strong></span> <span class='ocrx_word' id='word_1_801' title='bbox 2127 5663 2396 5732; x_wconf 87' lang='lat' dir='ltr'><strong>quidpiam</strong></span> 
     </span>
    </p>
   </div>
   <div class='ocr_carea' id='block_1_105' title="bbox 850 5719 2398 5800">
    <p class='ocr_par' dir='ltr' id='par_1_105' title="bbox 850 5719 2398 5800">
     <span class='ocr_line' id='line_1_105' title="bbox 850 5719 2398 5800; baseline 0.008 -27"><span class='ocrx_word' id='word_1_802' title='bbox 850 5719 1117 5791; x_wconf 82' lang='lat' dir='ltr'><strong>Pelagiani</strong></span> <span class='ocrx_word' id='word_1_803' title='bbox 1144 5724 1342 5779; x_wconf 74' lang='lat' dir='ltr'><strong>erroris</strong></span> <span class='ocrx_word' id='word_1_804' title='bbox 1373 5725 1607 5781; x_wconf 87' lang='lat' dir='ltr'><strong>redolere</strong></span> <span class='ocrx_word' id='word_1_805' title='bbox 1634 5728 1797 5783; x_wconf 79' lang='lat' dir='ltr'><strong>videri</strong></span> <span class='ocrx_word' id='word_1_806' title='bbox 1823 5719 2021 5800; x_wconf 68' lang='lat' dir='ltr'><strong>possei,</strong></span> <span class='ocrx_word' id='word_1_807' title='bbox 2049 5719 2303 5786; x_wconf 72' lang='lat' dir='ltr'><strong>Alcuinus</strong></span> <span class='ocrx_word' id='word_1_808' title='bbox 2333 5733 2398 5785; x_wconf 90' lang='lat' dir='ltr'><strong>ad</strong></span> 
     </span>
    </p>
   </div>
   <div class='ocr_carea' id='block_1_106' title="bbox 2489 4551 4048 4623">
    <p class='ocr_par' dir='ltr' id='par_1_106' title="bbox 2489 4551 4048 4623">
     <span class='ocr_line' id='line_1_106' title="bbox 2489 4551 4048 4623; baseline 0.003 -18"><span class='ocrx_word' id='word_1_809' title='bbox 2489 4551 2666 4622; x_wconf 80' lang='lat' dir='ltr'><strong>gandi.</strong></span> <span class='ocrx_word' id='word_1_810' title='bbox 2693 4552 2923 4623; x_wconf 89' lang='lat' dir='ltr'><strong>Tempus</strong></span> <span class='ocrx_word' id='word_1_811' title='bbox 2944 4554 3300 4623; x_wconf 83' lang='lat' dir='ltr'><strong>amplexandi,</strong></span> <span class='ocrx_word' id='word_1_812' title='bbox 3322 4556 3446 4610; x_wconf 91' lang='lat' dir='ltr'><strong>dum</strong></span> <span class='ocrx_word' id='word_1_813' title='bbox 3473 4555 3673 4610; x_wconf 89' lang='lat' dir='ltr'><strong>dictum</strong></span> <span class='ocrx_word' id='word_1_814' title='bbox 3689 4565 3792 4620; x_wconf 89' lang='lat' dir='ltr'><strong>est,</strong></span> <span class='ocrx_word' id='word_1_815' title='bbox 3822 4554 4048 4611; x_wconf 83' lang='lat' dir='ltr'><strong>Crescite</strong></span> 
     </span>
    </p>
   </div>
   <div class='ocr_carea' id='block_1_107' title="bbox 2487 4638 4047 4715">
    <p class='ocr_par' dir='ltr' id='par_1_107' title="bbox 2487 4638 4047 4715">
     <span class='ocr_line' id='line_1_107' title="bbox 2487 4638 4047 4715; baseline 0.004 -22"><span class='ocrx_word' id='word_1_816' title='bbox 2487 4650 2533 4693; x_wconf 88' lang='lat' dir='ltr'><strong>et</strong></span> <span class='ocrx_word' id='word_1_817' title='bbox 2565 4638 2979 4711; x_wconf 76' lang='lat' dir='ltr'><strong>multiplicamini</strong></span> <span class='ocrx_word' id='word_1_818' title='bbox 3024 4642 3175 4714; x_wconf 81' lang='lat' dir='ltr'><strong>(Gen.</strong></span> <span class='ocrx_word' id='word_1_819' title='bbox 3217 4660 3255 4707; x_wconf 86' lang='grc' dir='ltr'><strong>ι,</strong></span> <span class='ocrx_word' id='word_1_820' title='bbox 3297 4644 3420 4715; x_wconf 72' lang='lat'><strong>28);</strong></span> <span class='ocrx_word' id='word_1_821' title='bbox 3450 4653 3660 4712; x_wconf 89' lang='lat' dir='ltr'><strong>tempus</strong></span> <span class='ocrx_word' id='word_1_822' title='bbox 3685 4645 3839 4712; x_wconf 84' lang='lat' dir='ltr'><strong>longe</strong></span> <span class='ocrx_word' id='word_1_823' title='bbox 3867 4643 3984 4699; x_wconf 80' lang='lat' dir='ltr'><strong>ﬁcri</strong></span> <span class='ocrx_word' id='word_1_824' title='bbox 4016 4661 4047 4699; x_wconf 93' lang='lat' dir='ltr'><strong>a</strong></span> 
     </span>
    </p>
   </div>
   <div class='ocr_carea' id='block_1_108' title="bbox 2488 4720 4047 4803">
    <p class='ocr_par' dir='ltr' id='par_1_108' title="bbox 2488 4720 4047 4803">
     <span class='ocr_line' id='line_1_108' title="bbox 2488 4720 4047 4803; baseline 0.002 -18"><span class='ocrx_word' id='word_1_825' title='bbox 2488 4731 2885 4799; x_wconf 89' lang='lat' dir='ltr'><strong>complexibus,</strong></span> <span class='ocrx_word' id='word_1_826' title='bbox 2932 4732 3021 4787; x_wconf 90' lang='lat' dir='ltr'><strong>ubi</strong></span> <span class='ocrx_word' id='word_1_827' title='bbox 3067 4720 3176 4797; x_wconf 85' lang='lat' dir='ltr'><strong>ait,</strong></span> <span class='ocrx_word' id='word_1_828' title='bbox 3220 4732 3370 4787; x_wconf 87' lang='lat' dir='ltr'><strong>Dabo</strong></span> <span class='ocrx_word' id='word_1_829' title='bbox 3422 4733 3738 4803; x_wconf 80' lang='lat' dir='ltr'><strong>spadonibus</strong></span> <span class='ocrx_word' id='word_1_830' title='bbox 3782 4732 3952 4787; x_wconf 85' lang='lat' dir='ltr'><strong>locum</strong></span> <span class='ocrx_word' id='word_1_831' title='bbox 3993 4735 4047 4789; x_wconf 77' lang='lat' dir='ltr'><strong>in</strong></span> 
     </span>
    </p>
   </div>
   <div class='ocr_carea' id='block_1_109' title="bbox 2488 4820 4049 4894">
    <p class='ocr_par' dir='ltr' id='par_1_109' title="bbox 2488 4820 4049 4894">
     <span class='ocr_line' id='line_1_109' title="bbox 2488 4820 4049 4894; baseline 0.001 -21"><span class='ocrx_word' id='word_1_832' title='bbox 2488 4821 2641 4874; x_wconf 88' lang='lat' dir='ltr'><strong>domo</strong></span> <span class='ocrx_word' id='word_1_833' title='bbox 2662 4838 2776 4875; x_wconf 83' lang='lat' dir='ltr'><strong>mea</strong></span> <span class='ocrx_word' id='word_1_834' title='bbox 2797 4822 3061 4875; x_wconf 89' lang='lat' dir='ltr'><strong>meliorem</strong></span> <span class='ocrx_word' id='word_1_835' title='bbox 3081 4838 3114 4874; x_wconf 89' lang='lat' dir='ltr'><strong>a</strong></span> <span class='ocrx_word' id='word_1_836' title='bbox 3134 4822 3259 4889; x_wconf 77' lang='lat' dir='ltr'><strong>filiis</strong></span> <span class='ocrx_word' id='word_1_837' title='bbox 3281 4832 3329 4875; x_wconf 89' lang='lat' dir='ltr'><strong>et</strong></span> <span class='ocrx_word' id='word_1_838' title='bbox 3350 4820 3580 4889; x_wconf 78' lang='lat' dir='ltr'><strong>filiabus,</strong></span> <span class='ocrx_word' id='word_1_839' title='bbox 3594 4822 3765 4877; x_wconf 76' lang='lat' dir='ltr'><strong>locum</strong></span> <span class='ocrx_word' id='word_1_840' title='bbox 3783 4825 4049 4894; x_wconf 85' lang='lat' dir='ltr'><strong>sempiter-</strong></span> 
     </span>
    </p>
   </div>
   <div class='ocr_carea' id='block_1_110' title="bbox 2491 4908 4048 4981">
    <p class='ocr_par' dir='ltr' id='par_1_110' title="bbox 2491 4908 4048 4981">
     <span class='ocr_line' id='line_1_110' title="bbox 2491 4908 4048 4981; baseline 0.003 -20"><span class='ocrx_word' id='word_1_841' title='bbox 2491 4924 2634 4961; x_wconf 85' lang='lat' dir='ltr'><strong>num.</strong></span> <span class='ocrx_word' id='word_1_842' title='bbox 2678 4908 2892 4965; x_wconf 83' lang='lat' dir='ltr'><strong>Aliter:</strong></span> <span class='ocrx_word' id='word_1_843' title='bbox 2949 4910 3179 4980; x_wconf 90' lang='lat' dir='ltr'><strong>Tempus</strong></span> <span class='ocrx_word' id='word_1_844' title='bbox 3208 4918 3291 4965; x_wconf 88' lang='lat' dir='ltr'><strong>est</strong></span> <span class='ocrx_word' id='word_1_845' title='bbox 3331 4911 3645 4979; x_wconf 82' lang='lat' dir='ltr'><strong>sapientiam</strong></span> <span class='ocrx_word' id='word_1_846' title='bbox 3688 4911 4048 4981; x_wconf 84' lang='lat' dir='ltr'><strong>amplexandi,</strong></span> 
     </span>
    </p>
   </div>
   <div class='ocr_carea' id='block_1_111' title="bbox 2491 4996 4049 5069">
    <p class='ocr_par' dir='ltr' id='par_1_111' title="bbox 2491 4996 4049 5069">
     <span class='ocr_line' id='line_1_111' title="bbox 2491 4996 4049 5069; baseline 0.001 -18"><span class='ocrx_word' id='word_1_847' title='bbox 2491 4996 2542 5051; x_wconf 92' lang='lat' dir='ltr'><strong>id</strong></span> <span class='ocrx_word' id='word_1_848' title='bbox 2566 5004 2668 5063; x_wconf 89' lang='lat' dir='ltr'><strong>est,</strong></span> <span class='ocrx_word' id='word_1_849' title='bbox 2699 4998 2765 5053; x_wconf 89' lang='lat' dir='ltr'><strong>de</strong></span> <span class='ocrx_word' id='word_1_850' title='bbox 2792 4998 3100 5054; x_wconf 65' lang='lat' dir='ltr'><strong>caelestibus</strong></span> <span class='ocrx_word' id='word_1_851' title='bbox 3122 5001 3412 5069; x_wconf 76' lang='lat' dir='ltr'><strong>cogitandi,</strong></span> <span class='ocrx_word' id='word_1_852' title='bbox 3442 5008 3498 5055; x_wconf 93' lang='lat' dir='ltr'><strong>et</strong></span> <span class='ocrx_word' id='word_1_853' title='bbox 3524 5009 3729 5069; x_wconf 86' lang='lat' dir='ltr'><strong>tempus</strong></span> <span class='ocrx_word' id='word_1_854' title='bbox 3747 5007 3831 5053; x_wconf 89' lang='lat' dir='ltr'><strong>est</strong></span> <span class='ocrx_word' id='word_1_855' title='bbox 3854 4999 4049 5054; x_wconf 85' lang='lat' dir='ltr'><strong>iterum</strong></span> 
     </span>
    </p>
   </div>
   <div class='ocr_carea' id='block_1_112' title="bbox 2491 5083 4047 5159">
    <p class='ocr_par' dir='ltr' id='par_1_112' title="bbox 2491 5083 4047 5159">
     <span class='ocr_line' id='line_1_112' title="bbox 2491 5083 4047 5159; baseline 0.001 -18"><span class='ocrx_word' id='word_1_856' title='bbox 2491 5102 2675 5142; x_wconf 89' lang='lat' dir='ltr'><strong>curam</strong></span> <span class='ocrx_word' id='word_1_857' title='bbox 2702 5089 2941 5156; x_wconf 87' lang='lat' dir='ltr'><strong>corporis</strong></span> <span class='ocrx_word' id='word_1_858' title='bbox 2968 5089 3176 5158; x_wconf 85' lang='lat' dir='ltr'><strong>agendi.</strong></span> <span class='ocrx_word' id='word_1_859' title='bbox 3206 5089 3434 5157; x_wconf 88' lang='lat' dir='ltr'><strong>Tempus</strong></span> <span class='ocrx_word' id='word_1_860' title='bbox 3458 5083 3773 5159; x_wconf 81' lang='lat' dir='ltr'><strong>acquirendi</strong></span> <span class='ocrx_word' id='word_1_861' title='bbox 3790 5087 4047 5155; x_wconf 88' lang='lat' dir='ltr'><strong>populum</strong></span> 
     </span>
    </p>
   </div>
   <div class='ocr_carea' id='block_1_113' title="bbox 2491 5174 4049 5247">
    <p class='ocr_par' dir='ltr' id='par_1_113' title="bbox 2491 5174 4049 5247">
     <span class='ocr_line' id='line_1_113' title="bbox 2491 5174 4049 5247; baseline 0.001 -16"><span class='ocrx_word' id='word_1_862' title='bbox 2491 5192 2557 5231; x_wconf 87' lang='lat' dir='ltr'><strong>ex</strong></span> <span class='ocrx_word' id='word_1_863' title='bbox 2601 5178 2868 5247; x_wconf 76' lang='lat' dir='ltr'><strong>gentibus,</strong></span> <span class='ocrx_word' id='word_1_864' title='bbox 2915 5186 2970 5231; x_wconf 89' lang='lat' dir='ltr'><strong>et</strong></span> <span class='ocrx_word' id='word_1_865' title='bbox 3018 5186 3227 5243; x_wconf 84' lang='lat' dir='ltr'><strong>tempus</strong></span> <span class='ocrx_word' id='word_1_866' title='bbox 3266 5177 3521 5245; x_wconf 90' lang='lat' dir='ltr'><strong>perdendi</strong></span> <span class='ocrx_word' id='word_1_867' title='bbox 3566 5175 3815 5246; x_wconf 84' lang='lat' dir='ltr'><strong>pepulum</strong></span> <span class='ocrx_word' id='word_1_868' title='bbox 3841 5174 4049 5233; x_wconf 66' lang='lat' dir='ltr'><strong>Judmo-</strong></span> 
     </span>
    </p>
   </div>
   <div class='ocr_carea' id='block_1_114' title="bbox 2493 5265 4047 5333">
    <p class='ocr_par' dir='ltr' id='par_1_114' title="bbox 2493 5265 4047 5333">
     <span class='ocr_line' id='line_1_114' title="bbox 2493 5265 4047 5333; baseline 0 -13"><span class='ocrx_word' id='word_1_869' title='bbox 2493 5282 2632 5320; x_wconf 88' lang='lat' dir='ltr'><strong>rum.</strong></span> <span class='ocrx_word' id='word_1_870' title='bbox 2679 5267 2909 5333; x_wconf 89' lang='lat' dir='ltr'><strong>Tempus</strong></span> <span class='ocrx_word' id='word_1_871' title='bbox 2951 5266 3283 5320; x_wconf 88' lang='lat' dir='ltr'><strong>custodiendi</strong></span> <span class='ocrx_word' id='word_1_872' title='bbox 3311 5266 3589 5319; x_wconf 87' lang='lat' dir='ltr'><strong>credentes</strong></span> <span class='ocrx_word' id='word_1_873' title='bbox 3632 5280 3697 5318; x_wconf 82' lang='lat' dir='ltr'><strong>ex</strong></span> <span class='ocrx_word' id='word_1_874' title='bbox 3726 5265 4047 5329; x_wconf 85' lang='lat' dir='ltr'><strong>nationibus,</strong></span> 
     </span>
    </p>
   </div>
   <div class='ocr_carea' id='block_1_115' title="bbox 2493 5353 4051 5424">
    <p class='ocr_par' dir='ltr' id='par_1_115' title="bbox 2493 5353 4051 5424">
     <span class='ocr_line' id='line_1_115' title="bbox 2493 5353 4051 5424; baseline -0.001 -13"><span class='ocrx_word' id='word_1_875' title='bbox 2493 5364 2547 5411; x_wconf 86' lang='lat' dir='ltr'><strong>et</strong></span> <span class='ocrx_word' id='word_1_876' title='bbox 2576 5364 2785 5423; x_wconf 88' lang='lat' dir='ltr'><strong>tempus</strong></span> <span class='ocrx_word' id='word_1_877' title='bbox 2830 5354 3110 5424; x_wconf 86' lang='lat' dir='ltr'><strong>abjicieudi</strong></span> <span class='ocrx_word' id='word_1_878' title='bbox 3157 5354 3455 5408; x_wconf 86' lang='lat' dir='ltr'><strong>incredulos</strong></span> <span class='ocrx_word' id='word_1_879' title='bbox 3494 5368 3560 5407; x_wconf 78' lang='lat' dir='ltr'><strong>cx</strong></span> <span class='ocrx_word' id='word_1_880' title='bbox 3596 5353 3777 5409; x_wconf 88' lang='lat' dir='ltr'><strong>Israel.</strong></span> <span class='ocrx_word' id='word_1_881' title='bbox 3818 5353 4051 5422; x_wconf 86' lang='lat' dir='ltr'><strong>Tempus</strong></span> 
     </span>
    </p>
   </div>
   <div class='ocr_carea' id='block_1_116' title="bbox 2495 5528 4046 5600">
    <p class='ocr_par' dir='ltr' id='par_1_116' title="bbox 2495 5528 4046 5600">
     <span class='ocr_line' id='line_1_116' title="bbox 2495 5528 4046 5600; baseline -0.001 -16"><span class='ocrx_word' id='word_1_882' title='bbox 2495 5530 2772 5584; x_wconf 67' lang='lat' dir='ltr'><strong>catholicae</strong></span> <span class='ocrx_word' id='word_1_883' title='bbox 2804 5532 3056 5585; x_wconf 68' lang='lat' dir='ltr'><strong>doctrina:</strong></span> <span class='ocrx_word' id='word_1_884' title='bbox 3084 5546 3296 5585; x_wconf 79' lang='lat' dir='ltr'><strong>sensum</strong></span> <span class='ocrx_word' id='word_1_885' title='bbox 3320 5572 3333 5592; x_wconf 89' lang='lat'><strong>,</strong></span> <span class='ocrx_word' id='word_1_886' title='bbox 3380 5532 3470 5599; x_wconf 85' lang='lat' dir='ltr'><strong>qui</strong></span> <span class='ocrx_word' id='word_1_887' title='bbox 3516 5528 4046 5600; x_wconf 14' lang='lat' dir='ltr'><strong>postAHieronymnm</strong></span> 
     </span>
    </p>
   </div>
   <div class='ocr_carea' id='block_1_117' title="bbox 2496 5597 4045 5669">
    <p class='ocr_par' dir='ltr' id='par_1_117' title="bbox 2496 5597 4045 5669">
     <span class='ocr_line' id='line_1_117' title="bbox 2496 5597 4045 5669; baseline -0.002 -17"><span class='ocrx_word' id='word_1_888' title='bbox 2496 5600 2693 5653; x_wconf 87' lang='lat' dir='ltr'><strong>clarius</strong></span> <span class='ocrx_word' id='word_1_889' title='bbox 2718 5601 3202 5669; x_wconf 19' lang='lat' dir='ltr'><strong>ubiqueﬁtcrraruni</strong></span> <span class='ocrx_word' id='word_1_890' title='bbox 3235 5597 3483 5669; x_wconf 79' lang='lat' dir='ltr'><strong>deﬁnitus</strong></span> <span class='ocrx_word' id='word_1_891' title='bbox 3517 5597 3619 5659; x_wconf 79' lang='lat' dir='ltr'><strong>est,</strong></span> <span class='ocrx_word' id='word_1_892' title='bbox 3650 5597 4045 5669; x_wconf 73' lang='lat' dir='ltr'><strong>ita_ex__ingenio</strong></span> 
     </span>
    </p>
   </div>
   <div class='ocr_carea' id='block_1_118' title="bbox 2498 5663 3969 5739">
    <p class='ocr_par' dir='ltr' id='par_1_118' title="bbox 2498 5663 3969 5739">
     <span class='ocr_line' id='line_1_118' title="bbox 2498 5663 3969 5739; baseline -0.003 -17"><span class='ocrx_word' id='word_1_893' title='bbox 2498 5663 2844 5739; x_wconf 48' lang='lat' dir='ltr'><strong>temperavit:</strong></span> <span class='ocrx_word' id='word_1_894' title='bbox 2872 5668 3089 5739; x_wconf 82' lang='lat' dir='ltr'><strong>(Editor&#39;</strong></span> <span class='ocrx_word' id='word_1_895' title='bbox 3118 5667 3416 5723; x_wconf 75' lang='lat' dir='ltr'><strong>Veronensis</strong></span> <span class='ocrx_word' id='word_1_896' title='bbox 3450 5666 3671 5736; x_wconf 78' lang='lat' dir='ltr'><strong>Operam</strong></span> <span class='ocrx_word' id='word_1_897' title='bbox 3704 5663 3760 5722; x_wconf 87' lang='lat' dir='ltr'><strong>S.</strong></span> <span class='ocrx_word' id='word_1_898' title='bbox 3793 5663 3969 5737; x_wconf 74' lang='lat' dir='ltr'><strong>Hier.)</strong></span> 
     </span>
    </p>
   </div>
  </div>
