4338 6430
179 553 264 609 681

1011 550 1413 607 ιειεοειιοιι.
1455 579 1522 588 -
1557 512 1907 602 munem.
1947 545 2013 598 lN
2052 543 2577 600 scussusren.

3291 545 3394 599 68‘

177 662 464 726 scindendi,
491 670 546 716 et
576 670 783 730 tempus
804 660 1113 715 consuendi.
1138 659 1249 714 Sub
1273 659 1500 713 diversis
1526 672 1730 712 sermo-
1757 665 1806 720 Α
1834 662 1932 706 est.
1971 653 2087 707 Non
2129 662 2186 706 ut
2215 653 2282 707 ad
2313 654 2737 723 desperationem
2764 663 2815 707 et
2845 653 3109 707 luxuriam
3139 668 3394 722 provoce-

177 751 327 808 nibus
356 750 498 804 idem
529 764 671 803 nunc
711 750 800 818 qui
837 764 994 817 supra
1023 763 1212 803 sensus
1237 757 1322 802 est
1342 789 1356 812 ,
1386 748 1438 810 in
1466 761 1560 811 eo,
1590 745 1732 814 quod

178 843 266 905 ait,
291 849 502 908 tempus
529 837 856 902 destruendi,
883 845 938 892 et
961 846 1168 906 tempus
1194 836 1519 900 tedificandi;
1547 850 1611 888 ac
1644 834 1734 889 de-

180 929 293 982 inde
317 936 528 996 tempus
547 926 840 989 scindendi,
862 935 916 979 et
940 935 1144 994 tempus
1177 925 1467 979 consuendi
1513 942 1526 977 :
1578 923 1734 978 modo

177 1020 311 1073 enim
334 1017 615 1090 Synagoga
637 1017 948 1080 destruitur,
986 1003 1046 1069 ut
1071 1014 1360 1070 mdiiicetur
1396 1013 1655 1076 Ecclesia,
1682 1019 1736 1066 et

178 1109 392 1178 alligant
419 1109 705 1176 scissiones
750 1107 967 1178 legales,
999 1115 1058 1160 ut
1095 1106 1372 1175 Evangelii.
1402 1105 1569 1176 gloria
1609 1119 1736 1160 con-

177 1209 393 1255 susntur
419 1198 570 1271 [Hs.,
597 1201 656 1252 ut
679 1197 964 1267 Evangelia
995 1195 1365 1266 consuantur].
1399 1194 1552 1260 Quod
1577 1209 1737 1248 evan-

177 1289 373 1362 gelista:
397 1288 587 1359 singuli
614 1294 1011 1356 perpetrat-unt,
1042 1286 1106 1340 de
1123 1285 1240 1354 lege
1264 1293 1321 1338 'et
1345 1283 1621 1353 prophetis
1646 1281 1738 1335 ad-

175 1386 364 1432 ventus
392 1377 652 1432 Dominici
685 1375 984 1428 testimonia
1010 1381 1350 1428 consuentes.
1395 1373 1626 1440 Tempus
1653 1380 1735 1423 ta-

174 1466 351 1529 cendi,
387 1473 446 1518 ut
497 1465 766 1519 discamus
794 1479 912 1532 qua:
956 1463 1062 1516 sint
1107 1461 1376 1525 docenda;
1424 1469 1633 1528 tempus
1664 1459 1740 1512 lo-

175 1555 402 1624 quendi,
458 1563 518 1607 ut
566 1554 853 1608 doceamus
884 1567 1006 1622 quas
1049 1559 1198 1606 recte
1236 1551 1538 1604 didicimus.
1597 1549 1738 1602 Nihil

178 1645 329 1699 nobis
356 1646 600 1699 videatur
639 1649 842 1698 rectum
881 1657 1017 1704 esse,
1057 1643 1158 1696 nisi
1188 1641 1329 1709 quod
1361 1641 1636 1703 discimus,
1683 1648 1741 1691 ut

175 1745 293 1806 post
328 1736 551 1789 multum
578 1736 868 1800 silentium,
907 1735 972 1789 de
993 1733 1270 1802 discipulis
1303 1730 1596 1786 elﬁciamur
1629 1745 1742 1783 ma-

179 1826 347 1893 gistri.
378 1825 610 1891 Tempus
636 1823 848 1879 amandi
878 1824 1069 1893 legem,
1088 1832 1143 1878 et
1169 1837 1231 1877 ea
1261 1837 1378 1890 quae
1401 1835 1468 1874 ex
1492 1821 1604 1889 lege
1633 1819 1743 1872 fue-

179 1916 284 1969 rint
320 1916 578 1983 imperata
619 1937 632 1968 :
684 1916 1167 1979 circumcisionem,
1223 1915 1448 1978 hostias,
1497 1913 1738 1973 sabbata,

1837 760 1975 808 mur,
2003 745 2096 798 sed
2137 745 2392 797 habentes
2421 744 2618 796 victum
2663 753 2718 797 et
2755 744 3000 797 vestitum
3041 743 3126 797 bis
3163 745 3397 798 contenzi

1837 833 2022 896 simus,
2057 842 2111 886 et
2143 830 2398 901 quidquid
2428 830 2545 900 plus
2573 839 2657 885 est
2698 833 3016 887 necessitate
3053 832 3312 901 corporis,
3345 832 3400 885 in

1835 937 2126 992 pauperum
2169 921 2500 990 expendatur
2537 920 2746 974 solatia.
2785 921 2916 986 Quia
2956 922 3095 975 sicut
3122 935 3248 976 caro
3281 920 3404 975 cibo

1838 1012 1997 1065 alitur
2032 1021 2084 1066 et
2121 1008 2270 1080 potu,
2298 1011 2371 1063 ita
2417 1011 2592 1064 anima
2633 1010 2984 1080 eleemosynis
3011 1026 3322 1081 pauperum,
3351 1020 3404 1064 et

1837 1100 2041 1155 solatiis
2069 1097 2410 1153 miserorum.
2437 1099 2596 1154 Juxta
2622 1115 2913 1170 anagogen,
2946 1116 3107 1155 verus
3135 1103 3288 1156 cibus
3321 1113 3406 1158 est

1837 1203 1963 1242 caro
1987 1186 2207 1252 Christi,
2233 1196 2287 1241 et
2315 1201 2474 1241 verus
2515 1198 2673 1257 potus
2699 1191 2917 1260 sanguis
2948 1188 3082 1257 ejus,
3115 1192 3254 1245 sicut
3291 1191 3404 1260 ipsc

1832 1277 2095 1331 Dominus
2121 1277 2196 1330 ait
2238 1293 2251 1328 :
2298 1275 2401 1341 Qui
2427 1276 2706 1330 manducat
2746 1295 2953 1332 carnem
2982 1296 3167 1342 meam,
3192 1288 3237 1332 et
3281 1279 3404 1332 bibit

1837 1369 2142 1438 sanguinem
2169 1383 2360 1431 meum,
2390 1367 2443 1419 in
2472 1382 2551 1419 me
2587 1377 2776 1433 manet,
2807 1378 2854 1421 et
2877 1385 2970 1438 ego
3003 1370 3058 1422 in
3096 1369 3186 1422 illo
3222 1370 3403 1440 (Joan.

1839 1481 1912 1530 vt,
1941 1464 2049 1535 57).
2078 1464 2135 1518 In
2165 1465 2267 1518 hac
2288 1463 2390 1516 cibi
2415 1468 2470 1514 et
2494 1472 2653 1529 potus
2682 1462 2909 1531 spiritali
2943 1463 3277 1532 iucunditate
3318 1461 3381 1515 ιω

1840 1554 1943 1606 tari
1984 1554 2261 1616 debemus,
2295 1567 2401 1605 non
2443 1552 2614 1606 solum
2641 1552 2696 1604 in
2727 1552 3007 1620 mysterio,
3039 1550 3131 1605 sed
3159 1551 3320 1604 etiam
3351 1550 3404 1602 in

1839 1643 2066 1696 lectione
2110 1649 2415 1694 sanctarum
2445 1639 2868 1708 Scripturarum,
2915 1641 3004 1694 ubi
3048 1655 3330 1709 pascantur
3357 1649 3410 1692 et

1839 1743 2087 1802 potemur
2112 1733 2175 1786 dc
2210 1732 2352 1801 ligno
2377 1731 2519 1795 vitae,
2541 1731 2681 1799 quod
2707 1730 3002 1798 plantatum
3032 1739 3116 1784 est
3141 1746 3296 1787 secus
3317 1731 3409 1785 de-

1841 1837 2032 1876 cursus
2057 1837 2338 1890 aquarum.
3079 1889 3083 1892 .
3289 1823 3294 1827 “

1916 1915 2076 1968 Vens.
2142 1913 2226 1965 H.
2286 1943 2358 1952 --
2416 1913 2591 1966 Didici
2643 1913 2780 1983 quod
2844 1913 3018 1967 omnia
3077 1929 3232 1982 opera
3296 1929 3413 1982 qua:

182 2005 524 2068 neomenias;
562 2012 615 2058 et
653 2012 862 2074 tempus
893 2002 1106 2058 odiendi
1135 2017 1226 2066 ea,
1266 2002 1536 2068 Evangelii
1576 2002 1745 2070 gratia
1775 1999 1820 2057 Β
1848 2006 1966 2074 fecit
2020 2005 2163 2058 Deus
2191 2044 2206 2068 ,
2253 2014 2570 2075 perseverent
2616 2005 2670 2057 in
2707 2013 3040 2073 perpetuum,
3090 2019 3194 2056 non
3233 2019 3416 2072 possu-

175 2095 513 2148 succedente.
564 2094 796 2163 Tempus
835 2093 980 2157 belli,
1023 2103 1079 2147 et
1123 2101 1332 2162 tempus
1368 2093 1533 2160 pacis.
1567 2091 1746 2156 Quan-

173 2185 270 2240 diu
294 2185 348 2238 in
371 2185 474 2238 hoc
499 2183 693 2238 saeculo
715 2199 927 2248 sumus,
951 2192 1166 2252 tempus
1195 2190 1277 2236 est
1302 2182 1424 2236 belli
1449 2199 1462 2234 :
1491 2196 1612 2235 eum
1642 2181 1742 2234 mi-

175 2274 515 2346 graverimus
539 2281 722 2328 autem
749 2273 816 2327 de
850 2273 954 2328 hoc
979 2273 1193 2337 saeculo,
1237 2273 1388 2342 pacis
1417 2281 1627 2340 tempus
1654 2271 1745 2325 ad—

176 2363 360 2416 veniet
403 2363 509 2416 :in
539 2377 672 2431 pace
711 2371 793 2417 est
821 2361 938 2416 laus
976 2362 1068 2417 Dei
1118 2362 1313 2434 [Hier.,
1344 2362 1492 2416 locus
1522 2360 1664 2433 Dei],
1689 2370 1746 2414 et

177 2451 374 2507 civitas
393 2460 576 2506 nostra
609 2451 940 2507 Hierusalem
971 2452 1034 2506 de
1061 2467 1191 2521 pace
1221 2451 1407 2505 sortita
1429 2451 1747 2505 vocabulum

172 2549 279 2596 est.
314 2538 482 2594 Nemo
509 2535 639 2612 ergo
663 2556 804 2594 nunc
833 2555 890 2595 se
918 2549 1068 2609 putet
1097 2556 1216 2595 esse
1251 2555 1502 2595 securum
1528 2540 1582 2592 in
1609 2547 1744 2592 tem-

175 2646 308 2702 pore
347 2631 497 2697 belli,
537 2631 627 2685 ubi
662 2631 976 2685 certandum
1023 2639 1123 2693 est,
1165 2638 1218 2683 et
1260 2630 1553 2698 apostolica
1601 2643 1748 2682 arma

171 2724 454 2777 tractanda
483 2761 498 2790 ,
551 2730 613 2778 ut
657 2723 891 2778 victores
937 2720 1203 2790 quondam
1247 2721 1644 2789 requiescamus
1693 2721 1749 2772 in

175 2829 412 2972 932.30
436 2901 597 2955 Vnus.
639 2901 787 2955 9-H.
825 2929 898 2940 ——
925 2899 1073 2964 Quid.
1093 2902 1242 2954 habet
1262 2902 1415 2953 homo
1446 2900 1667 2968 amplius
1687 2899 1750 2952 de

172 2991 355 3045 labore
381 2989 522 3047 suo?
549 2991 656 3043 uidi
679 2991 1002 3061 aﬂlictionern
1021 3006 1178 3060 quam
1197 2990 1334 3042 dedit
1360 2988 1500 3040 Deus
1517 2988 1643 3055 ﬁliis
1659 2989 1751 3040 ho-

174 3084 398 3138 minum.
439 3081 639 3136 Cuncta
662 3083 782 3153 fecit
805 3082 937 3136 bona
964 3083 1017 3136 in
1042 3094 1265 3152 tempore
1284 3097 1398 3144 suo,
1426 3089 1473 3134 et
1500 3079 1750 3134 mundum

173 3172 396 3227 tradidit
431 3172 769 3242 disputationi
815 3189 1017 3236 eorum,
1064 3181 1120 3224 ut
1170 3187 1272 3224 non
1325 3169 1553 3223 inveniat
1599 3167 1752 3221 homo

171 3281 309 3334 opus
334 3263 474 3334 quod
497 3272 738 3332 operatus
762 3270 837 3314 est
864 3260 1005 3314 Deus
1029 3261 1092 3314 ab
1115 3261 1264 3314 initio
1289 3276 1448 3328 usque
1478 3257 1547 3311 ad
1572 3259 1748 3326 finem.

175 3326 430 3420 Plerique
465 3326 654 3420 putant
687 3351 790 3405 hoc
817 3350 882 3404 de
915 3348 1186 3418 magistris
1224 3362 1343 3402 esse
1363 3326 1600 3410 dictum,
1633 3347 1752 3415 qui-
1775 3326 1826 3389 (ἶ

176 3445 283 3499 bus
327 3442 468 3498 Deus
495 3439 642 3495 dedit
687 3455 923 3504 sensum,
967 3449 1026 3493 ut
1069 3445 1375 3507 quaererent
1402 3446 1626 3491 naturas
1663 3451 1754 3491 re-

175 3549 325 3599 rum,
348 3541 405 3588 et
432 3531 743 3588 Creatorem
772 3531 1052 3586 laudarent
1079 3544 1144 3584 ex
1189 3531 1290 3594 eis,
1319 3544 1387 3582 ne
1413 3527 1549 3582 forte
1582 3529 1755 3582 otiosa

177 3635 338 3677 mens
378 3629 710 3688 torpesceret
734 3628 789 3674 et
830 3621 884 3674 in
912 3620 1039 3672 vitia
1083 3626 1379 3673 eorrueret.
1413 3618 1570 3672 Prius
1610 3618 1755 3671 enim

176 3709 482 3780 disputavit
512 3709 578 3762 de
605 3709 918 3762 diversitate
945 3716 1244 3776 temporum
1267 3715 1322 3760 et
1343 3707 1604 3760 varietate
1643 3721 1761 3759 mu-

177 3801 433 3859 tabilium
482 3813 680 3862 rerum,
730 3814 873 3852 nunc
923 3797 1054 3852 dicit
1095 3815 1108 3850 :
1161 3797 1301 3860 Quid
1347 3797 1499 3849 habet
1537 3795 1758 3864 amplius

177 3893 339 3947 homo
364 3891 429 3946 de
451 3889 629 3944 labore
655 3906 769 3951 suo,
794 3888 897 3942 nisi
927 3895 987 3942 ut
1014 3888 1283 3955 sapienter
1305 3886 1568 3954 intelligat
1596 3885 1760 3940 Crea-

180 3997 360 4042 torem
386 3985 607 4040 laudare
630 3984 684 4037 in
711 3983 974 4038 creaturis
1001 3983 1114 4037 suis
1142 3995 1240 4036 nec
1267 3981 1555 4050 quicquam
1586 3979 1640 4033 in
1657 3979 1762 4034 hoc

181 4073 386 4130 θεοωο
405 4079 720 4142 perpetuum
743 4073 965 4141 putare?
992 4071 1127 4137 Quid
1149 4071 1291 4125 enim
1313 4069 1542 4137 amplius
1563 4069 1763 4124 habere

181 4177 476 4235 possumus
521 4162 576 4216 in
621 4161 724 4215 hoc
773 4161 969 4214 sreculo
1018 4159 1329 4223 laborando,
1369 4175 1529 4227 quam
1567 4167 1625 4213 ut
1667 4174 1764 4214 nos

184 4253 502 4310 erudiamur
556 4264 626 4304 ex
688 4249 998 4303 diversitate
1053 4254 1424 4301 creaturarum
1489 4246 1764 4301 Creatoris

186 4352 483 4412 agnoscere
510 4336 950 4407 magnitudinem,
973 4341 1027 4389 et
1063 4349 1220 4389 omne
1248 4335 1449 4389 bonum
1479 4349 1598 4390 esse
1621 4334 1764 4404 quod

186 4430 338 4486 Deus
361 4426 510 4491 fecit,
553 4426 644 4495 qui
667 4426 813 4480 dedit
840 4424 1096 4499 mundum
1126 4424 1434 4479 hominibus
1465 4424 1534 4478 ad
1556 4423 1764 4477 inhabi-

186 4518 452 4584 tandam,
470 4525 529 4571 ut
553 4513 803 4570 fruantur
825 4529 890 4570 eo
915 4522 968 4569 et
997 4515 1286 4571 varietates
1308 4514 1608 4585 intelligant
1632 4522 1767 4568 tem-

187 4619 386 4675 porum
410 4641 426 4667 ,
471 4616 569 4656 nec
607 4610 848 4671 quierant
890 4602 1157 4671 quomodo
1199 4611 1377 4656 creata
1414 4604 1522 4656 sint
1561 4604 1761 4666 omnia,

189 4707 366 4764 quare
397 4691 501 4747 hoc
532 4690 617 4745 vel
644 4689 774 4748 illud
813 4691 880 4745 ab
923 4690 1075 4745 initio
1112 4691 1296 4745 mundi
1323 4707 1493 4759 usque
1531 4692 1598 4746 ad
1636 4706 1766 4747 con—

191 4780 614 4838 summationem
643 4778 830 4836 fecerit
852 4793 1116 4844 crescere,
1139 4795 1374 4844 manere,
1407 4781 1623 4835 mutari.

272 4870 439 4926 Vm.
469 4869 558 4935 12,
585 4870 756 4924 15.--
787 4869 857 4928 Et
885 4871 1100 4941 cognoui
1123 4871 1260 4940 quod
1286 4887 1390 4925 non
1409 4881 1538 4925 esset
1562 4869 1767 4936 melius,

194 4961 306 5018 nisi
355 4958 546 5022 icturi,
576 4967 627 5012 et
664 4957 837 5027 facere
869 4959 994 5017 bene
1032 4959 1089 5014 in
1112 4961 1217 5015 vita
1255 4977 1371 5014 sua.
1414 4959 1594 5015 Omnis
1634 4959 1770 5014 enim

194 5051 359 5108 homo
388 5047 725 5121 qui'comedit
761 5056 808 5100 et
853 5048 994 5111 bibit,
1032 5059 1081 5103 et
1105 5051 1241 5104 uidet
1275 5051 1464 5105 bonum
1503 5051 1567 5105 de
1595 5051 1770 5106 labore

192 5153 323 5206 suo,
341 5138 440 5194 bac
464 5137 658 5198 donum
677 5134 776 5190 Dei
797 5141 891 5189 est.
929 5135 1215 5205 Propterea
1244 5138 1468 5194 colonus
1495 5148 1548 5194 et
1575 5139 1767 5209 hospes

191 5227 391 5282 mundi
417 5227 581 5282 homo
606 5226 760 5281 datus
783 5233 901 5290 ost,
929 5230 990 5278 ut
1021 5224 1201 5279 brevis
1225 5226 1350 5279 vitae
1383 5225 1592 5280 fruatur
1629 5237 1767 5282 tem-

191 5332 358 5388 pore,
383 5324 461 5382 et,
498 5331 592 5386 spe
618 5317 928 5387 prolixioris
949 5318 1126 5374 astatis
1155 5318 1413 5383 abscissa,
1439 5329 1631 5376 cuncta
1652 5338 1771 5392 qua

193 5407 449 5480 possidet
489 5407 644 5475 quasi
689 5409 758 5464 ad
785 5409 888 5485 alia
919 5410 1029 5466 cito
1067 5406 1404 5480 profecturus
1439 5411 1686 5480 aspiciat,
1716 5421 1773 5467 et

194 5505 465 5568 quantum
490 5502 682 5565 potest,
710 5497 846 5550 bene
871 5495 1034 5553 faciat
1057 5500 1112 5555 in
1142 5500 1250 5554 vita
1275 5514 1371 5554 sua
1397 5515 1412 5564 ;
1441 5514 1544 5556 nec
1571 5500 1770 5560 frustm

194 5589 584 5659 congreganda
627 5602 850 5658 magnas
889 5603 1040 5657 opes,
1079 5591 1485 5661 cogitationibus
1523 5599 1772 5662 torquea-

198 5685 296 5735 tur
324 5690 342 5732 :
363 5691 541 5745 neque
565 5693 625 5733 se
645 5687 796 5750 putet
822 5678 943 5750 plus
967 5679 1033 5734 de
1053 5696 1152 5736 suo
1175 5681 1359 5737 labore
1391 5681 1587 5737 lucrari
1615 5699 1775 5752 posse

201 5784 372 5839 quam
405 5767 586 5826 cibum
612 5779 667 5825 et
688 5779 880 5841 {potum
904 5788 920 5839 ;
946 5778 998 5825 et
1028 5773 1073 5826 si
1115 5774 1244 5842 quid
1270 5774 1336 5830 de
1358 5774 1548 5845 opibus
1571 5775 1684 5829 suis
1719 5777 1773 5830 in

203 5865 370 5921 bonis
406 5863 660 5934 operibus
697 5866 1011 5936 expenderit
1033 5906 1048 5933 ,
1087 5867 1191 5923 hoc
1232 5869 1405 5926 solum
1455 5870 1548 5927 Dei
1578 5871 1775 5927 donum

570 5954 840 6017 ΡΑτιιοι..
885 5955 954 6019 C.

1847 2113 1959 2148 mus
2013 2096 2087 2148 eis
2136 2095 2326 2147 addere
2369 2095 2679 2164 quidquam,
2726 2111 2816 2148 nec
2853 2094 3091 2164 auferre,
3139 2110 3256 2164 qua:
3295 2093 3414 2162 fecit

1847 2183 1986 2242 Deus
2013 2224 2026 2246 ,
2074 2193 2131 2235 ut
2185 2183 2447 2235 timeatur.
2495 2181 2634 2235 Nihil
2678 2190 2759 2235 est
2807 2182 2859 2234 in
2900 2181 3100 2235 mundo
3141 2179 3285 2250 quod
3321 2195 3418 2234 no—

1848 2288 1970 2327 vum
2018 2274 2106 2326 sit.
2152 2271 2293 2326 Solis
2328 2287 2519 2326 cursus
2553 2280 2609 2325 et
2640 2273 2779 2326 lunze
2800 2273 2964 2336 vices,
2997 2280 3051 2327 et
3075 2280 3236 2326 terrai
3266 2273 3420 2326 arbo—

1848 2377 2071 2432 rumque
2096 2363 2309 2416 siccitas
2329 2362 2413 2416 vel
2434 2357 2598 2426 viror,
2622 2377 2743 2415 cum
2766 2362 2880 2430 ipso
2906 2361 3106 2416 mundo
3139 2371 3263 2416 nata
3293 2374 3416 2417 sunt

1849 2462 2010 2522 atque
2037 2461 2237 2516 creata,
2271 2460 2324 2506 et
2377 2452 2579 2506 idcirco
2615 2450 2757 2504 Deus
2803 2459 2949 2504 certa
2988 2451 3196 2504 ratione
3225 2459 3417 2504 cuncta

1849 2543 2154 2596 moderatus
2209 2549 2310 2606 est,
2351 2549 2404 2595 et
2435 2539 2597 2609 jussit
2640 2540 2890 2594 humanis
2928 2541 3113 2595 usibus
3155 2539 3416 2594 elementa

1849 2635 2068 2698 servire,
2118 2643 2177 2687 ut
2217 2625 2460 2688 homines
2506 2635 2747 2688 videntes
2797 2633 2912 2687 haec
2955 2632 3256 2702 intelligant
3299 2646 3421 2686 csso.

1847 2724 2237 2793 providentiam
2260 2722 2376 2786 Dei,
2402 2729 2457 2776 et
2479 2722 2701 2775 timeant
2720 2735 2751 2773 a
2772 2719 2906 2775 facie
2927 2720 3045 2784 Dei,
3079 2722 3207 2775 dum
3232 2735 3298 2775 ex
3332 2737 3419 2775 rc-

1851 2827 1969 2866 rum
1993 2813 2316 2880 aequalitate,
2331 2826 2512 2875 cursu,
2535 2810 2721 2865 ordine
2741 2819 2902 2879 atque
2922 2810 3240 2873 constantia,
3265 2811 3422 2864 intel-

1848 2900 2014 2969 ligunt
2038 2899 2367 2954 Creatorem.
2397 2900 2623 2954 Pulchre
2655 2908 2836 2952 autem
2869 2899 3190 2968 temperavit
3214 2899 3419 2964 dicens,

1849 2999 1906 3043 ut
1934 2988 2155 3045 timeant
2176 3005 2206 3042 a
2227 2989 2362 3043 facie
2386 2989 2502 3057 ejus
2533 3007 2546 3041 :
2580 2990 2751 3043 vultus
2781 2991 2976 3058 quippe
3017 2989 3231 3041 Domini
3270 3005 3426 3058 super

1850 3078 2094 3147 facientes
2115 3079 2256 3132 mala
2283 3078 2452 3148 (Psal.
2482 3095 2674 3142 χχχιιι,
2705 3079 2809 3148 l7).

1919 3168 2080 3224 Vens.
2119 3168 2203 3222 15.
2254 3197 2324 3207 -
2364 3166 2516 3232 Quod
2560 3168 2761 3236 factum
2795 3177 2889 3233 est,
2915 3170 3084 3238 ipsum
3113 3181 3376 3240 permanet
3401 3191 3419 3226 .'

1851 3276 1968 3331 qua:
1998 3261 2178 3328 futura
2227 3271 2379 3323 sunt,
2406 3258 2522 3327 jam
2559 3257 2766 3326 fuerunt
2811 3273 2831 3311 :
2882 3269 2929 3312 et
2977 3259 3120 3313 Deus
3165 3261 3422 3315 instaurat

1851 3349 1990 3416 quod
2037 3348 2183 3399 abiit.
2230 3349 2328 3427 vel
2361 3349 2666 3416 praeterita,
2716 3347 2800 3403 vel
2851 3350 3168 3418 praesentia,
3216 3351 3301 3406 vel
3340 3351 3426 3406 iu-

1855 3443 1996 3500 tura,
2044 3435 2158 3504 ipsa
2197 3435 2296 3506 [et]
2329 3435 2564 3500 fuerunt,
2595 3445 2648 3489 et
2681 3446 2824 3504 sunt,
2857 3447 2912 3491 et
2939 3447 3134 3506 erunt,
3173 3441 3423 3496 universa

1857 3542 1975 3598 quae
2021 3525 2310 3581 cernimus.
2347 3525 2438 3580 Sol
2489 3525 2579 3593 qui
2621 3541 2764 3579 nunc
2795 3528 2998 3592 oritur,
3041 3538 3096 3582 et
3137 3538 3429 3599 antequam

1857 3633 1956 3673 nos
1984 3631 2244 3682 essemus,
2277 3617 2332 3671 in
2351 3615 2550 3696 mundo
2572 3614 2692 3682 fuit,
2717 3624 2772 3671 et
2791 3624 3071 3688 postquam
3096 3622 3294 3675 mortui
3316 3620 3428 3676 fne-
3481 3666 3483 3668 .

1858 3711 2048 3774 rimus,
2078 3711 2314 3765 oriturus
2354 3717 2456 3764 est.
2503 3709 2658 3776 Quod
2687 3712 2754 3765 de
2792 3711 2902 3766 sole
2931 3711 3184 3776 diximus,
3223 3711 3328 3766 hoc
3365 3712 3430 3766 de

1857 3799 2106 3852 omnibus
2128 3799 2556 3866 cognoscendum
2585 3807 2669 3852 est
2698 3800 2983 3855 creaturis.
3007 3800 3175 3856 Terra
3207 3799 3430 3873 singulis

1860 3891 2015 3943 annis
2062 3889 2280 3952 arescit,
2321 3887 2622 3957 iterumque
2656 3889 2882 3943 virescit
2929 3891 2985 3944 in
3023 3895 3264 3962 germine
3310 3909 3428 3949 suo.

1860 3982 2006 4038 Mare
2026 3981 2159 4047 ﬂuit,
2181 3988 2235 4035 et
2261 3981 2464 4036 recedit
2489 3989 2548 4034 ut
2579 3979 2785 4034 renuat.
2814 3980 3080 4036 Animalia
3103 3986 3428 4047 moriuntur,

1860 4081 1915 4129 et
1963 4081 2318 4127 renascuntur
2365 4072 2562 4126 iterum
2603 4070 2842 4140 ejusdem
2884 4073 3114 4142 generis.
3176 4073 3434 4129 Homines

1863 4172 2038 4219 morte
2059 4159 2338 4227 ﬁniuntur,
2371 4171 2426 4217 et
2465 4163 2556 4218 alii
2576 4178 2674 4233 pro
2697 4163 2778 4219 eis
2811 4163 3076 4219 oriuntur.
3125 4165 3192 4219 Et
3225 4179 3289 4220 ea
3319 4163 3432 4235 lege

1862 4263 2232 4310 creaturarum
2265 4255 2399 4310 nihil
2441 4271 2636 4310 novum
2663 4255 2892 4310 inveniri
2924 4257 3140 4327 poterit,
3174 4257 3269 4312 sed
3289 4255 3430 4311 Deus

1861 4360 1958 4414 per
2000 4346 2341 4402 succedentia
2385 4355 2622 4416 tempora
2655 4347 2840 4401 omnia
2875 4345 3145 4403 restaurat
3170 4363 3289 4419 quae
3323 4348 3436 4406 fue-

1864 4441 2010 4486 runt.

1932 4523 2094 4577 Vens.
2114 4521 2200 4587 16,
2217 4522 2305 4576 1⁸1.
2317 4550 2389 4563 ——
2407 4521 2477 4575 Et
2496 4523 2600 4576 vidi
2619 4521 2714 4576 sub
2726 4522 2835 4578 sole
2849 4525 2905 4579 iu
2919 4525 3030 4579 loco
3039 4527 3235 4606 judicii
3247 4530 3431 4600 impie—

1866 4621 2045 4677 tatem,
2071 4621 2118 4666 et
2145 4611 2201 4665 in
2222 4609 2336 4666 loco
2347 4610 2568 4680 justitia:
2587 4611 2929 4682 iniquitatem.
2963 4613 3035 4668 Et
3060 4615 3173 4669 dixi
3203 4617 3259 4670 in
3279 4619 3434 4672 corde

1868 4717 1980 4754 meo
2016 4717 2033 4755 :
2053 4701 2260 4772 justum
2280 4709 2329 4754 et
2355 4702 2569 4771 impium
2583 4702 2844 4770 judicabit
2867 4704 3028 4770 Deus,
3065 4695 3264 4778 tempus
3290 4710 3436 4764 omni

1869 4791 1944 4845 rei
1965 4800 2088 4870 tunc
2110 4792 2226 4845 erit.
2261 4790 2372 4846 Sub
2397 4791 2529 4856 sole,
2555 4793 2744 4862 inquit,
2778 4795 2882 4849 isto
2904 4795 3184 4851 veritatem
3219 4806 3275 4853 et
3291 4798 3438 4870 judi-

1869 4883 2014 4938 cium
2063 4885 2348 4954 requisivi;
2379 4893 2434 4939 et
2462 4885 2568 4940 vidi
2598 4885 2651 4940 in
2665 4885 2883 4955 judiciis
2908 4904 3015 4944 non
3042 4890 3321 4945 veritatem
3343 4907 3435 4947 va-

1866 4971 2000 5038 lere,
2047 4975 2139 5030 sed
2191 4990 2436 5030 munera.
2482 4976 2697 5031 Aliter:
2745 4979 3037 5034 arbitratus
3075 4995 3194 5035 sum
3233 4981 3433 5051 aliquid

1866 5063 2088 5132 iustitia:
2116 5064 2171 5118 in
2198 5065 2447 5133 praesenti
2471 5067 2669 5120 steculo
2687 5067 2822 5138 geri,
2849 5077 2902 5123 et
2925 5069 3009 5122 vel
3033 5069 3180 5136 pium
3213 5084 3312 5138 pro
3338 5087 3436 5126 suo

1872 5165 2016 5206 nunc
2034 5152 2228 5206 merito
2251 5153 2508 5223 recipere,
2533 5154 2616 5209 vel
2643 5156 2884 5225 impium,
2909 5171 3006 5226 pro
3022 5155 3178 5227 521
3204 5171 3302 5212 suo
3324 5173 3440 5214 sce-

1871 5239 1984 5295 lere
2027 5241 2292 5296 damnari.
2351 5243 2535 5299 Postea
2578 5257 2708 5296 vero
2743 5259 2865 5298 cum
2905 5245 3064 5298 corde
3100 5259 3220 5300 meo
3267 5248 3436 5304 collo-

1875 5344 2046 5399 quens
2072 5337 2129 5385 et
2153 5340 2409 5400 reputans
2427 5371 2442 5396 ,
2470 5331 2706 5386 intellexi
2724 5371 2740 5396 ,
2767 5347 2874 5387 non
2897 5347 2995 5402 per
3020 5343 3204 5404 partes
3234 5338 3400 5395 Deum
3421 5383 3435 5402 ,

1867 5413 1930 5473 ct
1954 5433 2054 5488 per
2079 5421 2314 5491 singulos
2340 5433 2550 5487 semper
2565 5420 2826 5490 judicare,
2852 5423 2946 5478 sed
2968 5423 3021 5478 in
3045 5424 3283 5482 futurum
3307 5437 3441 5482 tem-

1876 5524 1977 5578 pus
2004 5525 2221 5566 servare
2242 5509 2524 5578 judicium,
2566 5518 2626 5565 ut
2669 5527 2857 5569 omnes
2885 5517 3090 5585 pariter
3109 5516 3440 5586 judicentur.

1877 5609 1933 5654 et
1958 5603 2178 5670 recipiat
2198 5600 2564 5670 unusquisque
2584 5604 2794 5660 meritis
2816 5606 2928 5660 suis
2955 5607 3130 5675 digna,
3151 5609 3466 5666 secundum.

1878 5690 2021 5760 quod
2049 5689 2213 5761 gessit
2240 5690 2294 5744 in
2331 5691 2435 5747 hoc
2462 5693 2686 5759 steculo;
2717 5703 2772 5750 et
2794 5703 2922 5751 tunc
2940 5698 3204 5776 perspexi
3232 5705 3444 5772 tempus

1880 5781 2214 5837 discretionis
2242 5795 2362 5838 esse
2381 5785 2528 5840 omni
2559 5787 2655 5840 rei.

1952 5871 2110 5928 Vens.
2141 5873 2322 5929 {8-21.
2343 5905 2413 5917 —
2437 5875 2562 5931 Dixi
2585 5877 2638 5931 in
2663 5877 2818 5932 corde
2849 5895 2959 5932 mea
3001 5879 3065 5932 de
3111 5880 3235 5948 ﬁliis
3277 5883 3446 5937 hami-

3011 5974 3088 6034 22
