4338 6440
783 478 882 529 ίιςῦ

1621 479 1679 532 Β.
1712 478 1780 534 1³⁸.
1823 475 2048 534 A‘l.BlNl
2090 479 2219 533 SEU
2264 470 2858 534 AtilllelOPEllUM
2899 475 3073 532 PARS
3112 475 3173 532 ll.

3917 466 4026 520 685

783 610 926 654 num,
955 602 1006 644 ut
1033 575 1268 661 probaret
1309 609 1393 646 eos
1426 592 1582 658 Deus,
1611 605 1655 647 et
1693 594 1978 647 ostenderet
2019 587 2214 646 similes
2242 607 2352 645 esse
2380 593 2428 652 Α
2451 591 2774 659 voluptatem
2799 607 2812 645 :
2856 606 3027 661 neque
3063 592 3202 645 enim
3229 605 3349 644 cum
3378 587 3542 642 semel
3591 599 3687 638 nos
3711 583 4030 638 dissolverit

785 681 972 734 bestiis.
1004 678 1209 734 Idcirco
1233 692 1367 735 unus
1392 682 1628 735 interitus
1662 691 1734 734 est
1760 682 2050 744 hominum,
2076 689 2122 732 et
2141 679 2351 747 jumen-

783 782 971 836 tcrum,
1000 780 1048 825 et
1073 787 1223 841 aqua
1247 768 1511 840 utriusque
1552 770 1798 824 conditio.
1841 767 1988 822 Sicut
2020 768 2241 821 moritur
2257 767 2352 819 ho-

782 875 886 922 mo,
916 860 992 914 sic
1012 869 1060 913 et
1086 858 1181 914 illa
1204 861 1510 914 moriuntur.
1559 858 1812 914 Similiter
1852 858 2048 927 spirant
2078 858 2272 920 omnia,
2303 865 2352 909 et

782 949 913 1004 nihil
931 951 1084 1004 habet
1109 951 1262 1006 homo
1293 952 1534 1021 iumento
1565 951 1808 1010 amplius.
1849 949 2048 1003 Cuncta
2086 948 2352 1016 subjacent

784 1044 1017 1104 sanitati,
1048 1052 1097 1097 et
1118 1045 1293 1097 omnia
1338 1052 1555 1113 pergunt
1592 1041 1659 1095 ad
1684 1057 1843 1094 unum
1885 1038 2076 1092 locum.
2109 1037 2185 1090 De
2212 1046 2354 1090 terra

784 1133 923 1200 facta
949 1143 1089 1196 sunt,
1114 1143 1161 1186 st
1182 1135 1238 1186 in
1259 1143 1450 1186 terram
1471 1133 1666 1202 pariter
1701 1137 2033 1185 revertentur.
2064 1126 2193 1193 Quis
2216 1127 2354 1181 novit

783 1223 828 1273 si
860 1221 1073 1290 spiritus
1099 1220 1328 1289 ﬁliorum
1358 1219 1522 1272 Adam
1551 1217 1797 1272 ascendat
1836 1232 2066 1280 sursum,
2103 1225 2150 1269 et
2179 1215 2224 1268 si
2251 1213 2358 1283 spio

786 1310 918 1362 ritus
953 1309 1311 1378 jumentorum
1342 1307 1616 1361 descendat
1663 1305 1949 1360 deorsum!
1992 1303 2106 1358 Non
2151 1303 2355 1356 miran-

786 1399 911 1451 dum
940 1406 1023 1453 cst
1071 1399 1125 1452 in
1145 1398 1419 1466 \prmscnti
1447 1397 1580 1461 vita,
1630 1395 1768 1450 inter
1809 1395 2106 1464 justum,et
2133 1393 2356 1463 impium

788 1487 985 1541 nullam
1027 1501 1146 1542 esse
1187 1486 1514 1548 distantiam,
1547 1499 1648 1538 nec
1687 1483 1891 1552 aliquid
1935 1481 2149 1536 virtutis
2177 1479 2357 1565 valere

789 1578 988 1649 illim,
1041 1595 1141 1634 nec
1193 1578 1391 1647 aliquid
1445 1577 1625 1632 valere
1676 1575 1946 1648 virtutes},
2003 1575 2099 1630 sed
2151 1574 2356 1628 incerto

789 1676 980 1722 eventu
1006 1669 1184 1724 omnia
1211 1667 1464 1733 volutari,
1494 1681 1615 1722 cum
1649 1667 1810 1722 etiam
1850 1666 1992 1720 inter
2024 1665 2274 1734 pecudes,
2301 1670 2358 1716 et

788 1757 1030 1812 homines
1057 1758 1347 1813 secundum
1393 1757 1634 1826 corporis
1677 1756 1935 1810 vilitatem
1963 1755 2095 1809 nihil
2144 1752 2357 1808 diﬂ'erre

786 1847 1049 1902 videatur.
1081 1846 1232 1901 Sicut
1261 1847 1448 1902 eadem
1472 1845 1709 1902 conditio
1735 1853 1818 1899 est
1845 1844 2118 1906 nascendi,
2137 1842 2218 1896 ita
2239 1855 2356 1894 sors

2453 678 2718 744 interitus,
2751 694 2905 748 posse
2947 681 3032 734 his
3075 677 3276 748 perfrui
3309 693 3338 730 a
3368 675 3560 744 quibus
3599 672 3907 728 recedimus
3947 671 4031 725 iu-

2450 767 2607 838 grati.
2638 768 2743 822 Sed
2784 769 2993 823 meliori
3019 784 3177 822 sensu
3204 767 3270 823 de
3300 767 3480 819 lzntitia
3512 765 3768 820 bonorum
3791 778 4032 832 operum

2453 856 2850 926 intelligendum
2882 865 2986 912 est.
3013 855 3156 910 Nihil
3181 863 3266 910 est
3287 868 3415 925 ergo
3451 852 3639 907 melius
3663 853 3717 906 in
3741 852 3854 905 vita
3894 852 4033 914 ista.

2452 945 2555 999 nisi
2583 946 2724 1014 quod
2746 944 2955 1001 laetetur
2980 945 3142 999 homo
3167 943 3221 997 in
3242 957 3402 1014 opere
3422 956 3542 1007 suo,
3568 940 3769 998 faciens
3786 939 4034 996 eleemo-

2451 1048 2658 1104 synam,
2685 1041 2741 1088 et
2765 1032 2974 1089 futuros
3005 1033 3108 1089 sibi
3148 1034 3428 1088 thesauros
3456 1032 3512 1086 in
3556 1045 3721 1101 regno
3753 1031 4032 1086 calorum

2452 1135 2782 1190 praeparans.
2839 1121 2990 1177 Hanc
3016 1122 3187 1177 solam
3234 1122 3492 1176 habemus
3515 1120 3776 1174 veraciter
3813 1121 4032 1188 portio-

2452 1228 2596 1278 nem,
2638 1227 2802 1282 quam
2839 1228 2940 1269 nec
2981 1215 3088 1280 fur,
3133 1229 3234 1270 nec
3268 1213 3407 1269 latro
3448 1213 3610 1277 valet,
3638 1228 3735 1291 nec
3763 1222 4035 1284 tyrannus

2453 1303 2685 1369 auferre,
2738 1319 2858 1374 qua:
2907 1321 3007 1362 nos
3060 1306 3430 1361 tantummodo
3483 1313 3604 1375 post
3653 1313 3882 1360 mortem
3944 1319 4033 1358 se-

2454 1401 2665 1464 quetur.
3073 1468 3077 1472 ν

3065 1485 3290 1542 CAPUT
3311 1486 3413 1542 Π.

2523 1576 2686 1631 Vens.
2715 1576 2766 1630 1.
2793 1606 2865 1616 -
2894 1573 3032 1630 Verti
3059 1593 3140 1630 me
3160 1577 3228 1630 ad
3249 1576 3378 1640 alia,
3401 1586 3449 1630 et
3474 1576 3576 1630 vidi
3597 1575 3886 1630 calumnias
3912 1591 4038 1644 qua

2452 1663 2545 1717 sub
2571 1665 2680 1719 sole
2717 1675 2968 1735 geruntur
3011 1664 3156 1736 [Ms.,
3194 1665 3550 1736 generantur],
3577 1674 3623 1716 et
3651 1663 3914 1732 lacrymas
3951 1665 4036 1717 in-

2453 1757 2763 1818 nocentium,
2799 1767 2845 1810 et
2889 1757 3262 1810 consolatorem
3301 1755 3574 1818 neminem,
3604 1770 3692 1806 nec
3729 1770 3880 1821 posse
3903 1753 4034 1805 resi-

2457 1859 2589 1904 stere
2631 1867 2810 1904 eorum
2857 1851 3109 1904 violentia:
3149 1860 3450 1904 cunctorum
3493 1847 3690 1902 auxilio
3727 1848 4029 1902 destitutos.

790 1900 896 1989 una
924 1900 1203 1990 moriendi.
1235 1900 1499 1992 Similiter
1523 1935 1861 2005 procedimus
1887 1933 1954 1988 ad
1987 1900 2180 1997 lucem,
2207 1945 2358 2000 aeque
2385 1900 2432 1962 Β
3182 1900 4035 1994 imcamioculos—

790 2027 1144 2081 dissolvcmur
1171 2028 1222 2081 in
1249 2028 1541 2096 pulverem.
1571 2026 1627 2081 Si
1657 2035 1833 2081 autem
1874 2027 2083 2080 videtur
2102 2027 2216 2080 hac
2240 2037 2359 2078 esse

788 2118 1059 2179 distantia,
1105 2118 1229 2186 quia
1260 2118 1482 2185 spiritus
1505 2116 1738 2171 hominis
1780 2115 2036 2171 ascendat
2061 2116 2114 2168 in
2143 2113 2356 2174 caelum,

788 2213 843 2256 et
871 2204 1093 2272 spiritus
1129 2205 1339 2272 pecoris
1382 2206 1671 2261 descendat
1704 2205 1758 2258 in
1807 2214 2028 2264 terram,
2061 2218 2169 2272 qua
2219 2200 2359 2255 istud

788 2305 938 2352 certa
967 2298 1282 2353 auctoritate
1320 2295 1469 2367 [Hs.,
1514 2312 1621 2365 quo
1668 2297 1808 2350 istud
1833 2305 1986 2351 certo
2005 2293 2243 2366 auctore]
2270 2309 2362 2349 co—

789 2387 1102 2452 gnovimus?
1124 2385 1254 2452 Quis
1282 2392 1456 2455 potest
1479 2385 1617 2439 scire
1655 2393 1830 2438 utrum
1856 2399 2040 2439 verum
2070 2400 2136 2438 an
2169 2383 2360 2438 falsum

789 2477 860 2527 sit
887 2475 1029 2543 quod
1057 2473 1375 2542 speramus?
1423 2472 1537 2527 Hoc
1560 2481 1735 2527 autem
1772 2473 1921 2536 dicit,
1947 2487 2052 2525 non
2081 2471 2223 2540 quod
2250 2471 2361 2524 ani-

792 2579 929 2617 mam
956 2573 1105 2632 putet
1132 2562 1305 2632 perire
1329 2577 1450 2616 cum
1495 2576 1734 2630 corpore,
1780 2561 1862 2616 vel
1891 2576 2052 2615 unum
2098 2562 2285 2616 bestiis
2309 2569 2363 2615 et

792 2654 1094 2707 hominibus
1134 2653 1421 2722 praeparari
1466 2651 1662 2714 locum,
1695 2653 1789 2705 sed
1829 2653 1972 2718 quod
2001 2659 2126 2705 ante
2163 2650 2364 2704 adven-

791 2753 903 2800 tum
944 2743 1145 2799 Christi
1189 2743 1369 2796 omnia
1397 2741 1464 2795 ad
1515 2739 1715 2794 inferos
1751 2740 1954 2809 pariter
1977 2739 2365 2793 descenderunt

792 2833 948 2904 ius,
981 2830 1346 2902 ducerentur].
1381 2829 1532 2886 Unde
1560 2836 1613 2884 et
1639 2829 1802 2884 Jacob
1829 2829 1895 2883 ad
1920 2827 2122 2884 inferos
2147 2828 2366 2881 descen-

795 2936 980 2978 surum
1011 2936 1070 2975 se
1111 2920 1240 2974 dicit
1269 2918 1421 2990 (Gen.
1455 2917 1660 2988 xxxvi).
1709 2918 1776 2972 Et
1802 2917 1900 2971 Job
1926 2918 2045 2985 pios
2083 2925 2139 2970 et
2177 2916 2368 2984 impios

794 3011 1037 3080 queritur
1080 3009 1218 3078 apud
1270 3007 1470 3062 inferos
1513 3009 1772 3061 detentari
1821 3007 1963 3076 (Job.
2006 3021 2103 3064 vn.
2137 3004 2248 3075 17).
2301 3006 2367 3059 Et

797 3113 980 3155 revera
1022 3107 1304 3167 antequam
1335 3095 1632 3149 ﬂammeam
1682 3096 1827 3149 illam
1859 3103 2052 3155 rotam,
2080 3103 2134 3148 et
2159 3095 2366 3165 igneam

798 3189 1120 3257 romphmam
1150 3184 1214 3239 ad
1241 3183 1434 3256 [Hier.,
1465 3182 1544 3254 et]
1568 3185 1796 3253 paradisi
1822 3183 1962 3238 fores
1981 3183 2227 3237 Christus
2244 3198 2366 3237 cum

799 3280 1010 3332 latrone
1051 3283 1336 3340 reseraret,
1377 3273 1554 3329 clausa
1581 3281 1736 3327 erant
1765 3274 2023 3338 caelestia,
2053 3281 2107 3328 et
2148 3275 2367 3342 spiritus

803 3368 1035 3422 hominis
1084 3364 1398 3435 pecorisque
1444 3361 1666 3432 aqualis
1716 3363 1893 3418 vilitas
1946 3364 2272 3418 coarctabat.
2303 3363 2371 3419 Et

797 3457 921 3511 licet
963 3455 1107 3510 aliud
1149 3455 1359 3518 videtur
1398 3451 1549 3526 [Hs.,
1596 3453 1887 3523 videretur]
1936 3454 2175 3517 dissolvi,
2229 3452 2373 3507 aliud

799 3545 1085 3609 reservari,
1118 3553 1295 3598 tamen
1321 3557 1426 3597 non
1467 3541 1693 3596 multum
1719 3542 1998 3605 intererat,
2028 3540 2204 3610 perire
2249 3553 2370 3594 cum

798 3647 1046 3701 corpore,
1073 3641 1164 3684 aut
1185 3629 1386 3683 inferni
1419 3628 1652 3682 tenebris
1677 3629 1921 3683 detineri.
1947 3629 2098 3695 Quod
2123 3643 2251 3684 vero
2271 3629 2369 3693 ait,

798 3721 864 3774 de
899 3729 1036 3774 terra
1071 3718 1210 3787 facta
1259 3725 1398 3781 sunt,
1449 3724 1498 3770 et
1545 3716 1601 3770 in
1645 3725 1838 3770 terram
1884 3726 2221 3781 revertentur,
2268 3716 2373 3770 hoc

801 3825 925 3865 cum
952 3809 1016 3863 dc
1039 3821 1266 3876 corpore
1309 3806 1492 3861 dicere
1526 3804 1866 3858 manifestum
1895 3812 1995 3869 est,
2025 3804 2150 3873 quia
2180 3818 2373 3874 corpus

803 3900 869 3954 de
897 3907 1039 3952 terra
1064 3903 1302 3951 creatum
1338 3902 1444 3958 est,
1474 3907 1580 3946 non
1605 3892 1819 3957 anima;
1853 3893 1991 3948 sicut
2014 3893 2204 3947 vindex
2249 3907 2373 3961 pec-

798 3989 905 4044 cati
934 3986 1196 4042 sententia
1225 3985 1428 4040 homini
1453 3984 1669 4040 intulit:
1722 3984 1880 4038 Terra
1917 4002 1994 4050 es,
2025 3994 2072 4037 et
2099 3985 2154 4038 in
2180 3993 2372 4038 terram
2440 3998 2444 4002 '

799 4078 900 4132 ibis
925 4074 1077 4146 (Gen.
1106 4091 1190 4138 ιιι,
1214 4074 1322 4143 19).
1353 4073 1482 4128 limo
1506 4074 1719 4128 interim
1739 4074 1890 4142 juxta
1913 4076 2165 4130 litteram.
2197 4073 2375 4140 Quan-

806 4177 919 4220 tum
949 4164 1016 4218 ad
1056 4161 1353 4232 spiritalem
1401 4160 1801 4232 intelligentiam
1843 4161 2097 4233 pertinet,
2123 4164 2244 4232 quis
2273 4164 2374 4219 scit

805 4264 984 4308 utrum
1014 4252 1255 4321 spiritus,
1283 4251 1376 4320 qui
1420 4250 1649 4306 hominis
1677 4253 2028 4321 appellatione
2055 4253 2244 4322 dignus
2268 4261 2371 4318 est,

807 4341 1061 4396 ascendat
1090 4339 1144 4394 in
1171 4339 1389 4398 omium.
1414 4348 1470 4394 ct
1508 4347 1685 4395 utrum
1714 4350 1976 4409 peccator,
2026 4343 2117 4411 qui
2157 4342 2397 4410 jumenr

809 4443 920 4487 tum
946 4439 1188 4498 vocatur,
1233 4430 1520 4487 descendat
1548 4433 1602 4486 in
1645 4433 1885 4487 terram?
1926 4433 2068 4488 Fieri
2112 4435 2253 4488 enim
2281 4449 2376 4502 po-

2459 2040 2562 2094 que
2601 2029 2858 2092 converti,
2890 2037 2949 2084 ut
2979 2029 3214 2084 viderem
3254 2028 3683 2088 calumniatores,
3720 2037 3773 2081 et
3823 2027 4034 2081 calum-

2460 2113 2600 2167 niam
2629 2115 2972 2170 sustinentes.
3018 2115 3086 2168 Et
3113 2130 3238 2169 ecce
3262 2114 3371 2168 vidi
3410 2128 3592 2167 eorum
3637 2112 3730 2180 qui
3771 2127 3802 2164 a
3833 2121 4034 2182 potem

2459 2204 2688 2258 tioribus
2734 2205 3106 2273 opprimuntur
3133 2204 3418 2275 lacrymas,
3469 2219 3602 2272 quas
3648 2202 3788 2258 solas
3830 2203 4037 2257 habere

2457 2298 2682 2358 possunt
2721 2290 2774 2344 in
2804 2290 3213 2354 calamitatibus,
3263 2291 3424 2361 “2
3456 2290 3533 2343 rei
3567 2289 3815 2342 invidiam
3854 2299 4033 2359 prote-

2460 2387 2684 2445 stantes,
2705 2382 2797 2450 qui
2815 2378 3200 2436 cOnsolatorem
3227 2387 3496 2448 nequeunt
3517 2367 3772 2433 invenire.
3800 2378 3870 2432 Et
3888 2379 4033 2447 quod

2460 2469 2722 2524 malorum
2764 2471 3125 2524 miserrimum
3154 2469 3225 2524 sit
3268 2467 3420 2540 [Ms.,
3468 2484 3574 2538 quo
3619 2467 3788 2536 major
3813 2469 4033 2522 miseria

2462 2558 2573 2630 sit],
2605 2565 2659 2613 et
2697 2558 3092 2614 inconsolabilis
3114 2558 3286 2624 dolor,
3321 2558 3733 2613 calumniatores
3768 2557 3954 2610 vident
3978 2558 4030 2609 in

2463 2646 2574 2700 suis
2598 2645 2968 2714 iniquitatibus
2999 2644 3286 2699 fortiores:
3329 2653 3383 2699 et
3409 2645 3520 2698 hinc
3549 2653 3630 2698 est
3671 2659 3856 2706 causa,
3884 2645 4027 2712 quod

2462 2749 2568 2789 non
2592 2734 2770 2788 valent
2803 2733 3086 2788 consolari.
3119 2733 3334 2810 Plenius
3362 2733 3501 2788 hunc
3538 2733 3709 2787 locum
3735 2734 3789 2786 in
3816 2741 4029 2801 septua-

2463 2826 2667 2895 gesimo
2711 2825 2944 2880 secundo
2985 2824 3188 2893 psalmo
3225 2822 3428 2887 David;
3478 2829 3531 2878 et
3565 2820 3824 2887 Ieremias
3850 2822 3904 2874 in
3931 2837 4028 2874 suo

2464 2914 2734 2971 volumine
2756 2916 3063 2984 exquirunt.
3813 2977 3818 2980 _

2534 3005 2694 3060 Vsus.
2726 3005 2783 3069 2,
2813 3007 2866 3060 5.
2887 3035 2958 3045 -
2983 3005 3050 3058 Et
3081 3004 3303 3058 laudavi
3334 3005 3498 3074 magis
3519 3013 3747 3057 mortuos
3776 3018 3931 3073 mm
3957 3003 4025 3055 ci—

2466 3102 2654 3158 uentes,
2697 3102 2744 3146 et
2787 3092 3066 3161 feliciorem
3114 3103 3326 3164 utroque
3371 3095 3628 3164 judicavi,
3673 3097 3761 3165 qui
3808 3093 4024 3148 necdum

2394 3219 2439 3281 Ο
2471 3191 2750 3248 natus-est,
2780 3201 2870 3238 nec
2898 3184 3020 3237 vidit
3050 3185 3190 3238 mala
3211 3200 3326 3255 qua:
3352 3184 3482 3252 ﬁunt
3510 3186 3604 3238 sub
3624 3183 3748 3238 sole.
3778 3186 3859 3239 Ad
3883 3199 4026 3239 eom-

2467 3273 2801 3342 parationem
2831 3274 3164 3329 miseriarum
3205 3275 3398 3343 quibus
3424 3274 3480 3328 in
3527 3275 3628 3330 hoc
3656 3276 3852 3330 mundo
3887 3290 4026 3330 mor-

2466 3365 2602 3421 tales
2623 3375 2957 3434 premuntur,
3001 3365 3263 3421 feliciores
3292 3366 3524 3437 iudicavi
3553 3373 3811 3431 mortuos,
3839 3367 3908 3420 ab
3933 3367 4028 3419 hu-

2461 3451 2552 3521 jus
2575 3454 2803 3508 miseria:
2839 3454 3025 3508 labore
3061 3454 3331 3518 liberatos,
3366 3470 3528 3524 quam
3554 3456 3810 3510 viventes.
3850 3455 4028 3509 Melior

2469 3549 2551 3598 est
2575 3542 2755 3610 itaque
2781 3542 2868 3597 his
2903 3542 3127 3611 duobus,
3157 3545 3367 3598 vivente
3392 3543 3636 3599 videlicet
3673 3550 3727 3596 et
3754 3542 4024 3608 defuncto,

2469 3631 2562 3702 qui
2586 3631 2812 3687 necdum
2840 3639 2998 3686 natus
3025 3640 3146 3695 est;
3193 3630 3248 3684 in
3271 3646 3336 3686 eo
3368 3631 3572 3686 felicior
3597 3638 3700 3694 est,
3738 3630 3864 3700 quia
3899 3646 4025 3686 nec-

2469 3720 2597 3773 dum
2639 3719 2836 3773 malum
2883 3718 3064 3773 mundi
3095 3727 3345 3790 expertus
3373 3728 3496 3790 ests
3522 3721 3632 3776 Hoc
3670 3727 3846 3775 autem
3879 3721 4025 3784 dicit,

2469 3825 2576 3864 non
2602 3809 2727 3880 quia
2765 3809 2958 3864 anima:
2985 3810 3092 3864 sint
3121 3810 3416 3875 hominum,
3454 3809 3743 3865 secundum
3771 3825 4024 3878 quorum-

2470 3899 2594 3953 dam
2617 3914 2876 3963 errorem,
2919 3907 3203 3966 antequam
3232 3906 3484 3954 nascatur
3510 3900 3667 3954 homo
3701 3898 3756 3952 in
3793 3901 4022 3966 mundo;

2472 3977 2714 4057 sed'quia
2742 3989 2933 4044 melius
2973 3989 3043 4043 sit
3086 3989 3303 4046 omnino
3348 4006 3452 4045 non
3493 4005 3633 4057 esse,
3679 4006 3776 4046 nec
3814 4006 4023 4046 sensum

2471 4078 2672 4132 habere
2695 4079 3026 4145 substantiae,
3057 4095 3217 4150 quam
3251 4079 3530 4135 infeliciter
3569 4080 3652 4134 vel
3677 4095 3814 4144 esse,
3842 4081 3922 4135 vel
3949 4081 4023 4134 vi-

2463 4181 2617 4244 vere.
2641 4165 2756 4232 Quo
2785 4167 2942 4222 modo
2964 4176 3020 4222 et
3044 4167 3110 4222 de
3135 4167 3271 4223 Juda
3297 4168 3552 4224 Dominus
3570 4168 3824 4238 loquitur,
3854 4169 4018 4241 futura

2471 4259 2588 4327 ejus
2616 4267 2879 4335 tormenta
2903 4260 3209 4329 signiﬁcans
3236 4276 3251 4314 :
3303 4261 3492 4316 Helius
3514 4271 3625 4316 erat
3650 4278 3750 4314 non
3774 4263 3912 4316 nasci
3933 4263 4020 4314 ho-

2473 4349 2601 4400 mini
2642 4346 2722 4401 illi
2764 4347 2975 4417 (Matth.
3008 4365 3158 4414 XXVI,
3200 4349 3327 4421 24):
3372 4352 3497 4419 quia
3537 4351 3726 4405 melius
3771 4351 3937 4406 fuerat
3973 4353 4018 4405 ei

2474 4425 2692 4492 omnino
2717 4451 2821 4492 non
2846 4452 2984 4503 esse,
3015 4453 3174 4509 quam
3198 4447 3426 4495 aeternos
3449 4441 3714 4497 cruciatus
3733 4444 3949 4512 perpeti.

806 4533 914 4580 lCSl
934 4533 1220 4594 utrumque
1243 4538 1343 4593 ρτο
1371 4524 1575 4577 Ῐηοετιο
1596 4523 1720 4576 Vil-‘B
1758 4521 1917 4589 huius
1941 4531 1996 4576 ει
2037 4522 2244 4576 lubrico
2268 4531 2376 4578 διει-
2401 4544 2454 4606 υ
2544 4528 2703 4583 Vsus.
2729 4527 2782 4580 4.
2802 4557 2872 4567 -
2892 4527 3094 4584 Rursus
3113 4530 3480 4602 contemPlatus
3499 4548 3612 4586 sum
3635 4549 3808 4586 omnes
3831 4533 4017 4586 labores

806 4620 888 4679 tu,
912 4620 973 4667 ut
1007 4611 1186 4680 justus
1223 4610 1400 4676 cadat,
1441 4619 1690 4678 peccator
1735 4619 2014 4678 resurgat;
2046 4620 2099 4665 et
2135 4626 2380 4666 nonnun—

803 4718 972 4774 quam
999 4702 1230 4765 eveniat,
1261 4707 1320 4754 ut
1342 4700 1710 4755 rationabilior
1732 4709 1786 4755 et
1806 4701 2046 4756 eruditus
2074 4702 2374 4771 scripturis,

807 4791 863 4847 id
889 4800 972 4848 est
1018 4792 1197 4856 homo,
1241 4805 1347 4846 non
1385 4790 1768 4859 circumspecte
1810 4799 1864 4844 et
1910 4799 1968 4843 ut
2011 4791 2233 4850 scientia
2280 4807 2376 4846 sua

809 4880 995 4947 exigit,
1035 4879 1204 4938 vivat.
1239 4886 1294 4931 et
1335 4878 1561 4931 ducatur
1601 4880 1667 4932 ad
1717 4875 1954 4938 inferos;
2001 4887 2056 4931 et
2089 4879 2378 4946 simplicior

808 4967 1034 5037 quisque
1063 4973 1223 5034 atque
1245 4964 1515 5028 rusticior,
1542 4965 1632 5034 qui
1652 4964 1952 5033 iumentum
1974 4964 2205 5019 hominis
2233 4981 2378 5020 com-

807 5058 1085 5126 paratione
1131 5056 1346 5119 dicitur,
1394 5055 1583 5109 melius
1625 5055 1784 5118 vivat,
1826 5063 1879 5108 et
1926 5057 2183 5126 martyrio
2223 5074 2377 5114 coro—

811 5156 967 5200 natus
1004 5146 1240 5214 paradisi
1269 5146 1338 5199 sit
1363 5144 1601 5200 colonus.

882 5237 1043 5290 Vens.
1071 5237 1159 5289 2‘2.
1183 5266 1254 5275 —
1281 5235 1346 5289 Et
1386 5235 1694 5305 deprehendi
1724 5235 1852 5290 nihil
1877 5252 1985 5290 esse
2011 5237 2194 5293 melius
2219 5255 2377 5308 quam

816 5323 985 5376 laetari
1013 5322 1269 5375 hominem
1295 5324 1352 5376 in
1391 5339 1540 5391 opere
1564 5340 1680 5387 suo,
1710 5333 1758 5378 et
1787 5326 1921 5378 hanc
1948 5341 2059 5380 esse
2093 5337 2288 5394 partem
2312 5327 2378 5380 il-

813 5409 934 5462 lius.
969 5407 1097 5472 Quis
1122 5409 1258 5461 enim
1288 5408 1508 5462 adducet
1538 5426 1675 5475 eum,
1699 5421 1754 5464 ut
1778 5422 1891 5481 post
1913 5429 1966 5464 se
1992 5412 2170 5480 futura
2191 5431 2378 5483 cogno.

814 5507 925 5551 scat
948 5497 972 5550 ?
993 5495 1268 5565 Superiori
1297 5510 1480 5550 errore
1505 5499 1767 5563 turbatus,
1793 5500 1935 5569 quod
1958 5509 2202 5569 putarem
2239 5505 2378 5557 inter
2414 5527 2430 5535 ε

815 5585 1059 5640 homines
1100 5592 1155 5638 et
1197 5582 1397 5638 bestias
1443 5583 1575 5637 nihil
1616 5599 1754 5650 esse,
1800 5588 1855 5642 in
1880 5588 2016 5643 hanc
2061 5591 2376 5645 sententiam

818 5690 982 5743 prava
1021 5676 1268 5746 opinione
1316 5677 1567 5732 seductus
1617 5676 1767 5748 [λιι.
1809 5679 2086 5751 deductus]
2131 5697 2270 5745 sum,
2320 5690 2380 5735 ut

821 5767 953 5822 nihil
977 5767 1120 5821 aliud
1164 5767 1395 5823 dicerem
1435 5769 1654 5835 bonum,
1703 5769 1803 5824 nisi
1832 5767 2379 5842 prtesentetu'capcre

2475 4617 2762 4683 hominum,
2809 4627 2856 4671 et
2902 4617 3187 4673 industrius
3229 4620 3567 4675 animadverti
3611 4630 3785 4690 patere
3824 4621 4016 4674 incidite

2473 4709 2714 4777 proximi,
2740 4717 2786 4761 et
2826 4710 2881 4762 in
2914 4703 3009 4762 hoc
3033 4725 3152 4780 ergo
3191 4711 3388 4764 vanitas
3414 4718 3462 4763 et
3485 4725 3612 4762 cura
3649 4711 3904 4780 superﬂua
3927 4719 4017 4764 est.

2475 4794 2727 4850 Converti
2767 4812 2853 4851 me
2894 4813 3080 4852 rursus
3119 4799 3184 4851 ad
3209 4797 3332 4860 alia,
3355 4805 3418 4852 et
3445 4797 3553 4852 vidi
3584 4811 3795 4853 omnem
3819 4797 4017 4855 fortitu-

2475 4883 2652 4937 dinem
2681 4892 2735 4939 et
2761 4884 2982 4954 gloriam
3011 4884 3384 4950 laborantium,
3415 4893 3470 4940 et
3495 4886 3812 4965 deprehendi
3833 4887 4014 4940 bonum

2475 4973 2693 5051 alterius
2737 4990 2855 5029 esse
2904 4975 3123 5030 alterius
3171 4977 3388 5041 malum,
3435 4978 3561 5032 dum
3611 4977 3817 5030 invidus
3855 4977 4014 5033 aliena

2475 5062 2726 5118 felicitate
2758 5073 3054 5133 torquetur,
3082 5072 3138 5119 et
3161 5071 3306 5132 patet
3349 5064 3553 5118 insidiis
3576 5063 3851 5132 gloriosus.
3887 5063 4014 5130 Quid

2473 5154 2614 5207 enim
2635 5154 2825 5208 vanius
2846 5168 3006 5222 quam
3042 5155 3284 5208 homines
3308 5168 3415 5207 non
3451 5151 3726 5206 suas‘llere
3763 5151 4010 5216 miserias,

2474 5258 2573 5296 nec
2598 5244 2813 5313 propria
2852 5243 3032 5310 lugere
3078 5251 3334 5311 peccata;
3367 5241 3501 5295 alios
3537 5241 3793 5310 judicare,
3824 5242 4010 5310 seipsos

2472 5329 2752 5395 oblivisci;
2790 5337 2844 5384 et
2881 5331 3190 5385 melioribus
3231 5333 3437 5383 tantum
3483 5329 3736 5393 invidere,
3780 5327 4011 5382 aliorum-

2472 5436 2577 5490 que
2601 5419 2892 5476 benefactis
2915 5420 3194 5490 torqueri?

2543 5509 2703 5564 Vsns.
2724 5507 2777 5563 5.
2791 5539 2864 5550 —
2880 5507 3082 5564 Stultus
3103 5507 3371 5578 complicat
3388 5525 3571 5563 manus
3590 5505 3734 5572 suas,
3747 5516 3794 5562 et
3812 5509 4009 5562 conecit

2474 5593 2654 5652 carne's
2673 5615 2816 5652 suas.
2847 5597 3040 5650 Totum
3086 5596 3225 5664 quod
3261 5597 3494 5660 disserit,
3520 5596 3620 5651 hoc
3647 5604 3728 5650 est
3754 5603 3811 5649 ut
3847 5603 4006 5649 osten-

2474 5689 2564 5741 dat
2587 5704 2709 5743 eum
2749 5688 2840 5756 qui
2869 5687 3075 5740 laborat
3118 5694 3171 5742 et
3205 5687 3404 5755 aliquid
3432 5687 3588 5740 habet
3615 5685 3668 5740 in
3697 5683 3904 5748 mundo,
3924 5698 4006 5753 pa-

2476 5785 2587 5833 tere
2618 5775 2826 5832 invidia:
2849 5791 2864 5843 ;
2891 5783 2944 5829 et
2974 5789 3184 5831 rursum
3211 5789 3331 5830 eum
3354 5773 3445 5843 qui
3471 5774 3646 5829 vivere
3666 5771 3777 5826 vult
3795 5770 3999 5840 quietus,
