4338 6404
202 519 307 576 683
1067 527 1472 585 EXEGETICA.
1516 561 1582 570 —
1620 531 1970 586 COMMENT.
2007 533 2069 586 IN
2104 534 2627 589 ECCI.ESIASTEN.
3342 537 3445 591 686

202 630 381 698 inopia
407 632 676 702 opprimi;
701 643 757 687 et
780 650 898 689 esse
923 645 1209 705 utrumque
1242 640 1617 703 miserabilem,
1646 642 1769 694 dum
1801 653 1847 705 Α
1879 644 2002 695 rede
2033 658 2092 696 se
2118 645 2339 706 cruciat,
2381 662 2522 699 nunc
2556 630 2623 699 ad
2651 648 2983 702 sodalitati-ui
3025 665 3200 704 sermo
3239 652 3447 707 confer-
3488 718 3495 725 ο

199 721 341 777 alius
361 732 731 795 propteropes
759 728 1110 796 periclitatur,
1142 730 1278 783 alius
1302 740 1518 798 propter
1538 731 1772 801 inopiam
1877 740 1982 792 tur,
2021 739 2077 783 et
2115 732 2312 785 dicitur
2357 734 2483 801 quid
2528 735 2649 788 boni
2694 736 2887 789 habeat
2920 741 3211 793 amicorum
3256 752 3445 796 contu-

154 858 159 863 .
200 821 441 882 egestate
481 816 783 871 coniicitur.
824 817 1028 873 Aliter:
1070 819 1258 873 Manus
1299 822 1490 874 crebro
1524 836 1623 889 pro
1648 836 1774 890 ope-
1875 820 2139 884 bernium,
2172 829 2226 874 et
2252 836 2535 877 commune
2564 825 2830 890 solatium,
2856 829 2980 895 quia
3006 837 3059 882 et
3092 830 3313 886 alterius
3338 834 3446 887 rui-

199 896 353 957 ribas
380 904 734 973 accipiantur.
782 906 992 963 Stultus
1033 910 1263 964 retrahit
1306 925 1497 964 manus
1538 924 1665 964 suas
1704 911 1774 964 ab
1874 923 1941 960 na
1968 908 2190 963 alterius
2212 912 2413 965 auxilio
2444 913 2791 981 sublevatur;
2835 926 2890 970 et
2920 934 3078 973 curas
3100 919 3446 988 domesticas,

197 1006 361 1059 opere
380 994 541 1059 bono,
572 1004 627 1049 et
664 1012 769 1051 non
790 998 903 1051 vult
932 998 1162 1053 viriliter
1198 1014 1380 1067 agere,
1410 999 1505 1053 sed
1541 1001 1775 1053 comedit
1874 997 2040 1064 ipsius
2070 1014 2281 1068 quoque
2312 1003 2485 1055 noctis
2513 1005 2753 1071 requiem
2798 1007 2986 1061 melius
3028 1011 3194 1080 exigit
3217 1013 3324 1076 ille,
3353 1017 3443 1083 qui

197 1092 391 1135 carnes
430 1098 573 1147 suas,
618 1086 671 1139 id
711 1093 810 1149 est,
863 1090 1155 1141 secundum
1202 1088 1437 1142 carnalia
1475 1090 1609 1143 vivit
1634 1090 1773 1143 desi-

197 1166 368 1231 deria,
406 1170 684 1225 tabescens
712 1174 764 1226 in
804 1174 1167 1243 voluptatibus
1206 1176 1339 1240 suis,
1388 1177 1557 1232 donec
1582 1193 1774 1233 consuo

196 1267 414 1311 tuantur
438 1258 591 1330 [ιιιἿ
620 1264 1065 1335 consummatur].

266 1377 429 1432 Vsus.
454 1378 507 1431 6.
536 1410 607 1419 —-
634 1380 823 1435 Melior
857 1393 932 1437 est
969 1384 1196 1453 pugillus
1235 1402 1354 1439 cum
1396 1388 1587 1457 requie,
1615 1406 1773 1457 quam

189 1465 347 1533 plena
375 1478 595 1538 utraque
621 1487 806 1524 manus
840 1488 954 1524 cum
985 1472 1160 1525 labore
1194 1482 1242 1526 et
1272 1476 1555 1544 afﬂictione
1587 1478 1768 1533 animi.

195 1554 383 1609 Melius
406 1566 490 1611 est
514 1559 780 1615 modicum
808 1563 1005 1617 habere
1036 1563 1203 1631 justo,
1231 1582 1390 1635 quam
1413 1567 1629 1622 divitias
1650 1584 1771 1636 pec-

189 1658 437 1704 catorum
463 1652 676 1706 multas.
727 1653 1012 1723 Eleganter
1049 1656 1260 1725 justitia
1308 1658 1547 1726 requiem
1586 1659 1767 1723 habet,

191 1740 453 1809 iniquitas
496 1741 772 1808 laborem;
818 1754 873 1798 et
915 1746 1040 1813 quia
1088 1747 1376 1815 singularis
1413 1750 1770 1803 numerustin

189 1830 334 1882 bono
360 1845 576 1899 semper
589 1830 878 1900 'accipitur,
906 1843 961 1887 et
990 1835 1181 1903 duplex
1208 1837 1262 1888 in
1288 1837 1448 1900 malo,
1489 1846 1769 1905 propterea

189 1934 330 1972 unus
371 1920 601 1988 pugillus
644 1921 805 1975 habet
844 1924 1106 1991 requiem,
1135 1932 1191 1977 et
1218 1926 1337 1978 dum
1374 1941 1563 1979 manus
1589 1926 1769 1980 labore

186 2015 316 2058 sunt
336 2005 524 2074 plenae.

258 2123 421 2177 Vsus.
451 2125 503 2188 7,
529 2125 582 2178 8.
603 2155 675 2165 —
700 2128 1046 2182 Considamus
1090 2133 1255 2199 reperi
1278 2142 1325 2185 et
1358 2133 1518 2185 aliam
1564 2135 1764 2185 vanita-

183 2220 293 2263 tem
319 2213 414 2264 sub
438 2212 545 2266 sole
567 2230 586 2267 :
616 2232 750 2269 unus
778 2225 872 2283 est,
916 2227 964 2270 et
988 2220 1273 2273 secundum
1313 2237 1415 2273 non
1457 2222 1631 2285 liabet,
1662 2238 1765 2275 non

184 2301 374 2365 ﬁlium,
423 2320 527 2356 non
556 2305 814 2373 fratrem;
854 2317 902 2360 et
944 2317 1117 2361 tamen
1154 2308 1394 2362 laborare
1436 2326 1537 2363 non
1575 2321 1759 2375 cessat,

180 2406 278 2442 nec
317 2393 578 2445 satiantur
607 2394 744 2447 oculi
786 2396 898 2463 ejus
942 2397 1158 2461 divitiis,
1198 2414 1290 2451 nec
1333 2401 1521 2467 cogitat
1563 2400 1758 2474 dicens,

184 2478 270 2529 cui
311 2478 489 2533 laboro
532 2491 578 2533 et
625 2482 815 2546 fraudo
857 2486 1085 2537 animam
1115 2502 1282 2539 meam
1322 2487 1466 2539 bonis
1490 2489 1515 2539 .’
1556 2488 1623 2541 In
1664 2489 1761 2541 Itoc

184 2570 390 2621 vanitas
423 2579 515 2633 est,
557 2581 605 2623 et
650 2573 855 2640 amictio
898 2576 1141 2641 pessima.
1193 2574 1495 2653 Conversus
1528 2592 1647 2630 sum
1692 2578 1759 2630 ad

182 2656 337 2718 alios,
369 2667 425 2711 et
455 2659 561 2712 vidi
584 2674 679 2713 eos
702 2660 821 2727 plus
842 2677 1003 2729 quam
1030 2678 1252 2718 necesse
1295 2675 1458 2727 esset,
1488 2666 1755 2731 laborare,

181 2762 509 2817 congregare
535 2765 666 2818 opes
688 2766 784 2819 per
806 2750 889 2805 fas
914 2762 967 2805 et
994 2753 1165 2818 nefas,
1207 2764 1260 2809 et
1289 2771 1396 2811 non
1419 2758 1495 2810 uti
1534 2771 1758 2825 congre-

181 2838 325 2904 gatis
346 2854 362 2900 ;
386 2826 582 2892 habere
603 2840 803 2904 omnia,
843 2841 1097 2896 incubare
1134 2844 1368 2907 divitias,
1394 2860 1612 2898 servare
1635 2845 1757 2898 aliis

183 2926 335 2995 [ἕδη
368 2926 619 2982 incubare
645 2929 847 2984 divitiis
882 2945 1079 2999 easque
1109 2944 1327 2985 servare
1348 2932 1549 3002 alteri],
1582 2942 1637 2985 et
1655 2949 1755 2987 suo

183 3017 368 3072 labore
413 3034 521 3073 non
568 3020 807 3088 perfrui;
858 3024 1090 3077 maxime
1130 3038 1253 3078 cum
1300 3038 1398 3076 nec
1443 3022 1609 3075 filium
1656 3038 1755 3077 nec

182 3106 405 3160 fratrem
432 3109 683 3174 habeant,
719 3125 815 3165 nec
855 3113 1227 3180 propinquum,
1263 3120 1323 3165 ut
1359 3112 1605 3165 videatur
1632 3113 1753 3181 pius

1871 1086 2037 1140 ﬁdum
2062 1090 2293 1143 amicum
2320 1091 2481 1145 habet
2506 1108 2667 1161 quam
2691 1096 2783 1165 qui
2823 1096 2953 1150 solis
2993 1100 3184 1164 opibus
3228 1101 3447 1156 incubat

1871 1178 2170 1245 acquisitis.
2223 1178 2377 1244 Quod
2405 1181 2449 1234 si
2486 1184 2758 1238 robustior
2798 1187 2921 1255 quis
2965 1188 3214 1243 inimicus
3259 1201 3447 1246 contra

1872 1278 2038 1317 unum
2084 1268 2401 1331 surrexerit,
2450 1268 2672 1325 alterius
2705 1273 3122 1327 imbecillitatem
3162 1279 3319 1332 amici
3360 1295 3446 1333 so-

1872 1348 2000 1404 latio
2026 1355 2316 1407 sustentari
2342 1356 2490 1409 dicit.
2529 1358 2594 1409 Et
2617 1370 2873 1426 quantum
2906 1362 3013 1416 duo
3039 1378 3146 1417 uno
3170 1364 3441 1433 dilierunt,

1872 1440 1917 1493 si
1945 1456 2129 1496 amore
2169 1443 2441 1511 conjuncti
2487 1456 2630 1510 sunt,
2663 1456 2809 1503 tanto
2848 1451 3008 1505 etiam
3049 1453 3209 1506 trium
3255 1465 3443 1509 contu-

1871 1529 2115 1583 bernium
2140 1533 2259 1599 plus
2298 1535 2491 1588 valere.
2527 1536 2735 1591 Etenim
2763 1554 2886 1593 vera
2912 1542 3183 1619 ‘eharitas,
3222 1552 3277 1597 et
3300 1538 3446 1599 nullo

1871 1620 2063 1672 violata
2098 1620 2283 1685 livore,
2308 1633 2509 1690 quanto
2545 1637 2769 1695 augetur
2792 1644 3032 1693 numero,
3064 1639 3212 1685 tanto
3249 1637 3446 1688 crescit

1871 1717 1924 1760 et
1950 1712 2161 1767 robore.
2186 1713 2255 1766 Et
2274 1714 2389 1767 hare
2419 1715 2633 1767 interim
2662 1718 2975 1787 simpliciter
3001 1720 3146 1775 dicta
3174 1723 3302 1776 sint.
3328 1722 3444 1778 Ca:-

1871 1806 2045 1853 terurn
2072 1802 2213 1870 quod
2239 1804 2293 1856 in
2318 1805 2579 1872 superiori
2622 1806 2739 1861 loco
2764 1823 2923 1877 super
2944 1810 3440 1883 Christoquorum-

1868 1888 1991 1940 dam
2019 1890 2418 1959 intelligentiam
2440 1897 2734 1962 posuimus,
2760 1908 2816 1951 et
2844 1899 2997 1969 [Hs.,
3027 1902 3211 1974 etiam]
3235 1905 3438 1973 reliqua

1797 1972 1842 2030 Β
1868 1980 2055 2034 eodem
2083 1984 2270 2038 ordine
2304 1987 2614 2043 disserenda
2640 1998 2782 2043 sunt.
2813 1991 2998 2046 Melius
3022 2003 3105 2047 est
3132 1972 3277 2049 enim
3308 1972 3443 2051 duos

1865 2074 2071 2139 pariter
2090 2090 2209 2129 esse
2236 2092 2398 2145 quam
2440 2094 2643 2133 unum:
2674 2082 2865 2135 melius
2902 2093 2985 2137 est
3014 2086 3157 2138 enim
3185 2087 3435 2141 habitan-

1866 2168 1973 2213 tem
2001 2163 2054 2215 in
2079 2178 2137 2216 se
2163 2164 2361 2219 habere
2380 2166 2677 2232 Christum,
2700 2185 2859 2238 quam
2886 2173 3058 2227 solum
3086 2173 3259 2245 [Apud
3281 2176 3433 2231 Hier.

1864 2248 2032 2302 solum
2057 2250 2299 2307 habitare
2320 2253 2393 2325 et]
2415 2263 2601 2323 patere
2622 2258 2829 2313 insidiis
2848 2261 3198 2317 adversantis.
3233 2264 3437 2321 Merces

1862 2337 2059 2406 quippe
2081 2341 2417 2396 contubernii
2454 2346 2635 2398 statim
2671 2348 2726 2399 in
2751 2332 2864 2416 ipsa
2906 2352 3181 2406 societatis
3205 2354 3436 2409 utilitate

1862 2436 2214 2482 monstratur.
2245 2430 2302 2484 Si
2348 2434 2491 2486 enim
2518 2436 2772 2489 ceciderit
2796 2453 2953 2503 unus,
2997 2439 3243 2497 Christus
3269 2446 3437 2514 eriget

1859 2517 2173 2584 participem
2213 2534 2388 2573 suum.
2424 2522 2515 2575 Va:
2546 2524 2737 2592 Quippe
2766 2528 2838 2589 ei,
2867 2529 2957 2595 qui
2984 2544 3104 2582 cum
3146 2536 3432 2597 corruerit,

1857 2604 2130 2661 Christum
2153 2609 2205 2660 in
2225 2624 2284 2663 se
2306 2624 2413 2664 non
2434 2610 2595 2665 habet
2613 2615 2927 2684 erigentem.
2955 2617 3106 2684 Quod
3128 2622 3172 2675 si
3201 2630 3256 2675 et
3278 2621 3405 2692 [Νι.
3419 2664 3433 2683 .

1856 2696 2041 2767 etiam]
2071 2698 2353 2753 dormierit
2379 2716 2539 2765 unus,
2571 2704 2674 2757 hoc
2713 2715 2816 2769 est,
2846 2708 2891 2761 si
2920 2718 3094 2764 morte
3131 2711 3297 2766 fuerit
3330 2713 3434 2767 dis-

1856 2785 2082 2850 solutus,
2111 2795 2168 2841 et
2202 2802 2382 2842 secum
2424 2789 2695 2845 Christum
2738 2794 3004 2861 habuerit,
3043 2799 3334 2855 calefactus
3356 2803 3435 2855 ci-

1856 2873 1964 2927 tius
1990 2875 2297 2940 reviviscit;
2328 2886 2383 2931 et
2410 2880 2454 2933 si
2482 2880 2736 2935 adversus
2766 2884 3034 2939 hominem
3074 2891 3343 2943 robustior
3372 2892 3425 2944 in

1855 2965 2210 3032 expugnando
2236 2966 2482 3022 diabolus
2516 2972 2801 3035 exstiterit,
2849 2978 3013 3029 sta!:it
3055 2979 3234 3043 homo,
3267 2982 3434 3035 stabit

1852 3058 1908 3103 et
1930 3049 2177 3107 Christus
2222 3069 2319 3121 pro
2352 3056 2566 3111 homine
2608 3073 2723 3124 suo,
2774 3076 2871 3129 pro
2914 3064 3081 3118 sodali
3130 3082 3267 3121 suo:
3310 3058 3431 3123 non

1853 3140 1995 3206 quod
2025 3140 2191 3194 solius
2218 3140 2416 3196 Christi
2441 3144 2697 3201 adversus
2722 3148 2990 3204 diabolum
3017 3155 3186 3209 virtus
3212 3158 3418 3211 inlimra

182 3198 333 3251 labor
352 3199 669 3263 necessariis
696 3208 1017 3253 reservatus.
1053 3200 1195 3253 Nihil
1222 3202 1403 3270 itaque
1424 3203 1613 3256 vanius
1631 3217 1743 3256 esse

184 3287 505 3312 -l-__-L---aI:
579 3303 732 3312 _----_.
782 3306 896 3312 ---μ
946 3292 1209 3312 L-_.:_-_.
1250 3292 1331 3312 ---ξ
1382 3292 1585 3312 J:__:.:__
1625 3306 1711 3312 ---

1797 3292 1824 3312 η
1853 3198 1946 3292 sit,
1972 3230 2065 3283 sed
2089 3232 2230 3297 quod
2258 3232 2482 3286 liberum
2510 3198 2709 3289 homini
2729 3198 3059 3307 relinquitur
3084 3198 3244 3312 Hii:

181 3287 529 3371 deprehendi,
575 3303 736 3357 quam
778 3306 901 3345 eum
945 3292 1213 3344 hominem
1244 3292 1589 3387 quiAdivitias
1613 3306 1747 3387 φη·
1771 3292 1825 3383 ’Β
1854 3287 2071 3387 mm]

180 3366 391 3444 gregat,
435 3378 521 3430 cui
570 3392 663 3431 eas
711 3379 974 3447 relinquat
1018 3381 1289 3449 ignorans.
1341 3380 1492 3446 Quod
1536 3380 1752 3449 quidem

180 3479 465 3532 possumus
498 3468 793 3521 secundum
838 3469 1072 3543 priorem
1111 3468 1261 3539 μη,
1295 3468 1646 3539 superiorem]
1675 3470 1754 3522 in-

180 3554 616 3622 terpretationem
635 3564 692 3609 et
713 3557 779 3611 de
798 3557 882 3610 his
905 3544 1200 3623 intelligere
1223 3558 1313 3625 qui
1340 3558 1504 3611 libros
1523 3559 1755 3611 conseri-

106 3638 111 3643 ”
180 3641 386 3694 buntet
405 3656 499 3694 eos
523 3641 812 3697 fastidiosis
854 3645 1142 3717 lectoribus
1172 3646 1495 3713 relinquunt.
1526 3644 1752 3709 Quidam

177 3731 322 3784 hunc
347 3730 524 3783 locum
550 3732 617 3785 ab
642 3748 730 3796 eo,
756 3737 897 3800 quod
924 3736 1022 3798 ait,
1051 3752 1184 3788 unus
1228 3746 1322 3798 est,
1349 3745 1398 3787 et
1437 3752 1540 3787 non
1562 3745 1635 3787 est
1672 3751 1752 3788 se-

176 3821 403 3884 cundus,
430 3836 592 3890 super
614 3820 890 3877 Salvatore
920 3824 1337 3891 interpretantur
1362 3842 1375 3875 :
1426 3826 1569 3891 quod
1608 3824 1752 3877 solus

176 3919 230 3962 et
252 3910 455 3978 absque
481 3911 589 3964 ullo
613 3913 808 3966 comite
828 3913 895 3966 ad
920 3912 1231 3966 salvandum
1256 3912 1508 3965 mundum
1532 3911 1752 3964 descen-

171 3995 293 4060 dit;
321 4004 377 4049 et
403 4013 708 4067 quanquam
736 3999 890 4053 multi
912 4000 1005 4053 lilii
1032 4001 1124 4053 Bei
1146 4001 1272 4064 sint,
1293 4008 1348 4054 et
1369 4000 1562 4054 fratres
1588 4001 1750 4069 adop-

177 4085 325 4139 tione
347 4086 614 4151 dicantur,
663 4095 839 4141 tamen
886 4089 1062 4141 nullus
1089 4090 1283 4155 dignus
1326 4090 1533 4143 exstitit
1572 4091 1661 4157 qui
1693 4090 1748 4142 in

171 4177 281 4230 hoc
309 4176 360 4230 ei
383 4190 543 4244 opere
557 4174 892 4244 iungeretur.
922 4176 1085 4245 Cujus
1110 4177 1351 4230 laborum
1376 4192 1483 4230 non
1503 4184 1586 4230 est
1602 4176 1746 4241 linis,

176 4268 442 4336 portantis
478 4252 669 4321 nostra
703 4268 833 4321 vitia
880 4275 1041 4334 atque
1081 4274 1321 4335 peccata,
1357 4274 1409 4318 et
1450 4281 1547 4336 pro
1594 4267 1747 4321 nobis

175 4356 322 4409 dolet
346 4372 362 4420 ;
387 4364 446 4409 et
471 4356 660 4411 oculus
686 4355 801 4423 ejus
836 4371 942 4410 non
968 4356 1252 4410 satiabitur
1280 4356 1500 4419 divitiis,
1536 4370 1746 4425 semper

173 4451 415 4499 nostram
438 4445 660 4512 cupiens
685 4445 929 4507 salutem,
956 4452 1011 4498 et
1053 4451 1254 4513 quanto
1281 4443 1399 4510 plus
1422 4458 1579 4510 quem
1623 4458 1746 4510 pec—

174 4546 301 4585 care
323 4530 537 4593 viderit,
566 4538 716 4585 tanto
740 4532 908 4600 magis
943 4532 1010 4584 ad
1050 4531 1417 4599 paenitentiam
1454 4530 1743 4583 cohortans

1342 4616 1404 4627 Η
2110 4612 2161 4614 η
2401 4612 2576 4618 _-----
2629 4612 2701 4621 η-
2782 4612 2859 4623 ..ω
2949 4612 3015 4625 ...-
3053 4612 3097 4627 ι.
3133 4612 3179 4629 ς.
3208 4612 3266 4631 ..ι
3305 4612 3413 4635 κηκ

176 4618 667 4733 [Πιὶθοθηξθηῆς
693 4618 985 4733 “ginem
1004 4618 1286 4733 ίίξεξξίίθθίδ
1773 4612 1820 4669 D
1842 4665 1960 4701 sene
1988 4666 2103 4719 rege
2142 4661 2191 4704 et
2233 4652 2391 4706 stulto
2420 4656 2510 4723 qui
2556 4658 2713 4709 nescit
2741 4612 3006 4727 proridrire
3019 4612 3078 4716 in
3112 4612 3371 4733 postergum
3394 4690 3413 4726 :

1840 4741 1977 4808 quod
1997 4752 2043 4794 et
2064 4741 2127 4793 de
2152 4759 2357 4797 carcere
2383 4748 2677 4816 catenisque
2699 4750 2958 4805 interdum
2984 4756 3097 4822 quis
3119 4761 3413 4826 egrediatur

174 4723 284 4777 quo
308 4708 593 4776 Apostolus
612 4708 688 4761 ait
710 4722 724 4760 :
756 4707 822 4760 Et
844 4707 950 4776 ipse
975 4706 1185 4773 spiritus
1210 4702 1437 4785 postulat
1470 4720 1563 4772 pro
1593 4705 1737 4757 nobis

171 4798 448 4867 gemitibus
483 4796 915 4852 insanabilibus
944 4794 1119 4866 (Rom.
1145 4812 1261 4857 vni,
1290 4793 1405 4863 26),
1431 4794 1485 4847 id
1509 4803 1611 4857 est,
1643 4810 1740 4849 nos

174 4900 393 4955 gemere
414 4884 558 4939 facit.
590 4884 669 4938 Ita
692 4894 747 4939 et
782 4886 871 4940 hic
898 4885 1040 4939 dolet
1078 4884 1341 4946 Christus,
1368 4883 1492 4951 quia
1528 4899 1625 4938 nos
1649 4886 1740 4937 do-

174 4976 287 5033 lere
309 4976 441 5031 facit
468 4991 565 5045 pro
588 4976 821 5045 peccatis
845 4977 1062 5030 nostris.

243 5096 406 5168 m
426 5096 591 5151 Vsus.
611 5096 765 5151 9-12.
792 5125 858 5135 —
878 5094 1066 5149 Helius
1084 5111 1203 5164 ergo
1223 5105 1297 5149 est
1316 5097 1445 5150 duos
1465 5096 1620 5149 simul
1634 5111 1743 5149 esse

175 5201 334 5253 quam
379 5201 580 5238 unum:
623 5184 811 5237 habent
854 5185 989 5237 enim
1032 5184 1431 5237 emolumentum
1479 5188 1740 5238 societatis

176 5288 286 5326 sua
305 5289 326 5337 ;
347 5273 394 5325 si
422 5289 556 5325 unus
579 5274 837 5337 ceciderit,
865 5275 928 5325 ab
965 5274 1124 5325 altero
1171 5272 1431 5338 fulcietur.
1491 5272 1577 5327 Vc
1618 5276 1737 5339 soli,

175 5362 301 5431 quia
323 5375 443 5412 cum
462 5361 733 5424 corruerit,
758 5378 862 5414 non
887 5362 1034 5415 liabet
1053 5361 1417 5414 sublevantem.
1452 5360 1522 5413 Et
1550 5363 1595 5415 si
1619 5363 1739 5415 dor-

177 5451 386 5503 mierint
424 5449 549 5513 duo,
587 5449 897 5519 ferebantur
922 5460 1138 5513 mutuo;
1183 5466 1316 5503 unus
1360 5451 1616 5518 quomodo
1644 5468 1737 5505 ca-

89 5571 93 5574 ›
178 5538 311 5605 leﬁet
353 5537 380 5589 Ρ
426 5537 494 5591 Et
541 5538 588 5591 si
634 5538 892 5607 quispiam
942 5539 1268 5607 prmluerit
1316 5548 1494 5591 contra
1554 5556 1734 5605 unum,

178 5625 282 5678 duo
308 5625 548 5679 resistunt
572 5626 639 5679 ei.
681 5624 972 5707 Funisulus
1006 5625 1193 5695 triplex
1218 5624 1419 5696 difﬁcile
1460 5628 1733 5696 rumpitur.

2095 3320 2396 3385 arbitrium,
2424 3330 2476 3375 et
2494 3324 2855 3380 adnitentibus
2880 3330 3051 3393 nobis,
3074 3332 3265 3400 ipsein
3292 3350 3427 3401 pra!-

1856 3404 2035 3459 liando
2074 3406 2264 3460 fortior
2311 3409 2419 3462 lict.
2454 3410 2604 3475 Quod
2630 3414 2673 3465 si
2702 3422 2757 3468 et
2806 3415 2957 3485 [51s,
3002 3421 3141 3485 quod
3163 3422 3207 3474 si
3236 3423 3423 3495 etiam]

1850 3494 2017 3548 Pater
2040 3507 2094 3549 et
2142 3496 2307 3569 Filius
2332 3508 2386 3552 et
2430 3500 2662 3569 Spiritus
2695 3516 2910 3560 sanctus
2957 3509 3284 3573 advenerim,
3318 3528 3424 3569 non

1853 3584 1960 3636 cito
1987 3596 2362 3653 corrumpetur
2390 3587 2541 3657 [Ms.,
2577 3594 2860 3663 rumpitur]
2890 3596 2989 3648 ista
3026 3598 3295 3652 sodalitas.
3347 3599 3422 3654 De

1852 3670 1954 3723 hac
1982 3673 2265 3727 sodalitate
2291 3676 2344 3727 in
2392 3676 2679 3748 Evangelia
2720 3682 2954 3735 dicitur:
3000 3684 3068 3737 Et
3104 3695 3251 3753 pater
3276 3704 3422 3753 meus

1851 3759 2026 3829 diliget
2050 3777 2187 3827 eum,
2216 3773 2263 3816 et
2302 3764 2372 3817 ad
2397 3782 2514 3818 eum
2542 3771 2821 3829 veniemus,
2849 3783 2896 3824 et
2933 3776 3251 3830 mansionem
3279 3780 3418 3847 apud

1848 3865 1965 3901 eum
1992 3850 2261 3917 facimus.
2286 3854 2351 3905 Et
2377 3855 2533 3921 paulo
2559 3867 2711 3923 post:
2757 3860 3064 3916 Paracletus
3100 3875 3272 3919 autem
3299 3864 3418 3936 Spi-

1851 3944 2003 4006 ritus,
2030 3944 2135 4013 ipse
2156 3960 2245 3998 vos
2290 3946 2487 3999 docebit
2531 3951 2705 4001 omnia
2732 3950 2909 4021 (Joan.
2942 3970 3051 4017 xrv,
3074 3956 3161 4019 25,
3192 3956 3314 4026 26);
3346 3959 3422 4012 si-

1848 4033 2111 4101 gnificans
2149 4035 2329 4100 trium,
2362 4036 2415 4089 id
2454 4044 2555 4102 est,
2597 4038 2789 4102 Patris,
2821 4050 2876 4093 et
2922 4042 3061 4106 Filii,
3090 4054 3142 4099 et
3187 4046 3422 4115 Spiritus

1848 4124 2036 4183 sancti,
2066 4139 2229 4178 unum
2252 4140 2370 4180 esse
2386 4141 2538 4195 opus,
2556 4136 2611 4182 et
2637 4146 2798 4183 unam
2823 4134 3153 4186 mansionem
3179 4135 3233 4187 in
3255 4137 3420 4190 corde

1847 4210 2116 4279 diligentis
2154 4213 2341 4267 Deum.
2389 4215 2540 4279 Quod
2576 4220 2819 4285 superius
2862 4221 3016 4282 dixit,
3057 4222 3103 4275 si
3132 4239 3266 4276 unus
3288 4227 3416 4277 dor—

1844 4298 2037 4361 mierit,
2062 4300 2319 4367 quomodo
2342 4300 2581 4369 caleﬁet?
2607 4303 2717 4358 Nisi
2767 4307 2931 4375 igitur
2957 4310 3231 4365 nobiscum
3257 4311 3417 4366 Chri-

1845 4393 1959 4440 stus
2012 4387 2307 4453 dormierit,
2355 4398 2411 4445 et
2461 4393 2513 4445 in
2564 4404 2735 4447 morte
2788 4398 3126 4464 requieverit,
3180 4404 3413 4461 calorem

1843 4480 2057 4527 reterns:
2085 4476 2208 4529 vitm
2235 4478 2481 4545 accipere
2512 4493 2615 4532 non
2642 4482 2899 4535 valemus.

1914 4560 2073 4613 Vsus.
2104 4562 2283 4616 i346.
2303 4593 2375 4603 ——
2401 4564 2591 4618 Melior
2628 4578 2704 4621 est
2744 4586 2873 4638 puer
2914 4589 3111 4642 pauper
3133 4588 3182 4629 et
3208 4582 3415 4648 sapiens

1842 4829 1911 4880 ad
1940 4845 2171 4896 regnum,
2222 4839 2272 4881 et
2314 4831 2450 4885 alius
2499 4844 2653 4887 natus
2699 4838 2753 4889 in
2788 4854 2960 4905 regno,
3007 4843 3180 4911 inopia
3225 4864 3410 4901 causa-

1843 4926 2035 4971 matur.
2098 4916 2213 4970 Vidi
2252 4932 2462 4974 cunctos
2498 4924 2714 4977 riventes
2740 4928 2829 4995 qui
2872 4932 3136 4986 ambulant
3164 4938 3256 4990 sub
3280 4940 3406 5000 so'r,

1843 5019 1959 5055 cum
1988 5003 2306 5059 adolescente
2324 5011 2547 5063 secundo
2573 5014 2661 5081 qui
2688 5022 2948 5087 consurgit
2973 5038 3066 5088 pro
3094 5040 3173 5075 eo.
3213 5019 3405 5093 Inﬁni-

1841 5103 1923 5145 tus
1949 5103 2022 5145 est
2049 5111 2293 5150 numerus
2314 5100 2489 5167 populi
2509 5105 2738 5157 omnium
2762 5108 2850 5175 qui
2876 5107 3084 5175 [uerunt
3113 5124 3231 5165 ante
3249 5130 3364 5167 eum
3388 5134 3404 5177 ;

1840 5192 1886 5234 et
1914 5183 2002 5250 qui
2037 5195 2216 5253 postea
2255 5187 2419 5253 futuri
2444 5200 2587 5253 sunt,
2616 5208 2718 5245 non
2752 5194 3066 5250 lmtabuntur
3104 5202 3160 5251 in
3188 5217 3267 5253 co.
3302 5200 3404 5257 Sed

1838 5274 2011 5327 ethoc
2038 5276 2241 5330 vanitas
2282 5287 2331 5330 et
2376 5279 2581 5349 aﬂiictio
2625 5284 2856 5351 spiritus.
2909 5286 3114 5341 “ehi-rel
3159 5290 3302 5346 hunc
3328 5292 3405 5346 lo-

1838 5376 1962 5414 cum
2009 5362 2084 5417 ita
2124 5365 2428 5424 disserunt:
2482 5368 2667 5422 Ieiior
2707 5381 2791 5426 est
2829 5373 3053 5429 interior
3092 5379 3271 5442 homo,
3309 5382 3399 5449 qui

1822 5460 1957 5520 post
2005 5456 2517 5522 quartumdecimum
2563 5462 2859 5527 pubertatis
2904 5469 3101 5521 annum
3150 5470 3205 5523 in
3247 5471 3401 5533 nobis

1837 5542 2101 5608 exoritur,
2121 5546 2387 5599 exteriore
2407 5546 2645 5615 homine,
2665 5552 2755 5619 qui
2776 5553 2842 5608 de
2862 5558 3049 5611 matris
3071 5566 3224 5613 utero
3244 5559 3397 5631 μὴ,

1838 5632 1979 5703 alvo]
2001 5643 2161 5689 natus
2186 5642 2288 5698 est,
2314 5636 2404 5703 qui
2435 5639 2605 5691 nescit
2646 5642 2897 5699 recedere
2918 5659 2949 5697 a
2981 5645 3135 5712 vitio,
3169 5656 3226 5701 et
3248 5649 3340 5717 qui
3366 5666 3398 5704 e

178 5716 307 5771 Post
330 5716 717 5772 sollicitudines
744 5726 799 5773 et
841 5719 1105 5783 miserias,
1137 5721 1191 5773 in
1218 5722 1415 5798 quibus
1453 5729 1737 5790 corruptus
1838 5720 1996 5775 domo
2022 5723 2270 5777 vitiorum
2296 5720 2447 5792 [ls.,
2476 5724 2821 5800 vinctorum],
2849 5730 2916 5784 de
2954 5740 3110 5788 utero
3152 5716 3398 5790 videlicet

178 5814 258 5859 est
282 5804 372 5862 ille
396 5805 489 5875 qui
523 5805 577 5859 in
612 5806 801 5875 opibus
822 5807 1197 5877 conquirendis
1230 5813 1429 5882 absque
1453 5818 1598 5866 certo
1627 5810 1743 5905 hm-q

1838 5814 2103 5876 materno,
2133 5810 2197 5864 ad
2240 5808 2342 5865 hoc
2368 5812 2533 5867 exivit
2562 5821 2624 5868 ut
2660 5828 2909 5889 regnaret
2936 5820 2990 5875 in
3033 5822 3198 5890 vitiis,
3226 5825 3316 5896 qui
3341 5840 3395 5880 ei
