4338 6452
1028 416 1435 474 EXEGETICA.
1474 443 1545 456 --
1587 409 1940 470 COIHENT.
1982 412 2046 467 ΙΝ
2086 412 2617 469 ECCLESIASTEN.

3312 419 3415 477 690

176 532 312 587 tales
332 530 538 592 fecerit.
575 536 635 583 ut
670 524 875 584 carnali
902 528 1169 584 desiderio
1208 526 1446 598 superati
1484 533 1745 594 cogantur
1773 531 1821 587 Α
1847 532 2055 589 segetes
2086 536 2352 576 messores
2379 524 2565 578 venire
2604 522 2861 591 iussurus
2886 532 2987 591 est,
3012 522 3093 580 'ut
3138 536 3417 598 separetur

176 633 432 690 peccare;
468 627 526 673 et
550 619 654 673 hoc
675 626 775 681 est,
819 618 963 687 quod
1002 619 1078 671 ait
1106 634 1119 671 :
1162 617 1245 672 Ns
1265 616 1469 669 dederis
1496 632 1552 669 os
1577 623 1741 677 tuum,

177 720 472 778 aspectare
507 708 683 776 [scias
714 724 924 762 cernens
968 717 1132 760 tuane.
1177 706 1295 761 Noli
1348 706 1549 773 itaque,
1601 702 1745 774 [ait,]

174 813 343 855 vanas
383 797 762 855 excusationes
803 810 1066 865 qumrere,
1126 803 1180 851 et
1228 796 1358 850 dare
1409 794 1747 849 occasionem

176 887 327 943 carui
352 894 458 941 tua:
480 885 548 941 ad
570 884 920 955 peccandum,
955 892 1012 939 et
1038 884 1217 939 dicere
1245 901 1256 935 :
1288 883 1404 937 Non
1432 898 1533 953 ego
1555 896 1739 951 pecco,

176 980 273 1034 sed
310 978 455 1047 quod
483 977 691 1035 habitat
724 977 779 1030 in
814 990 932 1031 mea
970 990 1131 1030 carne
1158 982 1455 1043 peccatum.
1484 972 1543 1026 Si
1580 972 1746 1036 enim,

176 1068 369 1138 inquit,
394 1069 511 1123 hac
534 1067 755 1130 dixeris,
792 1067 959 1121 Deum
995 1081 1255 1135 provocas
1283 1065 1435 1133 quasi
1470 1071 1747 1118 auctorem

176 1158 303 1214 mali
323 1167 486 1227 atque
518 1158 747 1229 peccati,
774 1165 834 1211 ut
860 1157 1029 1211 iratus
1070 1156 1168 1219 sit;
1201 1164 1256 1209 et
1298 1154 1344 1208 si
1392 1152 1519 1222 quid
1548 1152 1750 1206 videris

173 1250 303 1306 boni
327 1250 547 1313 habere,
570 1247 778 1303 auferet
803 1248 867 1302 de
891 1248 1138 1300 manibus
1164 1245 1300 1309 tuis;
1332 1243 1417 1297 vel
1445 1252 1593 1297 certe
1620 1243 1748 1295 talia

62 1392 67 1395 _
174 1339 515 1403 sentientem,
546 1340 722 1393 tradet
750 1346 801 1392 te
826 1338 881 1409 in
911 1337 1199 1406 reprobum
1228 1327 1467 1400 sensum,
1491 1341 1553 1388 ut
1577 1333 1748 1388 facias

173 1445 239 1487 ea
265 1432 386 1501 qua
413 1445 521 1485 non
541 1429 887 1485 conveniunt.
946 1484 965 1491 _
1046 1490 1075 1501 _

248 1518 410 1574 Vsus.
450 1517 503 1573 6.
532 1546 604 1559 -
629 1516 732 1571 Ubi
768 1514 933 1571 multa
967 1520 1088 1569 sunt
1115 1514 1343 1578 uuida,
1367 1512 1606 1584 plurium
1628 1518 1752 1564 sunt

173 1609 431 1663 καίωσι
454 1616 503 1662 et
527 1620 785 1661 sermones
821 1604 1101 1659 innunteri.
1143 1601 1222 1660 Tu
1254 1619 1369 1657 vero
1407 1600 1575 1655 Deunt
1604 1600 1744 1653 tinte.

172 1697 245 1751 Et
268 1697 415 1751 hunc
434 1694 610 1749 locum
642 1693 849 1749 Hebraei
874 1693 950 1747 ita
978 1691 1281 1748 edisseram
1310 1709 1322 1743 :
1355 1704 1453 1743 nec
1472 1688 1747 1760 superiora

173 1788 363 1851 facias,
391 1788 460 1841 de
490 1786 685 1856 quibus
704 1783 817 1853 iam
842 1782 1044 1837 dictum
1073 1789 1175 1847 est,
1213 1797 1313 1836 nec
1341 1779 1500 1835 facile
1525 1779 1748 1834 somniis

174 1878 385 1935 credas.
421 1875 553 1932 Cum
597 1875 743 1929 enim
776 1874 985 1929 diversa
1037 1872 1234 1927 videris
1280 1885 1378 1940 per
1428 1878 1744 1923 nocturnam
1772 1860 1819 1921 Β

172 1966 434 2036 quietem,
461 1973 517 2019 et
545 1963 709 2019 variis
750 1962 928 2017 anima
965 1960 1128 2015 fuerit
1154 1960 1420 2029 exagitata
1449 1957 1745 2011 terroribus

175 2056 293 2111 sive
321 2054 546 2109 incitata
591 2051 892 2123 promissis,
939 2057 997 2105 tu
1026 2058 1329 2111 contemne,
1369 2044 1494 2116 quia
1540 2044 1745 2099 somnia

174 2155 324 2213 sunt,
346 2154 403 2201 et
443 2145 615 2201 solum
646 2146 813 2202 Deum
840 2145 1001 2209 time;
1027 2143 1122 2212 qui
1149 2142 1291 2197 enim
1321 2140 1543 2197 somniis
1575 2139 1749 2195 credi-

175 2236 335 2302 derit,
364 2234 693 2291 vanitatibus
716 2241 777 2303 pt
805 2231 1021 2303 ineptiis
1048 2246 1108 2287 se
1149 2230 1341 2285 tradet:
1376 2229 1549 2283 Aliter
1576 2247 1588 2281 :
1621 2228 1747 2297 quia

175 2323 290 2377 dixi
328 2331 489 2392 atque
520 2320 771 2391 precepi,
820 2336 928 2374 non
975 2320 1071 2374 des
1103 2335 1165 2373 os
1202 2328 1373 2382 tuum,
1424 2324 1484 2371 ut
1522 2332 1751 2387 peccare

175 2412 351 2469 facias
372 2430 589 2469 carnem
618 2421 786 2478 tuam,
821 2419 875 2466 et
912 2425 1120 2480 quaeras
1145 2425 1311 2463 vanas
1351 2407 1502 2480 [lfs.,
1547 2404 1747 2478 varias]

173 2505 581 2569 excusationes;
609 2504 715 2558 hoc
742 2517 886 2557 nunc
916 2500 1109 2565 infero,
1141 2500 1282 2569 quod
1318 2499 1373 2553 in
1413 2512 1603 2553 somno
1627 2496 1753 2551 vita:

174 2591 355 2659 istius,
380 2601 437 2648 et
480 2594 536 2648 in
586 2593 817 2663 imagine
862 2592 1069 2646 umbra:
1120 2590 1296 2652 nubis,
1353 2604 1458 2658 qua
1502 2588 1750 2655 vivimus,

176 2682 347 2736 multa
374 2697 657 2752 possumus
700 2680 943 2735 invenire
990 2695 1109 2748 quae
1143 2678 1300 2734 nobis
1324 2675 1639 2733 verisimilia
1671 2676 1753 2730 vi-

176 2770 409 2827 deantur
428 2778 487 2825 et
517 2779 703 2825 nostra
740 2783 999 2826 excusare
1044 2776 1286 2837 peccata.
1323 2767 1614 2835 Propterea
1658 2768 1753 2821 ad-

177 2876 391 2926 moneo,
423 2870 483 2917 ut
508 2860 560 2915 id
598 2859 920 2915 omnimodis
948 2872 1157 2923 caveas,
1188 2870 1255 2910 ne
1290 2861 1448 2925 putes
1475 2856 1750 2909 absentem

178 2954 350 3008 Deum
378 2952 446 3007 ab
476 2950 728 3020 cperibus
763 2948 891 3013 tuis,
923 2948 1032 3002 imo
1066 2954 1122 3001 et
1168 2944 1582 3016 cogitationibus
1622 2958 1750 3014 per-

177 3042 372 3105 versis,
401 3040 497 3095 sed
522 3054 641 3094 eum
673 3039 883 3102 timeas,
920 3045 975 3092 et
1003 3038 1144 3092 scias
1171 3036 1225 3090 in
1259 3036 1470 3091 cunctis
1500 3034 1753 3104 operibus

177 3131 289 3187 tuis
322 3130 438 3199 ejus
469 3128 857 3199 providentiam
906 3141 1043 3190 esse,
1094 3136 1253 3195 teque
1300 3126 1473 3181 libero
1523 3125 1751 3180 arbitrio

180 3184 538 3293 liberi
566 3215 803 3287 arbitrii]
849 3184 1141 3281 conditum,
1166 3184 1291 3269 .non
1327 3216 1467 3286 cogi,
1499 3212 1595 3269 sed
1620 3212 1748 3285 [ιι.
1778 3184 1827 3252 c

178 3326 286 3365 oni.
320 3307 438 3380 sed]
470 3306 627 3373 velle,
650 3306 797 3377 quod
824 3304 1013 3361 facias.

251 3400 414 3457 Vsus.
446 3399 502 3465 7,
526 3399 580 3455 8.
606 3429 675 3439 —
706 3396 768 3455 Si
813 3397 1001 3452 videris
1046 3394 1336 3451 calumnias
1364 3410 1665 3465 egenorum,
1704 3402 1754 3450 et

176 3489 405 3549 uiolenta
435 3490 581 3563 [ιιι.
611 3488 827 3561 violata]
842 3488 1069 3558 judicia,
1098 3496 1145 3542 et
1167 3487 1395 3542 subverti
1412 3486 1678 3556 justitiam
1698 3486 1753 3539 in

178 3580 467 3652 provincia,
510 3594 615 3633 non
638 3580 843 3632 mireris
862 3594 1020 3648 super
1043 3579 1139 3631 hoc
1162 3578 1387 3647 negotio,
1414 3578 1537 3647 quia
1564 3572 1754 3647 [excel-

180 3667 266 3743 se]
290 3667 638 3744 excelsiore“
679 3667 838 3733 alius,
884 3676 930 3720 et
976 3681 1130 3737 super
1176 3666 1269 3719 bos
1296 3667 1495 3734 quoque
1521 3663 1666 3735 [Ms.,
1705 3673 1755 3717 et

179 3764 280 3818 Itee
299 3760 522 3835 quoque]
542 3761 901 3817 eminentiores
918 3766 1039 3813 sunt
1060 3756 1172 3824 alii,
1198 3764 1247 3811 et
1270 3756 1481 3825 insuper
1500 3755 1752 3809 universa

180 3866 337 3909 terra:
363 3867 455 3907 res
486 3854 717 3924 imperat
738 3852 998 3907 servienti.
1034 3849 1209 3907 Unum
1239 3846 1613 3917 disputationis
1640 3860 1754 3900 ser-

180 3955 380 4026 vemus.
407 3947 634 4005 textum,
663 3947 718 3994 et
761 3941 1008 3996 eumdem
1053 3954 1269 3997 sensum
1298 3946 1353 3993 et
1387 3938 1627 3993 ordinem
1671 3951 1755 3991 se-

180 4024 432 4102 quamur.
469 4028 644 4101 Supra
668 4026 838 4085 dixit:
870 4028 953 4083 Ne
982 4029 1175 4082 dixeris
1205 4042 1382 4081 coram
1416 4025 1620 4096 angelo,
1648 4042 1753 4081 non

179 4129 258 4176 est
280 4119 622 4193 providentia,
650 4130 714 4173 ne
737 4116 872 4188 forte
900 4119 1163 4171 irascatur
1206 4114 1349 4169 Deus
1388 4130 1543 4184 super
1581 4130 1753 4168 vocent

178 4221 329 4288 tum
354 4218 411 4266 et
438 4210 665 4281 reliqua.
692 4208 1070 4279 Adversasque
1114 4221 1207 4262 eos
1248 4205 1460 4261 locutus
1509 4211 1613 4269 est,
1658 4204 1752 4274 qui

180 4311 445 4376 negarent
467 4317 565 4374 per
594 4290 990 4373 providentiam
1036 4298 1133 4356 Dei
1184 4312 1272 4354 res
1318 4297 1582 4353 humanas
1616 4294 1749 4364 regi.

183 4391 293 4450 Sed
317 4394 407 4449 hic
442 4391 721 4469 intellexit
766 4390 899 4446 oriri
942 4404 1101 4461 posse
1144 4386 1451 4457 huiusmodi
1508 4384 1754 4455 quaestio-

182 4494 350 4538 nem:
382 4480 441 4536 si
458 4494 489 4533 a
537 4479 664 4534 Deo-
680 4485 900 4532 auctore
942 4490 1031 4530 res
1077 4475 1282 4545 regitur
1315 4475 1546 4528 humana
1594 4470 1749 4543 μὴ,

182 4585 273 4627 res
306 4574 566 4639 reguntur
603 4563 893 4636 humanm],
924 4574 1092 4634 quare
1138 4560 1269 4631 justi
1314 4561 1635 4639 calumniam
1663 4575 1754 4628 pa-

184 4637 412 4723 tiuntur,
440 4650 495 4713 et
520 4670 689 4728 quare
714 4655 882 4725 iniqui
925 4660 1049 4709 sunt
1084 4652 1311 4723 iudices,
1361 4637 1417 4706 et
1466 4666 1571 4705 non
1607 4649 1749 4706 Deus

185 4750 467 4807 ulciscitur
486 4750 541 4805 in
565 4764 657 4805 eos
681 4748 772 4817 qui
796 4747 978 4816 iniqua
1006 4745 1205 4801 faciunt
1232 4741 1575 4817 etjudicant?
1602 4742 1755 4799 Nunc

186 4837 367 4902 infert,
394 4842 450 4892 et
476 4836 633 4894 solvit
672 4836 1021 4904 quaestionem
1050 4848 1169 4904 quae
1199 4839 1409 4903 poterat
1433 4834 1648 4904 opponi,
1676 4834 1757 4888 di-

188 4943 355 4985 cens:
388 4928 449 4984 Si
478 4928 666 4983 videris
706 4926 1023 4998 calumniinn
1049 4930 1311 4998 pauperis,
1342 4931 1435 4998 qui
1477 4930 1665 4984 beatus
1700 4930 1754 4983 in

189 5020 480 5091 Evangelio
506 5019 844 5091 praedicatur,
872 5016 1056 5073 et‘res
1094 5017 1296 5086 vigere,
1342 5027 1452 5070 non
1489 5016 1757 5084 iustitiam

191 5104 392 5185 [Hier.,
418 5119 474 5167 et
493 5126 581 5167 res
601 5110 769 5182 vigeri
802 5106 1182 5195 nou_justitia],
1220 5119 1325 5162 non
1347 5104 1505 5178 [1a,
1532 5106 1622 5183 ne]
1652 5108 1771 5161 mi"

192 5198 349 5264 reris,
381 5202 483 5253 nec
504 5200 602 5255 tibi
622 5205 819 5255 ne'vtrm
851 5198 1051 5270 aliquid
1076 5211 1197 5254 esse
1222 5197 1481 5260 videatur,
1508 5198 1633 5273 quia
1663 5212 1756 5253 ex-

189 5291 334 5347 celso
348 5288 493 5344 alius
514 5285 779 5345 excelsior
806 5299 908 5357 est,
939 5285 993 5347 et
1030 5288 1209 5347 omnia
1240 5288 1455 5357 respicit
1475 5286 1637 5353 Deus,
1664 5288 1755 5358 qui

190 5380 409 5451 angelos
432 5394 562 5436 suos
584 5393 746 5451 super
757 5380 968 5449 iudices
993 5392 1047 5438 et
1078 5396 1231 5453 reges
1259 5388 1421 5436 terra
1440 5382 1752 5454 praeposuit,

190 5474 283 5544 qui
309 5478 534 5543 possunt
563 5472 749 5541 utique
786 5472 1075 5539 prohibere
1116 5471 1455 5544 iniustitiam,
1496 5479 1552 5526 et
1588 5471 1759 5542 magis

192 5563 253 5616 in
274 5569 423 5619 terra
444 5556 797 5631 valerquam
819 5560 1021 5629 qumvis
1040 5562 1320 5617 hominum
1343 5568 1581 5633 potestas
1602 5559 1753 5632 [Hs.,

191 5648 527 5723 potestates].
555 5649 661 5707 Sed
689 5652 941 5721 quoniam
967 5658 1146 5705 servat
1188 5654 1242 5707 in
1271 5651 1433 5707 linem
1474 5651 1753 5721 judicium.

192 5760 245 5802 ct
278 5750 335 5805 in
360 5750 873 5805 wnsummationem
914 5746 1125 5812 mundi,
1176 5747 1389 5815 quando
1418 5748 1471 5801 in
1520 5758 1759 5801 maturas

1847 612 2085 665 triticum
2113 620 2169 665 et
2194 611 2249 664 in
2294 612 2544 666 horreum
2591 612 2827 668 caelestis
2843 615 3005 687 regni
3031 616 3311 684 condatur,
3337 618 3418 675 lo-

1847 699 1979 753 lium
2012 707 2191 753 autem
2239 708 2443 754 alerno
2491 696 2734 755 tradatur
2778 703 3055 770 incendio;
3103 707 3223 762 ideo
3276 724 3418 765 nunc

1846 798 2119 860 exspectat
2141 798 2196 845 et
2224 789 2402 845 din‘ert
2439 794 2779 859 sententiam,
2812 795 2982 851 donec
3012 798 3065 851 in
3096 798 3199 854 line
3230 801 3415 857 mundi

1848 881 2013 949 iniqui
2044 882 2337 949 puniantur
2356 889 2410 935 et
2431 880 2560 949 justi
2591 898 2846 938 coronam
2873 887 3134 955 recipiant
3160 887 3415 957 iustitiae.

1918 974 2079 1029 Vnus.
2114 976 2169 1039 9,
2195 975 2278 1028 i0.
2303 1005 2377 1015 -
2395 976 2597 1031 Avarus
2626 994 2730 1031 non
2754 977 3047 1047 itnplebitur
3081 983 3320 1050 pecunia,
3370 991 3428 1035 et

1844 1071 1935 1139 qui
1955 1078 2099 1123 amat
2126 1068 2358 1132 divitias,
2402 1068 2604 1137 {ructus
2634 1066 2745 1120 non
2788 1068 2951 1136 capiet
2980 1084 3044 1121 ea:
3084 1060 3156 1147 eii
3187 1066 3205 1123 ὲ
3248 1078 3296 1121 et
3325 1070 3422 1123 hoe

1846 1174 1967 1228 ergo
2002 1157 2226 1212 vanitas.
2260 1154 2360 1211 Ubi
2397 1156 2574 1210 multa:
2608 1164 2728 1209 sunt
2774 1170 2919 1224 opes,
2961 1156 3111 1210 multi
3139 1154 3186 1211 et
3213 1159 3302 1227 qui
3330 1174 3429 1212 σο·-

1847 1246 2058 1301 medunt
2084 1263 2171 1301 eas
2194 1262 2211 1300 :
2238 1255 2286 1299 et
2310 1245 2436 1316 quid
2464 1245 2671 1315 prodest
2692 1246 2995 1313 possessori,
3026 1245 3127 1300 nisi
3147 1246 3287 1315 quod
3312 1264 3422 1301 cer-

1848 1338 1922 1388 nit
1950 1337 2159 1396 divitias
2189 1335 2353 1389 oculis
2376 1335 2525 1388 suis?
2574 1332 2673 1387 Hic
2702 1348 2830 1388 vero
2857 1348 3049 1387 avarus
3077 1334 3421 1403 describitur,

1847 1426 1937 1495 qui
1968 1441 2239 1493 nunquam
2268 1426 2460 1493 opibus
2483 1423 2759 1493 expletur;
2799 1432 2854 1480 et
2878 1432 3079 1492 quanto
3107 1425 3226 1493 plus
3251 1428 3423 1496 capit,

1848 1522 1997 1569 tanto
2022 1514 2141 1584 plus
2179 1514 2326 1583 cupit
2355 1531 2369 1566 :
2413 1514 2552 1568 sicut
2584 1512 2930 1581 hydropicus,
2962 1521 3161 1579 quanto
3186 1514 3307 1583 plus
3340 1514 3427 1569 bi-

1846 1606 1946 1669 bit,
1976 1613 2183 1658 tantum
2210 1603 2329 1658 sitis
2356 1600 2536 1657 addita
2562 1602 2797 1655 crescit..
2826 1597 3003 1653 Flacci
3022 1614 3233 1670 quoque
3262 1616 3439 1670 super

1848 1693 1952 1748 hoc
1990 1692 2279 1748 concordat
2320 1691 2603 1756 sententia,
2631 1690 2721 1759 qui
2766 1690 2842 1743 ait
2890 1688 3079 1760 (Epist.
3114 1689 3168 1755 i,
3198 1689 3266 1743 ad
3296 1687 3421 1743 Lol-

1847 1780 1997 1850 lium)
2026 1799 2037 1832 ε
2232 1776 2237 1781 ‘

2242 1867 2453 1930 Semper
2476 1878 2649 1915 avarus
2670 1870 2893 1928 θείειν...

1848 1960 1991 2015 Nihil
2020 1960 2221 2014 divitiae
2248 1967 2473 2028 prosunt
2512 1972 2641 2027 ergo
2668 1957 2865 2028 (inquit
2907 1957 3276 2029 Ecclesiastes)
3302 1973 3425 2027 pos-

1847 2053 2064 2117 sidenti,
2105 2052 2209 2107 nisi
2249 2053 2353 2107 hoc
2378 2051 2571 2116 solum,
2602 2056 2663 2104 ut
2685 2044 2865 2104 videat
2894 2051 3037 2119 quod
3066 2049 3229 2121 ωε
3254 2050 3425 2119 possi-

1849 2144 1957 2198 det.
1982 2134 2192 2210 Quanto
2218 2143 2363 2197 enim
2389 2141 2561 2210 major
2596 2139 2759 2195 fuerit
2782 2139 3099 2206 substantia,
3132 2150 3281 2196 tanto
3305 2141 3424 2211 plu-

1850 2248 1937 2289 res
1956 2235 2232 2288 ministros
2252 2231 2491 2298 habebit,
2507 2233 2598 2303 qui
2613 2247 2741 2301 opes
2756 2232 3013 2287 devorent
3039 2241 3419 2303 congregatas:

1846 2326 2096 2386 dominus
2134 2332 2316 2391 autem
2342 2338 2529 2378 earum
2556 2322 2738 2376 videat
2800 2329 3008 2376 tantum
3050 2324 3176 2392 quid
3204 2324 3419 2389 habeat,

1848 2425 1903 2473 et
1921 2418 2041 2489 plus
2061 2433 2223 2491 quam
2253 2416 2412 2471 unius
2440 2416 2673 2471 hominis
2692 2414 2869 2470 Cibum
2892 2430 3082 2485 capere
3107 2430 3211 2469 non
3234 2416 3421 2484 possit.

1922 2502 2085 2556 Vens.
2119 2501 2206 2553 ii.
2238 2528 2311 2539 —-
2349 2498 2534 2583 Dulcis
2564 2509 2638 2551 est
2678 2512 2891 2552 somnus
2920 2500 3177 2567 aperanti,
3208 2501 3312 2554 sive
3338 2518 3429 2570 pa-

1852 2611 1969 2655 rum
2016 2596 2121 2649 sive
2165 2591 2703 2661 multumgcomedat:
2752 2586 3000 2644 saturitas
3031 2600 3205 2645 autem
3246 2591 3424 2648 divitis

1852 2701 1958 2753 non
1986 2683 2110 2738 sinit
2146 2698 2264 2737 eum
2303 2680 2550 2734 dormire.
2596 2678 2788 2734 Adhuc
2834 2679 2899 2733 de
2947 2676 3110 2733 divite
3152 2690 3207 2733 et
3256 2693 3437 2735 avaro~

1850 2788 2029 2829 sermo
2059 2779 2160 2835 est,
2197 2779 2251 2825 et
2271 2776 2651 2838 comparantur
2671 2768 2935 2837 operanti,
2962 2775 3015 2822 et
3042 2767 3244 2838 absque
3273 2765 3424 2822 solli-

1850 2862 2088 2919 citudine
2117 2858 2423 2923 dormienti,
2457 2859 2569 2911 sive
2603 2872 2805 2927 parum
2830 2858 2953 2912 sive
2990 2857 3213 2912 inultum
3242 2873 3423 2912 eome-

1852 2957 2012 3022 derit,
2043 2953 2187 3025 quod
2209 2950 2300 3008 ille
2323 2952 2508 3007 labore
2535 2952 2738 3021 operis,
2777 2954 2843 3007 et“
2861 2950 3056 3005 sudore
3082 2948 3325 3018 quemvis
3347 2947 3423 3003 ci-

1850 3050 1981 3105 bum
2023 3046 2237 3119 digerit,
2268 3053 2323 3111 et
2359 3044 2502 3099 dulci
2531 3056 2720 3098 somno
2746 3036 3061 3111 perfruitur.
3106 3037 3265 3091 Dives
3297 3051 3427 3091 vero

1854 3139 2118 3195 distentus
2146 3122 2391 3217 dapibus,
2422 3133 2477 3187 in
2502 3132 2711 3187 diversa
2738 3130 3026 3192 laceratus,
3058 3126 3291 3209 dormire
3315 3140 3426 3180 non

1852 3230 2019 3295 valet,
2066 3202 2399 3313 redundante
2436 3223 2685 3313 crapula,
2704 3232 2759 3278 et
2801 3221 3013 3277 incocto
3054 3219 3174 3274 cibo
3215 3202 3283 3272 in‘
3315 3220 3426 3272 sto-

1854 3318 2034 3375 machi
2060 3316 2325 3389 angustiis
2349 3310 2632 3370 :estuante.
2658 3312 2830 3385 Porro
2856 3310 2979 3380 quia
3007 3321 3243 3370 somnus,
3282 3320 3431 3379 com-

1853 3408 2032 3464 munis
2065 3406 2130 3461 de
2158 3406 2260 3460 hac
2288 3405 2396 3457 vita
2434 3402 2624 3456 exitus
2653 3398 2969 3469 appellatur,
2998 3397 3189 3452 melior
3214 3394 3319 3450 erit
3344 3407 3433 3451 re-

1852 3496 2005 3565 quies
2031 3493 2148 3560 ejus
2192 3492 2285 3561 qui
2317 3496 2574 3565 operatur
2618 3488 2673 3542 in
2711 3478 2987 3557 praesenti,
3028 3492 3085 3540 et
3132 3484 3438 3543 secundum

1853 3588 1995 3641 vires
2022 3599 2147 3640 suas
2188 3583 2245 3638 in
2268 3558 2425 3637 bonis
2457 3558 2712 3651 operibus
2746 3582 3111 3639 conversatur,
3142 3580 3303 3643 quam
3333 3588 3428 3630 coa-

1853 3691 1973 3731 rum
2001 3674 2205 3730 divitia
2224 3672 2290 3728 de
2318 3672 2512 3742 quibus
2540 3668 2795 3735 scribitur
2819 3686 2833 3721 :
2876 3656 2967 3720 vs
2994 3664 3135 3719 vobis
3160 3660 3435 3729 divitibus,

1851 3765 1975 3835 quia
2003 3760 2267 3831 recepistis
2296 3758 2700 3815 consolationem
2724 3766 2946 3817 vestram
2973 3752 3121 3826 (Luc.
3145 3768 3218 3815 vr,
3240 3747 3355 3824 28).

1925 3853 2092 3909 Vnus.
2132 3848 2316 3906 i248.
2348 3876 2420 3891 -—-
2464 3844 2561 3902 Est
2603 3856 2654 3901 et
2700 3846 2809 3903 alia
2854 3845 3137 3913 inﬁrmitas
3184 3845 3425 3914 pessima,

1852 3962 2011 4017 quam
2034 3944 2138 3999 vidi
2170 3943 2264 3998 sub
2285 3939 2393 3997 sole
2420 3957 2439 3996 :
2467 3940 2658 4005 divitia:
2685 3945 2998 3993 conservatae
3029 3937 3083 3989 in
3115 3934 3311 3989 malum
3334 3934 3429 3990 do-

1853 4034 1983 4089 mini
2006 4035 2109 4089 sui.
2138 4030 2365 4088 Pereunt
2392 4033 2530 4087 enim
2564 4031 2621 4085 in
2666 4030 2940 4101 afﬂictione
2978 4028 3229 4099 pessima.
3260 4024 3431 4082 Gene-

1854 4127 1986 4180 ravit
2010 4123 2199 4193 ﬁliuni,
2229 4124 2319 4195 qui
2343 4139 2545 4177 summa
2567 4123 2621 4175 in
2640 4128 2862 4191 egestate
2877 4119 3010 4185 erit;
3040 4119 3174 4174 sicut
3194 4135 3429 4189 egressus

1853 4224 1927 4270 est
1958 4216 2130 4270 nudus
2177 4210 2241 4277 de
2268 4224 2441 4283 utero
2488 4212 2670 4266 matris
2712 4227 2844 4277 suc,
2892 4212 2967 4269 sic
3023 4220 3319 4283 revertetur,
3374 4218 3428 4264 et

1855 4304 1984 4359 nihil
2020 4304 2221 4373 auferet
2249 4282 2425 4356 secum
2451 4300 2511 4353 de
2556 4298 2733 4352 labore
2772 4316 2889 4352 suo.
2924 4282 3239 4353 Miserabilia
3276 4314 3431 4368 pror-

1852 4410 1940 4448 sus
1986 4392 2309 4459 infirmitas;
2337 4388 2597 4460 quomodo
2637 4388 2797 4452 venit,
2840 4387 2915 4439 sie
2954 4392 3255 4439 revertetur.
3286 4386 3427 4450 Quid

1853 4501 1973 4556 ergo
1995 4484 2202 4557 prodest
2224 4483 2271 4536 ei
2297 4479 2436 4553 quod
2462 4478 2715 4535 laboravit
2742 4478 2796 4531 in
2818 4484 3020 4531 ventum
3035 4475 3061 4528 ἵ
3085 4472 3297 4529 Cunctis
3317 4474 3435 4535 die;

1854 4576 1947 4630 bus
1972 4576 2089 4629 vita
2116 4589 2226 4630 sua:
2246 4571 2464 4655 consedit
2486 4571 2541 4624 in
2569 4569 2812 4633 tenebris,
2837 4577 2883 4623 et
2906 4568 2963 4620 in
2981 4567 3119 4620 curis
3149 4564 3349 4630 multis,
3379 4574 3430 4619 et

1853 4668 1909 4721 in
1937 4683 2173 4722 (erumna
2193 4675 2355 4735 atque
2374 4664 2608 4718 tristitia.
2642 4661 2774 4716 Cum
2806 4659 3067 4729 superiori
3088 4656 3256 4727 iunge
3282 4659 3429 4728 quod

1856 4756 2119 4826 sequitur.
2155 4752 2482 4807 Ecclesiaste
2508 4745 2728 4804 divitem
2759 4746 3110 4810 describente,
3143 4748 3287 4817 quod
3326 4762 3431 4803 nec

1857 4850 1970 4917 ipse
1991 4846 2162 4915 possit
2186 4844 2298 4899 suis
2317 4841 2519 4896 divitiis
2546 4837 2774 4910 perfrui,
2805 4830 3071 4895 etcrebro
3089 4847 3313 4910 propter
3334 4855 3429 4895 eas

1858 4938 1913 4991 in
1943 4934 2229 5011 discrimen
2272 4930 2475 5007 veniat,
2502 4946 2605 4987 nec
2635 4930 2833 4987 hzeredi
2874 4932 3019 5001 quod
3062 4930 3428 5003 congregavit,

1828 5027 2147 5093 -relinquat,
2180 5023 2274 5078 sed
2307 5031 2361 5078 et
2388 5022 2505 5093 ipse
2542 5030 2599 5078 et
2627 5023 2770 5077 ﬁlius
2813 5038 2964 5087 suus,
3002 5023 3141 5077 sicut
3168 5010 3429 5074 venerunt

1859 5112 2005 5180 nudi,
2034 5115 2107 5169 ita
2132 5114 2260 5169 nudi
2285 5121 2628 5169 revertantur
2656 5114 2713 5167 in
2740 5094 2955 5174 terram,
2985 5122 3039 5165 et
3070 5107 3203 5162 nihil
3230 5121 3323 5162 eos
3347 5106 3429 5159 la-

1857 5200 2048 5262 borum
2079 5220 2301 5260 suorum
2339 5203 2648 5260 comitetur.
2678 5202 2867 5257 Nonne
2910 5194 3051 5276 enim
3093 5196 3432 5271 languor'est

1858 5296 2143 5366 pessimus,
2172 5309 2271 5367 pro
2300 5288 2506 5349 divitiis
2536 5290 2858 5361 cogitatione
2901 5291 3163 5359 torqueri,
3201 5298 3255 5345 et
3280 5288 3447 5365 peri-7

1861 5396 2009 5445 turas
2048 5403 2197 5459 opes,
2238 5400 2371 5457 quas
2406 5383 2687 5440 nobiscum
2731 5400 2837 5439 non
2884 5399 3172 5455 possumus
3214 5379 3431 5436 auferre

1860 5479 2172 5542 morientes,
2206 5478 2257 5531 in
2300 5473 2539 5539 tristitia,
2591 5474 2647 5529 in
2690 5465 2919 5550 gemitu,
2948 5471 3003 5527 in
3044 5469 3428 5539 indignatione,

1862 5569 1915 5623 in
1941 5570 2148 5632 litibus,
2190 5580 2344 5621 casso
2386 5564 2568 5621 labore
2611 5566 2951 5644 conquirere.
2985 5564 3275 5618 Possumus
3313 5560 3431 5615 haec

1861 5663 2045 5719 eadem
2074 5660 2233 5715 verba
2262 5659 2327 5715 dc
2352 5659 2789 5731 philosophorum
2820 5658 3157 5729 dogmatibus
3198 5655 3281 5712 vel
3314 5656 3431 5715 bte-

1862 5752 2153 5807 reticorum
2183 5748 2626 5823 perversitatibus
2664 5748 2977 5819 intelligere,
3017 5750 3107 5819 qui
3152 5749 3208 5803 in
3230 5748 3431 5805 malum
