4338 6428
756 345 856 404 691

1593 343 1651 394 Β.
1693 341 1752 394 F.
1793 341 2017 394 ALBLVI
2052 341 2185 396 SEU
2222 341 2495 397 ALCL’INI
2531 341 2810 399 OPERUM
2851 343 3027 399 PARS
3063 345 3122 400 ll.

3819 301 3985 404 ’ωε

755 459 839 510 sui
867 455 1076 508 divitias
1115 453 1444 506 diversorum
1487 459 1813 519 congregant
1855 451 2178 518 dogmatum,
2219 464 2318 503 nec
2347 444 2388 499 Α
2417 459 2473 503 et
2503 451 2850 505 nihilominus
2877 453 3188 506 stultissima
3226 454 3484 522 parcitate
3508 469 3566 509 se
3594 455 3826 521 cruciat,
3856 457 3982 512 aliis

755 548 989 615 aliquam
1014 543 1069 597 in
1091 543 1172 598 eis
1201 540 1492 595 utilitatem
1536 540 1736 594 habent
1781 537 1934 610 [Νι.
1987 538 2315 610 habebunt];

755 650 856 700 nec
878 632 1232 687 secutoribus
1255 631 1370 685 suis
1389 629 1620 684 fructum
1648 627 1952 697 relinquunt
1979 637 2317 696 perpetuum,

752 724 849 778 sed
874 731 928 776 et
955 723 1075 790 ipsi,
1116 729 1171 775 et
1217 719 1464 789 discipuli
1512 733 1699 772 eorum
1747 718 1896 780 nudi,
1945 719 2148 785 absque
2195 717 2319 772 ullis

754 812 961 867 meritis
1001 810 1152 882 [ιιι.
1196 810 1354 864 bonis
1389 807 1616 878 meritis]
1643 815 1980 862 revertentur
2017 809 2070 860 in
2097 817 2312 867 terram,

753 919 858 957 non
882 903 1138 956 habentes
1161 899 1332 955 lucem
1362 914 1502 953 vera:
1529 898 1822 968 sapientia,
1861 899 1957 952 sed
2001 899 2052 950 in
2084 898 2318 952 tenebris

751 992 1082 1063 ignorantiae,
1108 991 1326 1060 verique
1352 989 1571 1043 luminis
1598 998 1864 1058 expertes.
1889 1005 2078 1044 omnes
2104 990 2316 1045 labores

752 1097 879 1135 suos
904 1082 1130 1150 perdent
1162 1079 1303 1133 illius
1337 1077 1540 1146 judicio
1563 1079 1654 1147 qui
1702 1078 1814 1131 ait:
1852 1077 2077 1131 Perdant
2111 1080 2316 1148 sapien-

751 1175 879 1226 tiam
897 1170 1225 1240 sapientium,
1252 1179 1299 1222 et
1324 1168 1646 1238 prudentiam
1681 1167 2011 1236 prudentium
2037 1167 2315 1236 reprobabo

756 1264 806 1321 ιΙ
836 1263 958 1316 Cor.
992 1279 1040 1326 ι,
1081 1261 1192 1329 19).

823 1353 982 1405 Vsus.
1020 1351 1199 1404 1'49.
1226 1380 1295 1389 —
1324 1348 1438 1403 Hoc
1465 1351 1637 1420 itaque
1662 1351 1789 1403 mihi
1808 1352 1974 1404 uisum
2001 1361 2076 1404 est
2100 1351 2311 1415 bonum,

752 1452 806 1495 ut
828 1442 1058 1495 comedat
1081 1442 1196 1511 quis
1213 1481 1228 1505 ,
1260 1450 1309 1494 et
1335 1441 1494 1504 bibat,
1523 1451 1572 1494 et
1610 1439 1823 1509 fruatur
1842 1442 2023 1495 la'titia
2048 1457 2112 1495 ea:
2139 1441 2315 1494 labore

747 1548 867 1596 suo,
894 1547 998 1601 quo
1018 1530 1267 1584 laboravit
1296 1531 1402 1600 ipse
1429 1531 1523 1583 sub
1550 1530 1678 1592 sole,
1708 1547 1924 1584 numero
1960 1531 2162 1582 dierum
2197 1531 2314 1583 vita:

685 1681 688 1684 ,
746 1635 878 1682 sum,
905 1635 1033 1687 quos
1075 1619 1216 1671 dedit
1245 1617 1324 1670 illi
1369 1617 1531 1671 Deus.
1563 1616 1628 1670 Et
1667 1617 1778 1671 hirc
1801 1628 1877 1672 est
1913 1635 2038 1687 pars
2073 1617 2235 1684 illius,
2264 1629 2312 1671 et

748 1707 891 1760 omni
914 1706 1110 1759 homini
1150 1707 1235 1758 cui
1276 1705 1418 1759 dedit
1448 1705 1585 1759 Deus
1625 1705 1854 1769 divitias,
1885 1716 2039 1776 atque
2073 1706 2313 1760 substan-

748 1799 896 1863 tiam,
923 1807 1322 1868 potestatemque
1348 1799 1396 1850 ei
1440 1798 1641 1862 tribuit,
1681 1809 1734 1850 ut
1774 1799 2009 1852 comedat
2038 1815 2102 1852 ex
2129 1800 2237 1864 eis;
2263 1810 2310 1852 et

748 1885 962 1952 fruatur
984 1895 1132 1955 parte
1153 1901 1268 1948 sua,
1307 1895 1357 1938 et
1384 1884 1588 1938 lectetur
1626 1886 1690 1939 de
1732 1885 1909 1940 labore
1943 1903 2061 1950 suo,
2101 1886 2197 1940 hoc
2236 1896 2312 1940 est

747 1976 941 2028 donum
968 1974 1087 2028 Dei.
1116 1975 1237 2029 Non
1262 1977 1398 2028 enim
1427 1976 1556 2028 satis
1580 1975 1936 2028 reeordabitur
1960 1974 2166 2028 dierum
2192 1975 2311 2028 vitta

746 2081 876 2126 surr,
907 2080 968 2118 eo
1007 2065 1147 2134 quod
1174 2063 1314 2118 Deus
1342 2072 1549 2134 occupet
1577 2062 1775 2116 deliciis
1819 2079 1910 2115 cor
1947 2063 2080 2132 ejus.
2107 2062 2208 2134 Qui
2235 2062 2310 2116 la-

745 2153 964 2207 boribus
991 2152 1104 2206 suis
1139 2151 1194 2206 in
1229 2167 1478 2206 curarum
1523 2151 1758 2206 tenebris
1805 2153 2059 2217 vescitur,
2104 2161 2160 2207 et
2186 2167 2309 2207 eum

743 2242 932 2310 grandi
956 2241 1078 2296 vitze
1101 2241 1258 2296 taedio
1284 2241 1532 2309 peritura.
1562 2249 1887 2310 comportat,
1917 2239 2194 2294 meliorem
2223 2239 2304 2294 di-

744 2334 817 2386 cit
840 2346 1122 2395 cumesse,
1148 2333 1240 2400 qui
1280 2331 1633 2400 prmsentibus
1670 2331 1870 2384 fruitur
1907 2331 2064 2386 bonis
2091 2330 2145 2383 in
2175 2329 2309 2384 laeti-

744 2423 816 2476 tia
843 2433 899 2475 et
923 2420 1276 2489 iucunditate.
1319 2419 1414 2473 llic
1458 2421 1600 2473 enim
1645 2419 1727 2473 vel
1753 2433 1917 2488 parva
1942 2419 2188 2488 voluptas
2216 2427 2305 2472 est

744 2511 799 2564 in
832 2509 1075 2573 fruendo,
1117 2511 1190 2564 ibi
1224 2525 1353 2565 vero
1378 2510 1754 2565 sollicitudinis
1791 2511 2161 2565 tantummodo
2186 2525 2305 2564 ma-

743 2601 984 2671 gnitudo.
1030 2601 1097 2654 Et
1142 2601 1316 2654 reddit
1370 2615 1560 2654 causas
1612 2615 1782 2669 quare
1830 2601 2025 2655 donum
2072 2600 2166 2653 Dei
2213 2599 2302 2664 sit,

740 2690 848 2746 frui
879 2706 1038 2760 posse
1056 2692 1284 2755 divitiis;
1323 2691 1573 2760 quoniam
1599 2706 1708 2745 non
1740 2691 1965 2746 multum
1994 2690 2302 2746 recordabi-

744 2797 832 2838 tur
872 2782 1076 2836 dierum
1115 2782 1314 2836 laboris
1360 2783 1464 2846 sui,
1499 2783 1619 2837 ideo
1658 2798 1766 2837 non
1817 2784 1921 2838 erit
1969 2785 2022 2837 in
2063 2783 2300 2844 tristitia,

745 2888 851 2927 non
888 2873 1208 2939 cogitatione
1248 2871 1545 2932 vexabitur,
1588 2871 1849 2924 abductus
1883 2871 2067 2925 lzetitia
2109 2878 2166 2923 et
2210 2885 2303 2924 vo-

746 2966 948 3032 luptate
987 2962 1257 3032 prmsenti.
1291 2961 1394 3017 Sed
1445 2963 1634 3018 melius
1679 2972 1761 3018 est
1798 2961 1951 3032 juxta
1988 2961 2300 3031 Apostolum

746 3053 800 3122 (l
830 3054 950 3107 Cor.
982 3071 1034 3117 ι,
1062 3055 1118 3122 3)
1152 3054 1444 3126 spiritalem
1483 3069 1661 3109 escam
1689 3063 1748 3108 et
1784 3054 2078 3122 spiritalem
2112 3063 2296 3122 potum
2325 3083 2373 3149 ο

741 3145 1142 3214 spiritalemque
1165 3146 1402 3198 lmtitiam
1432 3160 1460 3197 a
1494 3146 1602 3199 Deo
1633 3144 1749 3198 dari
1775 3144 2015 3214 intelligi,
2041 3153 2096 3198 et
2123 3145 2302 3199 videre

742 3236 1034 3289 bonitatem
1075 3235 1189 3298 Dei,
1236 3243 1291 3288 ct
1325 3233 1710 3303 jncunditatem
1741 3235 1921 3289 cordis
1947 3234 2029 3288 sui
2066 3235 2119 3287 in
2155 3235 2301 3288 omni

745 3326 930 3380 labore
956 3341 1076 3390 suo,
1107 3341 1213 3394 quo
1258 3327 1570 3394 spiritaliter
1597 3326 1650 3379 in
1691 3326 1846 3380 bonis
1889 3327 2098 3380 laborat
2129 3327 2305 3396 operi-

746 3419 866 3481 bus,
905 3432 1000 3486 spe
1042 3415 1347 3471 consolatus
1393 3415 1584 3471 fotum
1620 3416 1988 3470 retributionis
2022 3433 2035 3468 :
2088 3424 2142 3470 et
2188 3402 2304 3470 hinc

741 3515 826 3561 est
852 3521 978 3575 pars
1001 3516 1205 3571 nostra,
1241 3517 1301 3561 ut
1332 3507 1574 3562 la:temur
1597 3509 1649 3561 in
1684 3507 1862 3563 studio
1887 3508 2148 3562 bonorum
2178 3521 2305 3576 ope-

748 3613 898 3663 rum;
942 3613 1060 3668 quia:
1088 3599 1294 3663 latitia,
1328 3598 1453 3653 licet
1485 3597 1623 3653 bona
1660 3599 1752 3662 sit,
1787 3611 1886 3652 nec
1927 3607 2104 3653 tamen
2147 3598 2304 3667 plene

742 3688 883 3743 bona
921 3697 1022 3754 est,
1073 3689 1241 3742 donec
1285 3687 1656 3743 manifestetur
1694 3687 1956 3751 Christus,
1987 3686 2138 3756 cujus
2168 3688 2302 3743 visio

739 3781 978 3855 perfecta
1024 3782 1238 3837 bonitas
1264 3792 1348 3837 est
1373 3791 1430 3837 et
1451 3781 1779 3851 iucunditas.
1825 3780 2129 3836 Notandum
2173 3796 2302 3850 quo-

737 3890 842 3944 que
864 3882 947 3930 est
969 3873 1112 3943 quod
1154 3874 1434 3943 occupatio
1458 3874 1512 3927 in
1544 3873 1648 3927 hoc
1675 3872 1793 3925 loco
1816 3871 1870 3924 in
1911 3867 2052 3925 bono
2079 3869 2301 3937 intelligi

735 3968 916 4031 debet,
939 3981 1040 4035 pro
1073 3967 1368 4019 intentione
1389 3964 1613 4033 spiritali
1648 3977 1881 4032 veraque
1904 3962 2108 4025 laztitia,
2139 3975 2300 4029 quam

735 4059 914 4112 divina
931 4057 1152 4126 inspirat
1167 4058 1336 4127 gratia
1349 4057 1435 4112 hic
1449 4056 1501 4110 in
1514 4056 1792 4125 praceptis
1804 4055 2170 4109 laborantibus
2186 4053 2296 4108 Dei.

1240 4157 1402 4226 527
1439 4154 1663 4209 CAPUT
1703 4153 1788 4207 γι.

807 4238 972 4291 Vens.
999 4235 1113 4289 1-6.
1129 4265 1195 4274 ——
1217 4234 1309 4287 Est
1332 4243 1379 4287 et
1398 4232 1544 4287 aliud
1563 4231 1758 4285 malum
1779 4229 1919 4301 quod
1937 4231 2036 4284 ridi
2057 4230 2150 4283 sub
2171 4229 2300 4295 sole,

735 4341 782 4382 rt
809 4329 1016 4399 quidem
1043 4329 1283 4398 frequens
1311 4325 1450 4395 apud
1473 4325 1724 4378 homines.
1762 4323 1853 4377 Vir
1879 4325 1964 4377 cui
1994 4323 2136 4377 dedit
2159 4323 2301 4378 Deus

735 4419 972 4480 diuitias,
1007 4427 1054 4470 et
1101 4415 1474 4478 substantiam,
1507 4424 1556 4467 et
1590 4415 1871 4479 honorem,
1906 4423 1953 4467 et
1987 4414 2117 4467 nihil
2159 4414 2298 4467 deest
2327 4441 2378 4501 υ

738 4509 928 4560 animo!
954 4507 1066 4574 ejus
1095 4521 1160 4559 ea:
1184 4507 1420 4557 omnibus
1450 4519 1566 4571 qua
1593 4503 1849 4555 desiderat
1875 4519 1892 4565 ;
1925 4518 2015 4555 nec
2045 4503 2222 4554 tribuit
2248 4503 2297 4554 ei

740 4597 877 4650 Deus
895 4605 1194 4665 potestatem
1219 4605 1271 4646 ut
1291 4593 1523 4646 comedat
1551 4608 1614 4644 ea:
1637 4607 1717 4656 eo,
1740 4592 1827 4644 sed
1850 4593 2001 4645 homo
2021 4600 2296 4644 extraneas

735 4688 929 4741 vorabit
951 4687 1100 4740 illud.
1131 4686 1242 4738 Hoc
1261 4687 1480 4747 vanitas,
1502 4695 1550 4738 et
1570 4701 1758 4752 magna
1781 4685 1988 4736 miseria
2011 4692 2106 4737 est.
2131 4682 2191 4737 Si
2213 4698 2299 4751 ge-

737 4777 904 4830 nuerit
925 4777 1179 4844 quispiam
1203 4786 1403 4826 centum
1427 4773 1628 4835 liberos,
1652 4781 1699 4824 et
1712 4773 1891 4824 vixerit
1911 4772 2097 4825 multos
2110 4786 2297 4833 annos,

734 4879 782 4918 et
807 4864 977 4934 plures
1005 4866 1114 4916 dics
1144 4864 1310 4915 a-tatis
1336 4863 1599 4924 habuerit,
1623 4871 1670 4913 et
1697 4861 1872 4913 anima
1895 4860 2036 4912 illius
2059 4877 2160 4913 non
2183 4866 2300 4911 ttta-

736 4967 822 5007 tur
848 4955 991 5007 bonis
1018 4954 1322 5006 substantia:
1343 4967 1452 5005 sttcr
1469 4991 1482 5016 ,
1503 4949 1864 5019 sepulturath
1886 4960 2058 5002 careat
2079 4990 2093 5013 ,
2121 4951 2184 5002 de
2203 4951 2300 5002 hoc

736 5061 828 5111 ego
856 5045 1132 5112 pronuntio
1164 5042 1302 5113 quod
1330 5040 1511 5095 melior
1539 5039 1630 5094 illo
1657 5041 1724 5093 sit
1763 5041 2039 5092 abortivus.
2075 5037 2300 5093 Frustra

737 5137 872 5188 enim
899 5136 1030 5185 venit
1047 5174 1062 5195 ,
1086 5143 1133 5186 et
1156 5138 1318 5204 pergit
1342 5135 1409 5186 ad
1432 5133 1686 5196 tenebras,
1707 5140 1753 5184 et
1777 5130 2026 5183 oblivione
2048 5131 2301 5184 delebitnr

740 5242 922 5280 nomen
959 5225 1090 5293 ejus.
1128 5223 1247 5275 Non
1285 5225 1408 5276 vidit
1433 5223 1622 5286 solem,
1656 5237 1815 5290 neque
1841 5221 2072 5289 cognovit
2101 5220 2300 5272 distan-

739 5321 866 5372 tiam
893 5319 1009 5370 boni
1034 5330 1079 5369 et
1105 5318 1226 5369 mali
1251 5333 1268 5380 ;
1292 5325 1336 5367 et
1364 5316 1408 5367 si
1434 5315 1632 5367 duobus
1656 5313 1884 5366 millibus
1907 5311 2059 5364 annis
2083 5312 2264 5362 vixerit
2284 5352 2296 5375 ,

740 5421 787 5465 ct
821 5426 922 5463 non
950 5409 1104 5476 fuerit
1131 5409 1414 5476 ρει-[ηιξκιε
1443 5406 1624 5458 bonis:
1647 5422 1814 5457 nonne
1840 5404 1907 5456 ad
1940 5419 2100 5455 unum
2129 5402 2299 5454 locum

743 5511 1013 5568 properant
1043 5499 1214 5551 omnia
1238 5499 1263 5550 .9
1291 5498 1552 5551 Describit
1589 5509 1807 5547 avarum
1842 5495 2090 5557 divitem,
2119 5504 2170 5547 et
2202 5495 2303 5546 hoc

2418 543 2794 596 devorantibus
2819 542 3017 613 [Hier.,
3038 543 3358 616 devoranda]
3385 560 3727 602 conservans.
3753 547 3980 605 Necnon

2416 639 2470 684 et
2495 630 2623 683 illud
2647 631 2984 701 hyperbolice
3023 634 3253 699 addidit,
3293 637 3437 705 quod
3473 637 3574 691 etsi
3613 637 3810 694 liberos
3845 655 3986 695 cena

2418 731 2527 776 tum
2556 727 2946 794 procreaverit,
2977 735 3033 781 et
3071 743 3176 782 non
3202 737 3263 782 ut
3286 729 3455 784 Adam
3483 745 3647 801 prope
3673 733 3846 798 mille,
3876 735 3984 790 scd

2416 812 2624 867 duobus
2651 814 2884 868 millibus
2909 816 3103 870 vixerit
3129 819 3313 883 annis,
3341 827 3396 873 et
3419 821 3595 874 anima
3621 819 3737 888 ejus
3762 823 3981 893 cupidi-—

2416 907 2526 955 tate
2553 910 2607 954 et
2634 903 2857 956 avaritia
2882 907 3256 971 contabeseat,
3288 908 3456 962 multo
3483 909 3765 965 deterioris
3787 912 3978 965 condi-

2416 991 2578 1045 tionis
2609 992 2682 1044 sit
2715 993 2957 1070 abortivo
2986 995 3075 1050 illo
3102 997 3194 1065 qui
3223 998 3406 1051 statim
3438 1007 3497 1052 ut
3532 1009 3690 1054 natus
3723 1009 3806 1055 est
3835 1002 3977 1056 inte-

2415 1079 2541 1132 riit:
2572 1080 2662 1134 ille
2688 1081 2832 1134 enim
2867 1098 2965 1138 nec
3001 1085 3140 1138 mala
3178 1085 3310 1139 vidit
3343 1102 3441 1141 nec
3473 1088 3649 1155 bona;
3696 1091 3798 1145 iste
3839 1106 3976 1146 vero

2413 1184 2533 1223 cum
2564 1173 2702 1225 bona
2730 1173 3056 1239 possederit,
3100 1189 3310 1244 semper
3347 1178 3517 1232 tristis
3554 1188 3609 1234 et
3647 1181 3974 1250 cogitatione

2413 1261 2751 1316 excruciatus
2789 1271 2912 1328 est;
2959 1265 3232 1353 plagisque
3271 1269 3506 1336 requiem
3551 1269 3769 1326 habebit
3807 1272 3971 1326 abor-

2415 1353 2556 1406 tivus
2590 1368 2752 1421 quam
2787 1369 2980 1408 avarus
3013 1356 3103 1409 ille
3135 1357 3437 1426 longzevns;
3487 1367 3547 1412 et-
3588 1368 3764 1414 tamen
3807 1363 3981 1417 ambo

2413 1440 2602 1510 aequali
2628 1441 2732 1494 line
2755 1443 3045 1511 rapientur,
3067 1444 3193 1498 dum
3214 1454 3268 1499 et
3291 1447 3378 1500 hie
3395 1458 3452 1501 et
3473 1448 3561 1504 ille
3583 1449 3972 1505 subtrahuntur

2413 1527 2574 1582 simili
2606 1538 2794 1584 morte.
2833 1529 3014 1585 Potest
3041 1531 3142 1586 hoc
3171 1531 3268 1604 [et]
3298 1535 3363 1588 de
3393 1534 3556 1590 Israel
3587 1538 3786 1608 accipi,
3823 1541 3981 1609 quod

2413 1615 2620 1671 dederit
2642 1618 2717 1672 illi
2740 1619 2879 1674 Deus
2900 1619 3068 1690 legem
3091 1629 3145 1676 et
3161 1625 3448 1693 prophetas
3463 1665 3478 1690 ,
3509 1634 3885 1683 testamentum
3911 1637 3981 1684 et.

2413 1708 2879 1775 repromissionem
2897 1749 2912 1776 ,
2943 1709 3223 1767 Salvatore
3247 1713 3493 1769 dicente:
3522 1715 3800 1784 Auferetur
3824 1735 3858 1770 α
3886 1734 3974 1772 eo-

2414 1796 2492 1849 bis
2520 1813 2727 1865 regnum
2757 1797 2882 1862 Dei,
2913 1809 2961 1851 et
2988 1800 3199 1852 dabitur
3219 1803 3356 1869 genti
3375 1802 3586 1870 facienti
3609 1803 3832 1873 fructum
3854 1806 3974 1875 ejus

2414 1883 2635 1954 (Matth.
2662 1903 2750 1940 nt
2771 1929 2785 1951 ,
2809 1887 2935 1958 45).
2965 1888 3088 1944 Haec
3113 1891 3293 1945 omnia
3318 1892 3385 1946 ad
3409 1893 3639 1948 alienum
3662 1902 3716 1949 et
3737 1895 3980 1966 peregrin

2413 1991 2539 2029 num
2562 1978 2800 2046 gentium
2825 1979 3083 2033 translata
3111 1988 3234 2035 sunt
3256 1983 3508 2051 populum
3525 2024 3541 2048 ,
3569 1992 3629 2038 ut
3651 1984 3864 2040 videant
3889 1984 3984 2039 illi'

2413 2065 2552 2120 bona
2581 2081 2676 2119 sua
2692 2107 2707 2129 ,
2738 2076 2794 2120 et
2815 2083 2920 2122 non
2944 2067 3209 2124 fruantur.
3237 2071 3505 2140 Multoque
3527 2087 3625 2128 nos
3647 2073 3972 2128 conditionis

2410 2171 2529 2211 esse
2561 2157 2827 2222 melioris,
2859 2159 2952 2227 qui
2985 2161 3139 2228 quasi
3172 2162 3399 2215 abortivi
3430 2171 3486 2217 et
3521 2163 3714 2219 novelli
3747 2166 3976 2233 putaba-

2410 2261 2531 2299 mur
2559 2247 2627 2300 ab
2654 2248 2757 2310 eis,
2785 2263 2946 2316 quam
2972 2249 3045 2303 illi
3074 2252 3164 2320 qui
3195 2253 3296 2306 sibi
3325 2253 3378 2306 in
3404 2254 3722 2324 antiquitate
3747 2256 3968 2326 applau-

2408 2336 2633 2402 debant,
2663 2337 2728 2391 de
2752 2339 2994 2406 patribus
3018 2338 3306 2408 gloriantes
3330 2353 3490 2412 atque
3512 2343 3787 2399 dicentes:
3816 2343 3977 2398 Pater

2418 2435 2594 2478 uoster
2621 2426 2884 2480 Abraham
2912 2427 3091 2497 (Joan.
3119 2445 3247 2494 VIII,
3273 2431 3385 2502 39).
3417 2431 3483 2485 Et
3511 2439 3687 2486 tamen
3713 2431 3780 2487 ad
3805 2448 3989 2487 unum-

2408 2514 2584 2569 locum
2608 2525 2662 2568 et
2690 2531 2790 2570 nos
2816 2526 2872 2570 et
2899 2518 3023 2573 illos
3048 2534 3338 2588 properare
3355 2561 3369 2585 ,
3411 2521 3463 2575 id
3501 2529 3585 2577 est
3611 2523 3680 2578 ad
3708 2522 3985 2591 judiciqu

2407 2606 2523 2660 Dei.
2549 2605 2703 2671 Quod
2727 2616 2908 2661 autem
2937 2609 2992 2661 in
3021 2610 3195 2664 medio
3221 2610 3297 2663 ait
3322 2629 3336 2664 :
3360 2610 3428 2664 Et
3450 2611 3658 2681 quidem
3683 2611 3973 2681 sepulcrum

2407 2711 2510 2748 non
2533 2694 2634 2762 fuit
2661 2695 2708 2747 ei
2729 2735 2744 2761 ,
2772 2697 2883 2750 sive
2909 2696 3010 2751 hoc
3037 2698 3301 2768 signiﬁcat
3324 2701 3468 2768 quod
3493 2700 3642 2755 dives
3668 2699 3755 2756 ille
3778 2701 3845 2755 de
3870 2715 3970 2755 sua

2405 2792 2579 2838 morte
2607 2799 2712 2838 non
2737 2786 2960 2854 cogitet,
2993 2795 3048 2838 et
3073 2802 3193 2841 cum
3223 2789 3401 2841 omnia
3427 2789 3728 2857 possideat,
3759 2786 3970 2860 [etiam]

2403 2874 2460 2928 in
2487 2875 2849 2930 esstructioue
2877 2875 3104 2943 sepulcri
3131 2891 3326 2945 avarus
3353 2877 3466 2941 sit;
3498 2877 3792 2950 sive.quod
3827 2890 3974 2945 saepe

2404 2974 2625 3036 prepter
2675 2966 2806 3020 istas
2855 2967 3068 3021 divitias
3114 2969 3324 3024 occisus
3373 2968 3620 3035 insidiis,
3672 2967 3969 3037 insepultus

2404 3053 2721 3122 abjiciatur;
2773 3055 2916 3121 sive,
2964 3058 3104 3126 quod
3153 3057 3343 3112 melius
3385 3067 3546 3127 puto,
3596 3057 3729 3111 nihil
3770 3059 3966 3116 bonum

2403 3144 2824 3201 honoriﬁcumve
2846 3144 2997 3217 μη,
3014 3145 3148 3200 nihil
3167 3146 3292 3200 boni
3316 3145 3444 3200 facti
3473 3144 3818 3217 honorisque]
3847 3160 3966 3215 cge-

2403 3235 2494 3299 rit,
2525 3249 2592 3289 ex
2606 3249 2712 3302 quo
2734 3235 2836 3288 sibi
2849 3243 3011 3302 queat
3023 3234 3161 3303 apud
3173 3242 3415 3303 posteros
3427 3234 3736 3302 memoriam
3749 3248 3963 3303 compa-

2402 3337 2546 3386 rare,
2567 3322 2731 3376 vitam
2751 3321 2964 3376 silentio
2984 3322 3300 3393 velutpecus
3314 3323 3604 3387 transiens,
3630 3337 3750 3376 cum
3763 3323 3962 3376 habue-

2403 3413 2476 3467 rit
2485 3413 2763 3467 materiam
2776 3427 2874 3482 per
2885 3427 3045 3483 quam
3054 3413 3291 3481 potuerit
3312 3425 3568 3481 apparere
3581 3410 3724 3481 quod
3744 3411 3960 3464 vixerit.

2472 3505 2634 3558 Vsus.
2672 3504 2728 3567 7,
2752 3503 2882 3557 8.—
2902 3501 3084 3557 Omnis
3101 3502 3249 3556 labor
3265 3503 3489 3558 hominis
3516 3503 3572 3556 in
3593 3520 3681 3558 ore
3707 3502 3842 3572 ejus,
3869 3502 3960 3555 sed

2404 3596 2582 3649 anima
2608 3596 2724 3664 ejus
2752 3610 2856 3650 non
2883 3593 3178 3664 implebitur
3204 3593 3370 3648 bonis.
3398 3592 3539 3660 Quid
3562 3593 3712 3648 habet
3739 3591 3960 3662 amplius

2401 3686 2609 3755 sapiens
2637 3702 2670 3737 a
2697 3683 2885 3749 stulto,
2898 3693 2945 3737 et
2965 3683 3090 3754 quid
3110 3699 3306 3753 pauper
3327 3683 3428 3736 nisi
3448 3691 3503 3735 ut
3523 3691 3701 3752 pergat
3725 3680 3848 3733 illuc
3872 3681 3958 3732 ubi

2401 3782 2474 3827 est
2504 3775 2606 3827 vita
2630 3773 2655 3825 ?
2680 3772 2850 3828 Omne
2874 3771 3019 3841 quod
3045 3770 3288 3824 laborant
3315 3768 3558 3824 homines
3583 3769 3640 3828 in
3673 3768 3776 3823 hoc
3806 3783 3960 3822 mun-

2404 3863 2506 3924 do,
2536 3877 2630 3915 ore
2670 3861 3026 3925 consumitur,
3065 3866 3148 3923 et,
3190 3858 3431 3913 attritum
3467 3857 3742 3921 dentibus,
3787 3857 3956 3910 ventri

2403 3951 2635 4006 traditur
2663 3950 3045 4018 digerendum:
3074 3948 3168 4003 sed
3193 3962 3300 4003 non
3329 3947 3634 4016 implebitur
3655 3947 3834 4000 anima
3862 3960 3956 3999 co-

2403 4041 2666 4096 medentis
2690 4080 2706 4106 ,
2735 4040 2861 4109 quia
2889 4054 3102 4094 rursum
3126 4038 3394 4093 desiderat
3419 4039 3560 4107 quod
3595 4038 3857 4093 comedat.
3895 4035 3962 4090 Et

2404 4143 2525 4182 cum
2556 4137 2665 4181 tam
2690 4127 2906 4197 sapiens
2929 4142 3092 4196 quam
3114 4126 3308 4181 stultus
3331 4127 3533 4195 absque
3555 4125 3674 4180 cibo
3697 4133 3962 4193 nequeant

2403 4219 2614 4280 vivere,
2642 4225 2700 4270 et
2727 4231 2929 4284 pauper
2953 4216 3088 4269 nihil
3125 4216 3270 4270 aliud
3307 4223 3512 4284 qumrat
3551 4213 3655 4268 nisi
3697 4214 3960 4284 quomodo

2403 4309 2574 4380 possit
2600 4321 2862 4378 organum
2892 4307 2975 4361 sui
3000 4305 3302 4375 corpusculi
3329 4314 3656 4368 sustentare,
3690 4304 3810 4360 ideo
3838 4304 3962 4360 illuc

2402 4407 2655 4471 properat
2677 4413 2900 4472 pauper,
2930 4399 3020 4452 ubi
3045 4413 3175 4467 opes
3198 4412 3317 4452 esse
3339 4397 3692 4467 perspexerit.
3723 4397 3826 4450 Sed
3853 4411 3958 4451 me-

2400 4491 2505 4546 lius
2541 4497 2624 4544 est
2661 4489 2765 4542 hoc
2797 4487 3095 4555 intelligere
3120 4489 3186 4542 de
3211 4487 3577 4542 ecclesiastico
3605 4486 3721 4539 viro
3753 4485 3842 4553 qui
3860 4525 3874 4549 ,
3903 4483 3956 4538 in

2401 4581 2695 4650 Scripturis
2722 4579 3031 4635 caelestibus
3058 4580 3338 4643 eruditus,
3357 4593 3568 4632 omnem
3603 4577 3837 4632 laborem
3866 4579 3956 4631 ha-

2401 4674 2492 4729 bet
2522 4676 2575 4728 in
2605 4689 2700 4729 ore
2728 4691 2856 4738 suo,
2883 4675 2935 4728 id
2958 4683 3040 4728 est
3067 4675 3121 4727 in
3151 4673 3392 4727 doctrina
3422 4672 3675 4740 spiritali;
3703 4681 3758 4727 et
3781 4672 3954 4726 anima

2401 4763 2518 4831 ejus
2543 4777 2648 4816 non
2678 4763 3003 4830 implebitur,
3029 4763 3154 4815 dum
3181 4775 3392 4831 semper
3412 4763 3559 4830 cupit
3587 4763 3791 4816 discere
3819 4760 3956 4829 quod

2405 4854 2593 4906 doceat
2616 4869 2630 4915 ;
2660 4861 2714 4905 et
2741 4852 2794 4904 in
2823 4865 2888 4904 eo
2915 4850 3034 4920 plus
3061 4851 3221 4905 habet
3247 4853 3460 4918 sapiens
3483 4866 3642 4919 quam
3672 4849 3921 4916 insipiens
3938 4889 3954 4915 ,

2406 4945 2532 5014 quia
2561 4959 2683 4999 cum
2708 4957 2940 5013 paupere
2968 4943 3058 4996 illo
3085 4943 3176 5010 qui
3211 4943 3264 4995 in
3303 4941 3588 5011 Evangelio
3614 4940 3801 4994 beatus
3832 4939 3961 4994 dici-

2405 5040 2517 5100 tur,
2543 5042 2795 5104 properat
2817 5033 2884 5086 ad
2907 5046 2971 5085 ea
3000 5030 3493 5101 comprehendenda
3522 5042 3640 5098 qua:
3667 5028 3786 5083 vitae
3813 5037 3954 5094 sunt,

2405 5135 2461 5181 et
2487 5125 2724 5179 ambulat
2755 5129 2958 5178 arctam
2986 5129 3041 5179 et
3077 5129 3358 5192 augustam
3385 5120 3527 5172 viam
3563 5135 3683 5189 qua:
3715 5121 3860 5175 ducit
3895 5119 3958 5174 ad

2404 5217 2590 5268 vitam.
2626 5213 2693 5266 Et
2736 5228 2934 5282 pauper
2959 5223 3042 5267 est
3068 5219 3291 5266 ornatus
3314 5210 3568 5278 operibus
3588 5209 3738 5282 μή..
3759 5219 3814 5262 et
3831 5225 3953 5279 pau-

2401 5320 2498 5373 per
2525 5314 2608 5358 est
2632 5320 2661 5356 a
2687 5305 2840 5360 malis
2863 5303 3152 5374 Operibus]
3177 5342 3192 5368 ,
3221 5311 3276 5358 et
3307 5303 3408 5357 scit
3444 5305 3532 5358 ubi
3565 5302 3838 5368 Christus,
3868 5304 3953 5374 qui

2401 5400 2510 5453 vita
2538 5409 2645 5463 est,
2673 5407 3050 5455 commoretur.

2476 5493 2633 5545 Vens.
2673 5493 2725 5546 9.
2766 5521 2836 5530 —
2866 5488 3053 5542 Melius
3097 5499 3170 5542 est
3199 5490 3369 5542 ridere
3393 5487 3532 5554 quod
3559 5487 3736 5556 cupias
3763 5526 3778 5550 ,
3807 5501 3954 5554 quam

747 5594 939 5644 malum
991 5591 1238 5660 frequens
1283 5605 1399 5644 esse
1443 5590 1496 5643 in
1538 5589 1841 5644 hominibus
1889 5587 2119 5649 asserit,
2165 5585 2305 5652 quod
2406 5584 2698 5636 desiderare
2736 5582 2873 5649 quod
2916 5583 3130 5634 nescius.
3177 5580 3282 5632 Sed
3323 5588 3368 5630 ct
3407 5578 3503 5631 hoc
3543 5581 3738 5631 vanitas
3772 5586 3875 5639 est,
3913 5587 3956 5629 et

748 5684 874 5736 ιιτιηι
905 5699 1084 5736 eorum
1116 5700 1230 5752 qur
1264 5682 1313 5737 in
1347 5682 1540 5737 tmnnlo
1578 5688 1830 5750 putantur
1873 5679 2006 5733 bona
2051 5679 2098 5732 ci
2140 5678 2301 5736 derit,

2407 5676 2735 5743 prit'sttmplio
2763 5674 2989 5741 spiritus.
3025 5673 3207 5728 Melius
3232 5679 3308 5725 est
3333 5668 3512 5738 ,jnxla
3541 5682 3751 5723 scnsmn
3775 5676 3827 5720 et
3850 5682 3956 5735 pro.
