4338 6444
169 451 269 507 3(ὶῦ

964 442 1398 543 enemies.
1435 495 1503 504 —
1539 464 1885 522 COMMENT.
1926 465 1991 519 ιδ
2030 465 2552 524 ECCLESIASTEN.

3271 472 3371 524 ΕΜ

163 566 452 620 videntiam
480 577 669 622 cuncta
699 583 885 639 agere,
916 572 1040 640 quia
1069 588 1259 631 sensus
1281 576 1466 631 oculus
1492 583 1575 632 est
1601 576 1714 629 ani-
1740 578 1789 635 Α
1817 575 2016 630 habere
2042 576 2317 631 videamur
2341 579 2426 631 vel
2456 577 2877 646 compunctionis
2912 578 2965 631 in
2992 578 3150 632 corde
3171 619 3185 641 ,
3218 580 3373 632 amit-

162 665 296 717 ωε,
331 670 496 722 quam
533 656 862 713 voluntatem
898 660 1077 715 carnis
1108 662 1291 732 sequi,
1322 678 1442 732 qua:
1478 663 1720 717 nescien—

160 752 271 800 tem
314 747 464 802 ducit
505 749 572 803 ad
617 750 987 820 perditionem.
1030 752 1124 806 Vel
1163 762 1310 808 certe
1342 754 1629 824 superbum
1666 759 1722 808 et

159 836 266 891 sibi
303 836 605 905 placentem
643 840 849 909 arguit,
878 849 933 894 et
975 841 1247 896 meliorem
1284 842 1413 897 dicit
1453 858 1570 898 esse
1596 858 1720 897 eum

160 926 252 995 qui
280 934 475 982 cuncta
502 928 819 996 providerit,
848 945 1007 997 quam
1037 930 1186 984 illum
1212 930 1299 986 cui
1339 932 1471 985 nihil
1507 934 1723 1001 prodest

161 1014 337 1087 (Hier.
359 1055 377 1081 ,
408 1017 495 1080 cui
523 1016 654 1072 nihil
679 1017 883 1089 placet]
910 1019 1011 1073 nisi
1038 1020 1180 1088 quod
1208 1020 1319 1088 ipse
1347 1018 1566 1086 fecerit,
1594 1022 1719 1090 quia

162 1106 276 1158 hare
312 1113 395 1159 est
432 1105 575 1159 mala
604 1108 799 1161 mentis
825 1107 1037 1162 aﬂlictio
1063 1147 1077 1171 ,
1108 1116 1162 1162 et
1187 1109 1529 1178 praesumptio
1553 1111 1723 1178 pessi-

162 1213 245 1250 ma
268 1238 285 1261 ,
334 1212 403 1252 eo
450 1200 593 1267 quod
632 1198 773 1253 Deus
811 1199 1031 1269 dissipat
1066 1197 1240 1271 [Ms.,
1264 1199 1562 1272 despiciat]
1600 1216 1721 1257 ossa

162 1286 439 1341 hominum
480 1287 583 1342 sibi
610 1286 953 1357 placentium.
1230 1302 1237 1308 ‘

224 1376 395 1448 428
432 1379 595 1433 Vens.
639 1378 723 1432 10.
752 1410 823 1421 —
852 1379 955 1445 Qui
982 1381 1190 1449 futurus
1214 1389 1321 1447 est,
1340 1382 1457 1450 jam
1486 1391 1721 1436 vocatum

156 1476 231 1522 est
272 1483 459 1521 nomen
483 1468 618 1537 ejus,
643 1478 689 1521 et
714 1470 879 1521 scitur
901 1469 1038 1539 quod
1063 1471 1131 1523 sit
1157 1470 1329 1534 homo,
1356 1480 1404 1523 et
1434 1486 1535 1524 non
1564 1473 1723 1540 possit

157 1566 340 1610 contra
362 1556 630 1625 fortiorem
650 1572 704 1610 se
718 1557 921 1626 judicio
946 1556 1268 1611 contendere.
1295 1556 1493 1626 Aperte
1515 1556 1582 1610 de
1606 1555 1725 1610 Sal-

158 1648 361 1701 vatoris
394 1648 719 1716 praedicatur
743 1649 970 1703 adventu
992 1690 1009 1713 ,
1040 1648 1163 1718 quia
1190 1646 1327 1720 [qui]
1374 1648 1585 1703 futurus
1610 1657 1722 1715 est,

1818 663 1982 717 timus
2002 702 2017 727 ,
2047 670 2102 717 et
2128 664 2255 732 quid
2285 664 2447 717 futuri
2478 666 2646 719 simus
2675 680 2779 719 non
2809 663 3128 735 cogitamus.

1889 751 2049 805 Vens.
2084 751 2137 803 4.
2164 781 2235 791 -
2263 750 2449 805 Melior
2467 762 2538 805 est
2568 753 2648 805 ira
2678 753 2787 806 risu
2806 794 2821 818 ,
2848 754 2970 823 quia
2996 769 3087 822 per
3114 752 3377 806 tristitiam

1819 837 1989 892 vultus
2015 839 2294 909 corrigitur
2318 842 2523 894 animus
2548 840 2912 911 delinquentis.
2952 842 3111 897 Risus
3136 842 3377 896 dissolvit

1820 928 2144 995 sapientem,
2175 928 2254 982 ira
2280 930 2499 999 corripit
2528 940 2581 984 et
2608 932 2855 985 emendat
2891 940 3223 1000 peccantem.
3262 930 3374 983 lra-

1821 1031 2035 1071 scamur
2060 1027 2114 1072 et
2142 1020 2327 1082 nobis,
2358 1020 2481 1086 quia
2510 1020 2884 1087 peccavimus;
2919 1022 3216 1074 irascamur
3251 1020 3371 1073 aliis

1819 1120 2029 1174 quoque
2057 1108 2427 1175 peccantibus,
2459 1110 2523 1161 ad
2552 1107 2976 1164 emendationem
3017 1110 3134 1173 sui,
3163 1123 3267 1163 non
3310 1109 3378 1162 ad

1824 1194 2083 1248 ultionem
2110 1195 2301 1248 nostri.

1892 1286 2052 1339 Vsus.
2090 1284 2142 1337 5.
2172 1315 2243 1325 —
2278 1282 2382 1339 Cor
2426 1286 2736 1357 sapientium
2780 1286 2868 1339 ubi
2911 1288 3153 1352 tristitia,
3200 1298 3247 1341 et
3292 1304 3382 1341 cor

1820 1378 2097 1431 stultorum
2126 1378 2214 1431 ubi
2242 1376 2446 1432 ltetitia.
2489 1378 2668 1443 Beati,
2696 1379 2867 1447 inquit
2903 1378 3167 1442 Salvator,
3199 1379 3381 1446 lugen—

1822 1475 1925 1530 tes,
1950 1467 2202 1534 quoniam
2230 1467 2330 1535 ipsi
2357 1468 2774 1522 consolabuntur
2802 1467 3014 1537 (Matth.
3033 1467 3159 1537 v,5)
3187 1467 3381 1537 :igitur

1822 1556 2035 1624 sapiens
2077 1556 2162 1608 vir
2203 1556 2364 1609 vadat
2408 1557 2475 1609 ad
2516 1557 2730 1610 domum
2770 1557 3026 1627 lugentis,
3055 1565 3110 1611 et
3146 1558 3377 1626 seipsum

1824 1645 2140 1714 corrigentis
2166 1644 2404 1714 aliosque
2428 1647 2779 1713 admonentis,
2806 1656 2866 1701 ut
2888 1648 3140 1718 plangant
3161 1657 3381 1718 peccata

156 1744 447 1804 antequam
493 1738 549 1811 in
589 1751 816 1807 corpore
862 1743 1189 1799 cerneretur,
1228 1735 1344 1804 jam
1383 1746 1629 1791 vocatum
1669 1738 1723 1791 in
1825 1747 1958 1795 sua;
1991 1748 2097 1786 non
2125 1731 2191 1786 ad
2219 1733 2435 1787 domum
2464 1734 2787 1800 adulatoris,
2817 1736 2906 1803 qui
2946 1737 3164 1804 plausus
3190 1738 3382 1803 quterit

158 1826 458 1893 scripturis
486 1839 681 1879 nomen
722 1826 875 1895 ejus;
924 1835 980 1880 ei
1023 1827 1293 1893 cognitum
1332 1835 1415 1880 est
1451 1826 1724 1896 prophetis
1751 1885 1794 1896 -
1825 1820 2159 1875 audientium
2178 1861 2193 1885 ,
2224 1836 2329 1876 non
2360 1821 2623 1892 lacrymas
2648 1823 3085 1893 delinquentium.
3114 1824 3258 1879 Talis
3289 1826 3382 1879 do-

155 1926 211 1969 ei
239 1885 443 1970 sanctis
470 1915 563 1969 Dei
588 1923 647 1969 ut
670 1885 830 1969 homo
855 1916 925 1970 sit
944 1955 958 1979 ,
987 1924 1041 1969 ct
1064 1885 1214 1983 juxta
1254 1916 1356 1969 hoc
1394 1885 1723 1984 qu-od-homo
1751 1885 1797 1945 Β
1824 1917 1941 1963 ctor
1974 1908 2244 1979 plangitur
2276 1910 2423 1964 dives
2462 1885 2514 1963 in
2552 1885 2829 1977 sermone,
2864 1928 2968 1966 non
2998 1914 3145 1966 dives
3175 1914 3228 1966 in
3255 1928 3382 1982 opc-

154 2014 266 2067 est,
297 2019 404 2058 non
431 2005 601 2074 possit
629 2020 687 2060 se
712 2004 959 2060 conferre
985 2020 1109 2073 cum
1140 2003 1324 2070 Patre,
1356 2013 1414 2058 ut
1452 2008 1507 2059 in
1550 2006 1722 2059 Evan-

155 2096 295 2164 gelio
342 2096 458 2164 ipse
500 2096 612 2149 ait:
664 2095 825 2149 Pater
857 2096 945 2166 qui
983 2111 1063 2149 me
1107 2094 1278 2160 misit,
1316 2096 1488 2163 major
1526 2112 1612 2148 me
1646 2104 1720 2148 est

157 2187 354 2253 (Joan.
379 2201 500 2247 ιη,
530 2184 655 2254 28).
692 2183 857 2238 Verba
884 2197 1005 2239 sunt
1039 2185 1296 2255 plurima,
1327 2184 1640 2261 multamque
1666 2186 1721 2237 in

154 2276 475 2347 disputando
504 2276 744 2329 habentia
769 2276 1065 2330 vanitatem.

752 2383 978 2440 CAPUT
1033 2384 1141 2439 Vll.

230 2453 395 2507 Vens.
438 2454 488 2505 1.
528 2484 598 2493 -
631 2453 771 2519 Quid
820 2470 1019 2508 necesse
1068 2464 1140 2508 est
1181 2456 1377 2511 homini
1419 2461 1624 2529 majora
1670 2476 1724 2513 se

154 2558 391 2613 querere
409 2583 422 2603 ,
453 2559 571 2595 cum
599 2544 796 2611 ignoret
820 2544 945 2612 quid
972 2545 1226 2600 conducat
1255 2548 1355 2601 sibi
1382 2550 1437 2602 in
1461 2550 1571 2603 vita
1594 2566 1721 2615 sua,

158 2650 378 2687 numero
407 2633 613 2687 dierum
637 2635 1063 2703 peregrinationis
1090 2654 1201 2691 sua:
1222 2679 1235 2703 ,
1267 2648 1313 2693 et
1343 2650 1595 2709 tempore,
1623 2658 1723 2710 quo

159 2733 216 2777 ut
247 2724 434 2777 umbra
463 2725 875 2822 pmteriitVAut
902 2726 1018 2795 quis
1044 2728 1092 2779 ei
1115 2732 1302 2795 poterit
1330 2730 1561 2784 indicare
1598 2731 1725 2800 quid

156 2823 273 2879 post
316 2828 438 2864 eum
478 2813 738 2879 futurum'
758 2814 822 2865 sit
865 2814 959 2867 sub
998 2814 1105 2868 sole
1130 2815 1154 2867 ?
1183 2817 1403 2869 Videtur
1445 2818 1619 2871 adhuc
1659 2818 1731 2872 de

161 2900 449 2955 Salvatore
473 2901 653 2958 dicere
670 2944 685 2969 ,
710 2914 762 2959 et
788 2906 1071 2975 prohibere
1093 2921 1161 2961 ne
1188 2907 1399 2961 curiose
1425 2923 1725 2975 quaeramus

156 2992 365 3061 qualis,
396 2992 475 3044 vel
508 3003 740 3061 quantus
758 3036 771 3057 ,
797 2995 880 3049 vel
902 2996 1166 3064 quomodo
1195 2996 1458 3059 venisset,
1487 2996 1580 3049 sed
1607 3004 1725 3049 tan-

167 3094 283 3135 tum
323 3084 544 3137 credere
581 3084 721 3151 quod
757 3082 1032 3151 Scriptura
1067 3093 1250 3139 sancta
1281 3085 1347 3139 de
1379 3099 1443 3139 eo
1475 3094 1723 3139 testatur.

167 3175 301 3228 Cum
331 3174 475 3228 enim
504 3174 568 3228 de
594 3180 732 3226 statu
764 3181 945 3227 nostro
970 3173 1290 3243 ignoremus,
1324 3182 1378 3226 et
1406 3176 1513 3227 vita
1540 3185 1724 3229 nostra

166 3264 321 3330 quasi
366 3261 555 3315 umbra
602 3268 970 3330 pertranseat,
1019 3269 1072 3313 et
1114 3259 1289 3313 futura
1332 3260 1535 3314 incerta
1582 3263 1723 3326 sint,

169 3368 273 3407 non
304 3353 463 3408 nobis
484 3352 699 3421 expedit
724 3360 784 3405 ut
808 3350 1009 3419 majora
1036 3366 1195 3420 quam
1232 3366 1515 3421 possumus
1554 3352 1728 3421 inqui-

167 3458 376 3506 ramus,
421 3442 515 3497 sed
550 3441 820 3495 silentimn
855 3442 1188 3511 imponamus
1231 3442 1314 3497 ori
1356 3452 1562 3508 nostro,
1613 3459 1729 3499 cre-

161 3532 356 3588 dentes
381 3549 503 3587 eum
536 3534 744 3588 venisse
770 3533 862 3601 qui
892 3534 1180 3601 praedictus
1207 3542 1307 3588 εει.

232 3625 397 3677 Vsus.
438 3624 491 3675 2.
527 3653 595 3661 —
630 3622 815 3675 Melius
853 3631 927 3676 est
960 3625 1095 3676 enim
1134 3642 1319 3679 nomen
1353 3626 1539 3680 bonum
1572 3644 1728 3696 quam

164 3722 429 3783 unguenta
457 3712 679 3781 pretiosa
699 3752 714 3776 ,
742 3720 788 3763 et
812 3712 920 3764 dies
947 3714 1125 3765 mortis
1154 3713 1237 3767 die
1263 3714 1566 3768 nativitatis.
1592 3715 1728 3770 Con-

167 3803 344 3855 sidera
372 3842 385 3862 ,
429 3801 631 3869 inquit,
669 3814 701 3852 0
734 3799 924 3863 homo,
965 3800 1077 3871 dies
1108 3807 1227 3853 tuos
1258 3801 1475 3864 breves,
1513 3809 1566 3853 et
1602 3802 1727 3869 quia

164 3898 273 3948 cito
298 3895 540 3947 sublatus
563 3908 722 3947 carne
747 3894 799 3946 in
827 3894 926 3947 hac
950 3893 1057 3946 vita
1080 3907 1197 3946 esse
1222 3893 1474 3946 cessabis.
1503 3892 1609 3945 Fac
1632 3893 1728 3947 tibi

164 3987 217 4037 in
264 3984 419 4037 bonis
460 3985 712 4050 operibus
757 3982 953 4037 famam
996 3984 1324 4053 longiorem,
1365 3991 1424 4036 ut
1462 3984 1729 4052 quomodo

164 4088 326 4126 nares
359 4078 748 4139 unguentorum
780 4072 942 4124 odore
970 4072 1319 4137 delectantur,
1356 4073 1436 4127 sic
1468 4074 1533 4127 ad
1574 4082 1723 4127 tuum

166 4176 358 4213 uoinen
411 4157 582 4229 [Ms.,
623 4158 975 4231 vocabulum]
1011 4168 1201 4213 cuncta
1249 4163 1534 4229 posteritas
1584 4164 1728 4217 dele-

164 4260 361 4305 ctetur.
401 4248 468 4302 Et
504 4249 606 4303 hoc
642 4257 725 4303 est
760 4249 900 4317 quod
935 4250 987 4303 in
1022 4249 1327 4304 Proverbiis
1353 4250 1583 4305 dicitur:
1618 4252 1729 4305 Me-

164 4340 332 4393 moria
350 4340 619 4409 justorum
646 4356 764 4393 cum
791 4338 947 4393 laude
967 4379 981 4404 ,
1024 4356 1206 4393 nomen
1243 4349 1416 4394 autem
1451 4341 1728 4409 impiorum

162 4428 409 4499 putrescit
462 4426 743 4496 (Prov.x,
777 4428 862 4498 7).
913 4428 1064 4494 Quod
1109 4436 1286 4483 autem
1335 4429 1451 4481 ait:
1501 4428 1567 4480 Et
1617 4428 1725 4481 dies

163 4519 345 4572 mortis
392 4522 548 4585 super
590 4518 724 4570 diem
776 4519 1057 4570 nativitatis
1107 4519 1252 4587 ejus,
1306 4519 1409 4573 hoc
1452 4518 1717 4581 ostendit,
1754 4540 1803 4598 υ

1820 2014 1898 2053 re.
1925 1990 2202 2053 ldeo‘mox
2235 1999 2289 2052 in
2318 2000 2560 2069 sequenti
2590 2002 2853 2057 versiculo
2889 2001 3162 2072 adiungit:

1889 2092 2049 2144 Vsus.
2086 2091 2147 2155 6,
2189 2092 2241 2145 7.
2274 2123 2345 2132 -
2372 2093 2561 2148 Melius
2590 2104 2662 2148 est
2691 2112 2723 2148 a
2751 2095 2979 2165 sapiente
3006 2094 3197 2163 corrigi
3221 2110 3376 2163 quam

1818 2180 2094 2238 stultorum
2121 2182 2422 2236 adulatione
2447 2184 2613 2253 decipi
2629 2224 2645 2247 ,
2671 2184 2793 2254 quia
2819 2185 2952 2238 sicut
2980 2185 3177 2237 sonitus
3201 2184 3379 2253 spina-

1822 2288 1937 2325 rum
1967 2270 2262 2326 ardentium
2289 2272 2381 2326 sub
2414 2270 2552 2343 olla,
2579 2273 2653 2325 sic
2693 2274 2829 2325 risus
2872 2272 3035 2325 stulti.
3068 2270 3170 2325 Sed
3203 2281 3249 2324 et
3283 2272 3379 2323 hoc

1823 2362 2037 2415 vanitas.
2060 2360 2195 2416 Huic
2216 2363 2493 2416 sententia.-
2515 2362 2688 2417 simile
2710 2370 2793 2416 est
2815 2361 2941 2415 illud
2967 2377 2981 2415 :
3011 2361 3227 2415 Meliora
3254 2374 3372 2414 sum

1821 2448 2033 2502 vulnera
2053 2452 2228 2515 amici,
2250 2467 2406 2520 quam
2428 2450 2760 2519 fraudulenta
2782 2450 2956 2505 oscula
2978 2451 3170 2504 inimici
3195 2450 3374 2521 (Prov.

1820 2552 1967 2590 xxvu
1987 2577 2002 2601 ,
2030 2537 2103 2606 6).
2139 2538 2289 2592 Sicut
2312 2540 2456 2593 enim
2487 2540 2694 2594 sonitus
2723 2542 2994 2609 spinarum
3023 2542 3121 2594 sub
3152 2540 3256 2595 olla
3286 2556 3376 2593 ar-

1823 2627 2096 2691 dentium,
2134 2627 2415 2697 strepitum
2450 2627 2677 2680 reddunt
2714 2628 3018 2692 insuavem,
3069 2628 3147 2682 sic
3176 2635 3230 2682 et
3262 2628 3380 2697 pal-

1823 2718 1998 2785 pantis
2025 2717 2265 2786 magistri
2288 2718 2448 2770 verba
2478 2731 2582 2771 non
2610 2717 2884 2784 proderint
2906 2717 3175 2779 audienti,
3204 2716 3285 2770 vel
3316 2718 3379 2769 ad

1824 2823 1986 2861 curas
2022 2807 2202 2861 saeculi
2226 2848 2241 2871 ,
2278 2822 2395 2876 quas
2431 2808 2598 2876 spina:
2630 2807 3065 2876 interpretantur,
3105 2806 3375 2859 auditores

1824 2913 1949 2951 suos
1966 2899 2312 2961 cohortantis,
2338 2899 2421 2952 vel
2443 2899 2619 2953 futuro
2637 2913 2727 2952 eos
2750 2897 2995 2952 incendio
3010 2897 3377 2966 praeparautis.

1895 2985 2056 3039 Vsus.
2095 2986 2147 3039 8.
2179 3015 2251 3025 —
2272 2984 2548 3039 Calumnia
2572 2986 2841 3039 conturbat
2866 2986 3146 3056 sapientem
3162 3026 3175 3050 ,
3198 2995 3246 3037 et
3270 3002 3385 3054 pcr-

1823 3074 1899 3128 dit
1949 3074 2107 3127 robur
2154 3073 2325 3127 cordis
2370 3072 2532 3127 illius.
2587 3073 2814 3128 Utamur
2852 3076 2955 3129 hoc
2996 3075 3291 3135 versiculo,
3334 3075 3377 3126 si

1827 3180 1984 3234 quem
2008 3163 2211 3231 justum
2251 3161 2424 3217 virum
2469 3172 2628 3231 atque
2652 3163 2943 3231 sapientem
2986 3164 3262 3216 videamus
3292 3180 3380 3215 ca—

1831 3254 2063 3307 lumnias
2090 3252 2386 3315 sustinere,
2415 3260 2469 3306 et
2495 3252 2702 3305 turbari
2730 3249 2797 3305 de
2822 3250 3105 3317 iniquitate
3150 3250 3347 3315 judicis
3367 3291 3380 3311 ,

1828 3359 1926 3397 na:
1950 3343 2117 3397 Deum
2143 3340 2370 3413 [statim]
2395 3341 2717 3411 periclitanti
2738 3340 3018 3395 subvenire
3042 3348 3377 3408 praasentem.

1828 3433 2004 3487 Multa:
2035 3432 2406 3487 tribulationes
2433 3439 2555 3485 sunt
2576 3430 2874 3498 iustorum,
2923 3432 3045 3499 quia
3084 3427 3384 3495 refrigescit

1827 3524 2067 3577 Charitas
2096 3523 2419 3584 multorum,
2462 3530 2515 3574 et
2551 3522 2785 3575 abundat
2821 3522 3100 3588 iniquitas,
3142 3534 3239 3588 pro
3278 3534 3381 3587 qua

1827 3612 2235 3665 conturbabitur
2262 3625 2355 3663 cor
2383 3610 2639 3678 sapientis
2667 3610 2939 3677 Deumque
2966 3612 3225 3665 timentis.

1894 3698 2059 3769 429
2088 3699 2249 3751 Vens.
2281 3698 2333 3751 9.
2372 3728 2441 3736 —
2472 3696 2659 3751 Melior
2681 3706 2753 3750 est
2783 3696 2903 3764 ﬁnis
2942 3699 3192 3750 orationis
3230 3717 3383 3768 quam

1826 3790 2154 3857 principium.
2206 3787 2448 3840 Meliures
2491 3796 2613 3841 sunt
2642 3788 2695 3839 in
2734 3786 2957 3840 dicendo
3004 3786 3195 3855 epilogi
3224 3804 3385 3855 quam

1826 3880 2061 3942 exordia,
2093 3878 2214 3945 quia
2246 3878 2298 3930 in
2322 3878 2440 3931 istis
2465 3877 2731 3930 inchoatio
2760 3883 2840 3929 est
2868 3875 3165 3936 locutionis,
3199 3876 3250 3928 in
3282 3876 3387 3929 illis

1828 3969 2233 4024 consummatio.
2266 3966 2367 4033 Qui
2390 3967 2457 4020 ad
2492 3974 2875 4036 praeceptorem
2915 3966 3081 4029 vadit,
3111 3956 3300 4017 melius
3329 3966 3385 4017 in

1828 4059 1935 4112 ﬁne
1968 4058 2116 4112 verbi
2162 4056 2409 4127 intelligit
2437 4071 2555 4123 qua:
2582 4056 2850 4120 dicuntur,
2882 4070 3039 4124 quam
3081 4055 3133 4107 in
3178 4054 3383 4124 princi-

1827 4147 1916 4214 pio
1946 4164 1957 4198 :
2009 4147 2080 4199 ita
2113 4146 2299 4199 melior
2328 4154 2409 4200 est
2438 4154 2804 4199 consummata
2845 4144 3046 4212 iustitia
3092 4160 3253 4213 quam
3297 4144 3385 4199 in-

1828 4235 2052 4297 choata;
2103 4235 2193 4287 illa
2223 4236 2503 4305 victoriam
2532 4243 2769 4303 praestat,
2800 4236 2901 4287 ista
2926 4241 3134 4287 certare
3179 4233 3383 4301 incipit.

1829 4323 1927 4377 Hic
1936 4323 2081 4377 enim
2092 4338 2157 4376 ex
2172 4332 2322 4391 parte
2335 4324 2694 4392 cognoscitur;
2710 4340 2829 4377 cum
2846 4333 3021 4377 autem
3033 4323 3237 4377 venerit
3247 4324 3386 4390 quod

1827 4412 2121 4483 perfectum
2136 4420 2238 4479 est,
2258 4404 2360 4465 non
2378 4412 2483 4465 erit
2498 4427 2715 4465 necesse
2732 4395 2860 4465 illud
2878 4415 3018 4480 quod
3034 4429 3097 4465 ex
3110 4422 3261 4479 parte
3278 4422 3381 4467 est.

1901 4501 2090 4556 Melior
2114 4511 2187 4556 est
2228 4502 2427 4571 patiens
2465 4508 2760 4569 arrogante.
2809 4499 2943 4564 Quia
2972 4500 3216 4566 superius
3246 4501 3383 4551 iram

166 4610 363 4665 melius
396 4624 514 4664 esse
552 4610 630 4664 ire
663 4624 729 4663 ex
763 4610 866 4664 hoc
902 4609 1095 4663 szeculo
1114 4650 1127 4672 ,
1158 4618 1213 4662 et
1240 4625 1423 4665 carere
1452 4609 1725 4665 laboribus
1754 4588 1796 4598 -
1826 4599 2187 4654 (τοηοθδεθηίν
2209 4591 2416 4656 dicem:
2440 4590 2715 4645 meliorem
2745 4589 2879 4647 imm
2904 4603 3076 4657 qnam
3095 4588 3294 4652 risum;
3320 4603 3387 4641 ¹¹⁰

160 4700 321 4767 hujus
361 4700 513 4764 vitae,
545 4684 702 4768 quam
744 4700 811 4753 ad
849 4698 1215 4753 tribulationes
1253 4698 1571 4767 laboresque
1610 4707 1726 4751 tan-

162 4792 439 4847 tummodo
466 4794 646 4855 nasci,
678 4800 733 4846 et
759 4793 938 4847 omnia
969 4790 1121 4862 [Ms.,
1143 4798 1197 4845 et
1218 4790 1331 4845 haec
1350 4790 1527 4845 omnia
1558 4789 1721 4860 mala]

163 4884 427 4939 sustinere
455 4897 575 4950 qua:
603 4882 655 4934 in
686 4883 788 4936 hoc
816 4883 1013 4951 mundo
1040 4881 1344 4936 hominibus
1382 4882 1723 4950 supervenire

164 4973 433 5027 videntur.
466 4970 563 5024 Vel
589 4978 734 5024 certe
773 4970 899 5041 quia
945 4970 997 5026 in
1044 4979 1249 5036 morte,
1296 4971 1479 5039 quales
1520 4972 1719 5037 simus,

164 5072 348 5116 uotum
382 5060 492 5126 sit;
527 5060 581 5114 in
614 5057 832 5115 exordio
854 5062 985 5111 ivero
1012 5058 1299 5123 nascendi,
1344 5060 1529 5129 quales
1556 5060 1721 5115 futuri

164 5153 332 5207 simus
349 5194 364 5217 ,
398 5155 693 5223 ignoretur.

233 5243 395 5295 Vens.
437 5243 491 5296 '5.
520 5274 591 5283 —
624 5242 809 5296 Melius
838 5252 911 5295 est
937 5240 1011 5292 ire
1038 5239 1105 5292 ad
1133 5239 1343 5293 domum
1372 5238 1540 5293 luctus
1566 5257 1722 5310 quam

162 5331 228 5383 ad
255 5331 469 5384 domum
496 5332 741 5395 convivii;
766 5332 820 5384 in
848 5330 941 5383 illa
968 5329 1101 5382 enim
1140 5329 1260 5395 ﬁnis
1293 5338 1597 5382 cunctorum
1626 5331 1721 5383 ad-

162 5430 400 5473 monetur
426 5420 689 5473 hominum
710 5460 723 5484 ,
748 5435 795 5473 et
815 5422 981 5475 vivens
1009 5421 1195 5490 cogitat
1218 5420 1341 5489 quid
1369 5419 1604 5487 futurum
1627 5423 1713 5475 sit.

164 5510 359 5567 Utilius
386 5520 469 5566 est
498 5512 564 5565 ad
592 5510 871 5578 exsequias
895 5510 1096 5565 funeris
1126 5512 1204 5565 ire
1228 5525 1386 5579 quam
1410 5511 1475 5565 ad
1504 5511 1718 5567 domum

163 5600 418 5663 convivii,
448 5602 573 5668 quia
602 5600 673 5655 ibi
703 5600 1070 5653 recordatione
1098 5600 1417 5655 conditionis
1445 5609 1641 5656 nostrai
1666 5611 1721 5657 ct

164 5689 464 5761 fragilitatis
494 5690 738 5744 humanae
764 5706 829 5743 ex
857 5692 1104 5758 praesenti
1135 5691 1390 5744 cadavere
1416 5705 1720 5747 commone-

165 5795 296 5833 mur.
330 5782 386 5834 ln
416 5780 673 5834 conviviis
701 5788 877 5833 autem
908 5787 957 5831 et
986 5778 1195 5844 lzetitia,
1228 5781 1327 5835 etsi
1360 5779 1485 5852 quid
1515 5780 1720 5835 timoris

1824 4686 2137 4747 putaremus
2184 4679 2322 4731 iram
2346 4694 2464 4745 quae
2497 4689 2579 4733 est
2603 4680 2655 4731 in
2685 4679 2929 4747 passione
2958 4678 3161 4732 laudari
3186 4716 3199 4741 ,
3237 4692 3380 4732 nunc

1823 4772 2063 4842 praecipit
2113 4772 2248 4824 iram
2296 4770 2552 4840 patientia
2596 4785 2714 4823 esse
2767 4769 3074 4823 tollendam.
3114 4768 3191 4823 lbi
3238 4768 3382 4822 enim

1823 4879 1919 4933 pro
1948 4862 2279 4917 correctione
2311 4861 2363 4913 in
2393 4866 2699 4929 peccantes,
2724 4865 2778 4911 et
2805 4858 3105 4911 eruditione
3137 4858 3190 4913 in
3213 4858 3383 4911 mino-

1823 4967 1911 5005 res
1936 4952 2070 5005 iram
2096 4949 2321 5020 posuisti
2356 4947 2508 5020 [Ms.,
2532 4944 2753 5018 posuit],
2783 4946 2871 5002 hic
2894 4962 3022 5002 vero
3046 4948 3381 5016 patientiam,

1821 5056 1940 5109 quze
1966 5056 2071 5095 non
2099 5040 2270 5094 solum
2300 5038 2354 5096 in
2381 5036 2662 5107 angustiis,
2697 5038 2792 5091 sed
2819 5045 2873 5091 et
2898 5038 2952 5091 in
2978 5037 3269 5091 latioribus
3289 5050 3380 5088 ne»

1821 5130 2053 5185 cessaris
2078 5137 2177 5191 est,
2206 5142 2273 5184 no
2300 5128 2417 5197 plus
2442 5142 2601 5196 quam
2624 5127 2776 5182 decet
2801 5126 3113 5181 exaltemur.

1894 5240 2055 5293 Vsus.
2088 5238 2172 5292 10.
2201 5268 2271 5279 -
2291 5237 2373 5291 Ne
2396 5240 2468 5291 sis
2490 5237 2635 5311 velox
2662 5238 2731 5290 ad
2761 5236 3107 5299 irascendum,
3145 5234 3270 5303 quia
3297 5237 3378 5288 ira

1819 5333 1873 5383 in
1900 5331 2018 5383 sinu
2059 5330 2204 5383 stulti
2235 5330 2521 5399 requiescit.
2570 5326 2968 5380 lnconsiderate
3004 5325 3161 5380 irasci
3198 5332 3377 5387 vetat,

1824 5420 1955 5499 quia!
1976 5420 2287 5490 repentinus
2328 5418 2478 5471 furor
2500 5416 2781 5470 consilium
2809 5431 2915 5470 non
2945 5417 3125 5480 habet,
3158 5423 3213 5468 et
3244 5416 3379 5470 nihil

1822 5512 1937 5567 viro
1966 5514 2189 5581 sapienti
2210 5512 2323 5565 sine
2350 5512 2555 5564 ratione
2573 5512 2836 5579 agendum
2863 5519 2965 5565 est.
2994 5511 3197 5567 Idcirco
3217 5514 3382 5567 comi-

1823 5619 1918 5657 cus
1941 5603 2155 5671 quidam
2197 5602 2271 5655 ait
2298 5617 2311 5654 :
2347 5602 2427 5655 Ne
2452 5602 2579 5672 quid
2605 5603 2755 5655 nimis
2774 5642 2787 5666 ,
2816 5603 2941 5671 quia
2982 5604 3155 5656 omnis
3189 5604 3381 5659 intem-

1824 5690 2059 5759 perantia
2086 5690 2228 5744 cadit
2251 5691 2303 5743 in
2331 5691 2538 5746 vitium.
2569 5690 2662 5743 Ira
2686 5692 2741 5746 in
2770 5692 2889 5745 sinu
2919 5692 3062 5745 stulti
3090 5695 3378 5763 requiescit.

1827 5782 2049 5849 Semper
2078 5779 2353 5834 iracundia
2380 5779 2640 5848 superbia:
2662 5778 2849 5847 juncta
2877 5780 3135 5839 ultionem
3160 5786 3370 5851 τιμίω-ἧι,
