4338 6444
689 389 790 448 69⁸5

1531 382 1589 438 s.
1631 384 1692 440 ιτ.
1732 383 1954 438 ALBiNl
1990 382 2119 440 seu
2160 379 2431 441 ALCUlNi
2469 383 2751 440 orans.“
2791 345 3065 440 passu.

3813 389 3917 443 696

688 505 815 575 quia
833 501 1079 572 quamvis
1100 500 1290 569 aliquis
1309 509 1496 570 potens
1519 501 1779 564 videatur,
1801 509 1856 555 et
1879 501 2092 568 sapipns
2109 501 2250 553 testi-
2276 503 2327 558 Α
2420 498 2583 568 ‘30
2605 500 2760 553 Vsus.
2781 499 2866 551 l6.
2891 529 2953 538 ——
2984 498 3112 552 lltrc
3141 515 3339 568 quoque
3362 501 3463 553 vidi
3483 500 3662 554 diebus
3682 503 3922 558 uanitatis

685 603 886 657 tuetur,
916 591 960 646 si
984 590 1270 644 iracundus
1295 591 1410 644 sine
1437 591 1644 644 ratione
1662 597 1764 654 est,
1794 591 2051 658 insipiens
2077 590 2254 658 argui-

695 697 799 741 tur.
841 685 916 739 Et
946 685 1000 738 in
1042 681 1328 750 Evangelio
1357 699 1369 734 :
1417 680 1519 746 Qui
1547 682 1795 735 irascitur
1822 681 1975 749 fratri
1998 698 2113 744 suo,
2163 681 2250 734 illa

689 775 770 829 vel
799 774 901 828 alia
931 771 1059 844 μὴ.
1079 769 1192 841 illa]
1210 771 1559 824 aestimatione
1567 768 1755 838 judicii
1771 769 1960 838 dignus
1971 769 2247 824 eﬂicietur.

757 864 923 918 Vsus.
956 863 1042 914 11.
1071 890 1142 900 —
1169 859 1249 913 Ne
1273 859 1418 913 dicas
1443 874 1461 912 :
1487 857 1624 923 Quid
1652 867 1804 925 putas
1831 874 1989 910 causa
2023 867 2096 911 est
2115 859 2253 928 quod

686 955 864 1024 priora
894 962 1124 1022 tempora
1151 949 1366 1003 meliora
1390 949 1534 1018 fuere
1551 964 1708 1019 quam
1737 964 1872 1001 nunc
1897 949 2054 1001 sunt?
2075 947 2251 1002 Stulta

684 1046 822 1100 enim
844 1055 919 1099 est
941 1042 1240 1113 hujusmodi
1265 1041 1618 1106 interrogatio.
1645 1038 1721 1094 Ne
1747 1038 1894 1117 dicas
1915 1052 2042 1108 ergo
2067 1040 2249 1093 melio-

686 1150 774 1190 Ies
799 1133 966 1188 fuisse
989 1133 1105 1187 dies
1132 1131 1230 1186 sub
1259 1130 1436 1200 Moyse
1461 1139 1515 1184 et
1539 1131 1638 1184 sub
1665 1129 1878 1184 Christo
1903 1144 2061 1198 quam
2090 1129 2253 1185 modo

687 1231 834 1277 sunt.
867 1221 1000 1274 Nam
1027 1228 1081 1275 et
1112 1218 1204 1273 illo
1229 1225 1468 1287 tempore
1494 1204 1674 1286 plures
1699 1217 1914 1270 fuerunt
1956 1217 2245 1282 increduli,

683 1321 738 1364 et
778 1310 895 1364 dies
919 1321 1106 1387 eorum
1155 1306 1283 1360 mali
1331 1305 1458 1360 facti
1495 1312 1651 1369 sunt;
1699 1313 1754 1359 et
1781 1319 1924 1360 nunc
1968 1307 2250 1361 credentes

683 1399 839 1453 multi
867 1398 1233 1468 reperiuntur,
1259 1395 1326 1450 de
1345 1395 1541 1464 quibus
1561 1395 1637 1449 ait
1666 1393 1912 1450 Salvator
1935 1411 1949 1449 :
1974 1394 2248 1453 Beatiores

683 1498 826 1555 sunt,
857 1489 948 1558 qui
970 1503 1055 1545 me
1076 1503 1182 1542 non
1212 1488 1478 1551 viderunt,
1506 1495 1560 1542 et
1581 1487 1924 1542 crediderunt
1945 1487 2125 1558 (Joan.
2152 1502 2244 1552 xx,

680 1577 792 1644 29).
825 1576 1029 1630 Aliter:
1065 1575 1230 1630 debes
1275 1575 1354 1630 sic
1378 1575 1578 1638 vivere,
1605 1582 1666 1627 ut
1703 1588 1915 1644 semper
1955 1576 2247 1642 praesentes

680 1667 794 1720 dies
819 1665 1068 1719 meliores
1091 1663 1192 1718 tibi
1231 1663 1339 1718 sint
1363 1677 1520 1731 quam
1548 1663 1826 1730 praeteriti,
1868 1677 1935 1716 ne
1962 1677 2083 1717 cum
2115 1677 2247 1732 pau-

681 1753 830 1807 latim
875 1753 1185 1808 decrescere
1224 1753 1468 1821 cmperis,
1521 1752 1730 1807 dicatur
1762 1752 1857 1806 tibi
1899 1766 1918 1804 :
1947 1750 2245 1807 Currebatis

2354 604 2479 641 mea
2493 603 2512 651 ;
2523 589 2698 656 justus
2720 591 2849 658 perit
2875 591 2928 641 in
2944 590 3155 658 iustitia
3181 606 3298 654 sua,
3323 599 3369 642 et
3392 590 3580 659 impius
3606 590 3768 645 multo
3801 593 3923 648 sirit

2351 689 2574 748 tempore
2601 681 2655 732 in
2676 677 2878 731 malitia
2899 695 3015 731 sua.
3042 676 3154 732 Hoc
3183 679 3322 732 idem
3349 687 3406 733 et
3423 678 3691 746 Propheta
3711 681 3767 733 in
3791 694 3923 750 scp-

2353 770 2645 847 tuagesimo
2665 769 2898 823 secundo
2917 768 3124 836 psalmo
3143 768 3458 824 detestando
3483 771 3708 825 miratus
3729 779 3829 826 est.
3855 771 3925 826 Et

2353 856 2602 912 llahacuc
2644 858 2903 926 prOpheta
2940 855 3092 928 μη,
3123 857 3176 910 in
3204 859 3483 928 prophetia
3517 857 3637 930 sua]
3675 859 3924 929 deplorat

2351 963 2516 1016 quare
2546 948 2693 1016 impii
2745 946 2920 1003 felicia
2964 949 3196 1002 habeant
3245 955 3506 1018 tempora,
3539 958 3592 1004 et
3625 949 3759 1017 justi
3802 951 3922 1020 plu-

2352 1036 2503 1090 rimis
2529 1044 2882 1104 torqueantur
2907 1037 3165 1091 adversis.
3196 1035 3348 1108 [Sed]
3382 1038 3477 1092 Dei
3503 1039 3558 1092 in
3587 1039 3798 1094 occulto
3826 1053 3925 1109 pa-

2351 1124 2536 1177 tientia
2565 1131 2668 1186 est,
2697 1124 2942 1180 tribulari
2965 1141 3108 1180 nunc
3136 1137 3369 1191 sanctos,
3398 1136 3459 1180 ut
3497 1129 3757 1199 recipiant
3779 1130 3920 1185 maia

2351 1212 2404 1265 in
2433 1213 2543 1267 vita
2589 1229 2706 1276 sua,
2755 1224 2807 1268 et
2837 1225 3147 1284 peccatores
3186 1232 3292 1271 non
3322 1218 3543 1273 visitare
3585 1234 3683 1297 pro
3717 1220 3922 1276 scelere

2352 1315 2450 1355 suo
2474 1301 2526 1354 in
2557 1301 2660 1356 hoc
2688 1303 2884 1357 saaculo
2908 1304 3192 1372 praesenti;
3219 1314 3280 1358 ut
3309 1314 3364 1360 et
3387 1304 3490 1359 illis
3519 1307 3689 1375 possit
3718 1316 3923 1363 tetes-na

2349 1391 2488 1444 bona
2518 1393 2820 1457 restituere,
2850 1402 2905 1447 et
2951 1393 3036 1448 his
3064 1395 3201 1449 mala
3233 1403 3431 1465 aeterna
3462 1395 3617 1467 [ΗΜ
3639 1397 3920 1471 perpetua]

2348 1482 2567 1548 inferre,
2599 1479 2738 1538 sicut
2766 1484 2831 1537 de
2857 1483 3062 1539 Lazaro
3083 1493 3140 1540 et
3159 1487 3224 1540 de
3251 1486 3414 1542 divite
3438 1487 3653 1556 legitur.
3693 1489 3837 1544 Unde
3865 1498 3923 1545 et

2347 1569 2600 1638 praefatus
2648 1571 2930 1626 Psalmista
2974 1573 3267 1642 respiciens
3293 1573 3452 1630 linem
3490 1576 3774 1642 malorum,
3822 1580 3918 1647 qui

2347 1661 2435 1716 hic
2482 1661 2710 1717 feliciter
2746 1663 2947 1727 vivunt,
2981 1663 3300 1718 exclamavit
3347 1665 3529 1721 dicens
3579 1685 3592 1719 :
3630 1665 3920 1720 Existima-

2349 1753 2464 1805 bam
2493 1763 2549 1804 ut
2595 1766 2950 1821 cognoscerem
2997 1753 3113 1817 hoc,
3164 1752 3313 1806 labor
3349 1763 3423 1807 est
3480 1763 3598 1808 ante
3623 1771 3721 1817 me,
3753 1755 3918 1820 donec

681 1842 959 1912 immanis
980 1857 1066 1896 vos
1090 1841 1349 1910 impedivit
1365 1842 1566 1894 veritati
1581 1857 1683 1912 nqn
1696 1841 1899 1894 obedire
1916 1840 2057 1911 (Gal.
2080 1856 2131 1906 v,
2155 1842 2248 1912 7)?
2280 1828 2321 1886 Β
2351 1841 2536 1893 intrem
2568 1840 2620 1892 in
2656 1841 3013 1893 sanctuarium
3043 1840 3174 1906 Dei,
3222 1852 3273 1895 et
3306 1841 3592 1911 intelligam
3644 1843 3922 1896 novissima

752 1937 913 1991 Vsus.
946 1935 1030 2000 l2,
1051 1932 1406 1989 l5.—Utilior
1431 1943 1504 1985 est
1525 1933 1778 2001 sapientia
1802 1949 1957 2003 quam
1970 1934 2180 1994 dicitur,
2197 1942 2245 1986 et

682 2028 844 2097 magis
892 2025 1099 2095 prodest
1151 2022 1438 2077 uidentibus
1465 2020 1643 2074 solent.
1691 2020 1839 2074 Sicut
1869 2023 2006 2074 enim
2029 2022 2247 2089 protegit

683 2117 958 2188 sapientia,
1013 2116 1087 2168 sic
1115 2114 1334 2184 protegit
1384 2112 1624 2181 pecunia.
1677 2108 1792 2162 Hoc
1827 2121 1999 2163 autem
2024 2110 2246 2180 amplius

683 2210 828 2264 habet
856 2207 1079 2260 eruditio
1107 2215 1155 2258 et
1196 2205 1469 2274 sapientia,
1492 2216 1629 2272 quoa
1668 2203 1826 2253 vitam
1864 2200 2095 2252 tribuunt
2128 2216 2248 2268 pos-

684 2297 867 2351 sessori
892 2311 1006 2348 suo.
1035 2293 1249 2361 Majoris
1274 2300 1356 2346 est
1377 2290 1560 2360 gloria:
1591 2288 1847 2357 sapientia
1879 2301 2000 2340 eum
2025 2287 2244 2340 divitiis.

685 2384 790 2436 Alii
809 2383 951 2436 enim
971 2381 1230 2450 sapientia
1246 2380 1502 2448 indigent,
1522 2377 1612 2431 alii
1631 2377 1850 2446 opibus:
1876 2383 1930 2430 et
1947 2375 2135 2430 melior
2145 2381 2246 2438 est,

685 2473 778 2541 qui
802 2480 1088 2539 utrumque
1111 2476 1575 2540 prastatutroque
1606 2464 1883 2535 indigenti.
1913 2462 2014 2529 Qui
2033 2465 2250 2532 sapiens

682 2571 780 2622 est,
807 2569 860 2615 et
885 2576 990 2615 non
1010 2561 1190 2624 dives,
1207 2567 1382 2627 potest
1418 2557 1631 2625 quidem
1661 2556 1854 2610 docere
1873 2553 2016 2621 quod
2049 2552 2251 2607 bonum

684 2660 788 2717 est,
808 2653 902 2707 scd
923 2652 1190 2706 interdum
1210 2666 1316 2704 non
1339 2657 1516 2718 potest
1542 2654 1823 2714 przestare,
1855 2645 1998 2714 quod
2017 2645 2247 2712 petitur;
2263 2713 2275 2725 .

684 2743 807 2797 ideo
830 2742 907 2795 ait
934 2758 948 2795 :
993 2741 1263 2810 quomodo
1295 2739 1528 2808 protegit
1560 2737 1821 2806 sapientia
1841 2776 1854 2800 ,
1911 2735 1983 2788 ita
2020 2735 2254 2804 protegit

683 2841 740 2885 et
784 2830 1010 2900 pecunia
1047 2847 1061 2882 :
1105 2829 1198 2883 sed
1240 2828 1292 2882 in
1332 2843 1397 2882 eo
1437 2827 1610 2896 major
1639 2834 1720 2880 est
1747 2825 2009 2895 sapientia
2053 2824 2253 2879 divitiis

683 2922 826 2990 quod
851 2922 1052 2988 absque
1091 2920 1214 2974 uilis
1241 2919 1431 2987 opibus
1474 2917 1634 2986 hujus
1665 2917 1847 2971 sa3culi
1869 2917 2034 2970 vitam
2063 2903 2252 2970 tribuit

686 3008 901 3062 habenti
949 3023 1088 3062 eam.
1151 3006 1440 3060 Sciendum
1493 3015 1577 3059 est
1613 3015 1791 3060 tamen
1840 3000 1984 3074 quod
2037 3005 2140 3059 hoc
2186 3005 2254 3058 de

687 3113 808 3151 vera
833 3097 1028 3150 dicitur
1055 3096 1339 3164 sapientia,
1365 3110 1483 3163 qua:
1504 3096 1571 3149 ad
1590 3096 1755 3150 vitam
1779 3095 1949 3148 tendit
1972 3102 2249 3159 aeternam,

683 3197 737 3240 et
765 3186 979 3240 deducit
1003 3187 1070 3238 ad
1095 3184 1261 3240 solem
1278 3184 1501 3251 justitia:
1520 3191 1830 3251 sequentem
1852 3197 1930 3236 se.
1961 3181 2114 3237 Unde
2135 3180 2209 3234 ait
2235 3198 2248 3232 :

699 3275 1000 3328 Videntibus
1028 3274 1210 3337 solem,
1255 3275 1309 3328 id
1345 3281 1449 3337 est,
1497 3273 1911 3343 intelligentibus
1930 3274 2023 3342 qui
2067 3273 2139 3329 sit
2175 3272 2256 3329 sol

687 3363 936 3434 iustitiae,
961 3355 1017 3418 e't
1055 3363 1321 3434 quomodo
1353 3363 1772 3434 perveniendum
1800 3365 1872 3418 sit
1895 3363 1963 3418 ad
1988 3379 2130 3418 eum.

759 3459 918 3514 Vsus.
949 3457 1035 3510 14.
1057 3485 1128 3496 -
1153 3455 1439 3510 Considera
1467 3471 1622 3523 opera
1645 3454 1766 3519 Dei,
1795 3453 1934 3524 quod
1975 3470 2122 3507 nemo
2139 3471 2257 3524 pos-

688 3556 756 3607 sit
783 3554 1038 3621 corrigere
1051 3568 1201 3622 quem
1225 3550 1314 3604 ille
1333 3551 1637 3618 despexerit.
1662 3548 1719 3602 In
1741 3549 1844 3603 hoc
1859 3547 2122 3602 versiculo
2132 3561 2255 3614 per—

692 3643 876 3713 spicue
909 3641 976 3694 ad
1014 3641 1251 3694 studium
1297 3653 1397 3693 nos
1423 3640 1668 3692 hortatur
1699 3639 1978 3706 sapientia:
2003 3645 2058 3689 et
2087 3637 2258 3690 scien-

692 3734 810 3795 tiae;
858 3737 919 3783 ut
960 3729 1363 3782 consideremus
1409 3740 1571 3794 opera
1616 3726 1728 3789 Dei,
1761 3740 1920 3794 quam
1966 3739 2159 3794 magna
2206 3731 2262 3778 et

692 3835 856 3890 quam
890 3817 1154 3871 mirabilia
1183 3817 1308 3879 sint,
1336 3823 1393 3871 et
1412 3815 1678 3885 quomodo
1704 3815 1866 3868 alium
1897 3814 2128 3885 gratuita
2149 3813 2259 3880 pie-

695 3915 806 3961 tate
833 3907 1072 3976 elegerit,
1107 3905 1268 3959 alium
1289 3905 1436 3973 justo
1453 3905 1655 3973 judicio
1682 3905 2006 3972 despexerit,
2037 3905 2176 3956 sicut
2194 3903 2261 3956 de

695 3995 861 4049 Jaoob
901 4001 956 4048 et
997 3994 1136 4047 Esau
1180 3995 1422 4048 dicitur:
1461 3993 1624 4046 Iacob
1655 3992 1845 4056 dilexi,
1875 4002 1924 4044 et
1970 3991 2113 4045 Esau
2142 3992 2260 4045 odio

697 4082 859 4135 habui
881 4080 1056 4152 (Rom.
1095 4096 1169 4145 Ix,
1198 4081 1310 4150 l5).
1337 4082 1540 4135 Dicitur
1567 4092 1621 4135 et
1651 4080 1703 4133 in
1731 4080 1974 4149 psalmo:
2001 4078 2262 4133 Universc

698 4173 792 4225 vite
813 4180 918 4224 tua:
942 4171 1296 4240 misericordia
1322 4181 1369 4224 et
1397 4172 1578 4224 ueritas
1604 4169 1773 4238 (Psal.
1805 4184 1951 4231 xnv,
1983 4168 2089 4236 10).

768 4257 930 4309 Vna.
959 4256 1046 4308 15.
1080 4285 1151 4297 —
1187 4256 1254 4308 In
1291 4257 1376 4308 die
1404 4256 1535 4308 bona
1574 4255 1746 4323 {ruere
1773 4254 1939 4319 bonis,
1985 4263 2033 4306 et
2068 4253 2265 4307 malum

699 4345 836 4399 diem
863 4357 1112 4410 prccaue.
1168 4344 1316 4399 Sicut
1343 4345 1481 4398 enim
1531 4345 1690 4408 hunc,
1744 4345 1914 4402 sic.“
1961 4343 2110 4396 illum
2144 4343 2265 4412 fecit

2352 1945 2532 1982 eorum
2563 1928 2733 2000 (Psal.
2760 1945 2929 1993 LXXII,
2963 1929 3072 1998 16).

2421 2018 2584 2072 Vens.
2618 2019 2705 2072 17.
2731 2049 2803 2058 ——
2831 2017 2956 2072 Noli
2983 2035 3092 2072 esse
3109 2019 3292 2087 justus
3315 2019 3558 2086 multum,
3591 2037 3682 2075 nec
3700 2020 3818 2091 plus
3834 2039 3926 2075 sa-

2347 2110 2461 2178 pias
2480 2117 2634 2178 quam
2661 2127 2862 2164 necesse
2898 2121 2996 2174 est,
3025 2127 3086 2164 ne
3117 2111 3465 2180 obstupescas.
3492 2111 3593 2177 Qui
3615 2127 3742 2166 vero
3785 2127 3918 2166 nun-

2347 2212 2510 2266 quam
2537 2199 2798 2254 fraternis
2843 2201 3122 2269 ignoscere
3165 2206 3404 2272 peccatis
3443 2206 3580 2271 vult,
3625 2207 3923 2262 sedomnia

2347 2287 2620 2342 vindicare
2654 2289 2946 2343 secundum
2978 2290 3214 2346 furorem
3243 2295 3407 2349 animi
3453 2296 3556 2361 sui,
3589 2295 3707 2364 plus
3743 2295 3924 2364 justus

2348 2386 2430 2432 est
2456 2394 2617 2447 quam
2647 2380 2818 2434 decet.
2844 2379 2978 2434 Cum
3002 2383 3144 2462 enim
3172 2381 3420 2438 Salvator
3453 2385 3528 2438 ait
3552 2402 3565 2438 :
3619 2384 3796 2439 Nolite
3821 2386 3917 2454 ju-

2351 2468 2546 2532 dicare,
2571 2478 2754 2521 utnon
2774 2469 3086 2537 judicemini
3116 2469 3266 2541 (Luc.
3299 2488 3368 2535 Vi,
3395 2473 3495 2538 37;
3533 2483 3588 2528 et
3615 2489 3629 2527 :
3665 2473 3725 2529 Si
3761 2475 3922 2528 dimi—

2351 2556 2521 2608 seritis
2554 2556 2848 2609 hominibus
2873 2567 3083 2626 peccata
3107 2575 3308 2623 eorum,
3351 2561 3572 2614 dimittet
3593 2562 3731 2615 vobis
3762 2561 3926 2616 Pater

2353 2654 2513 2698 vester
2537 2644 2754 2698 caelestis
2783 2645 2970 2697 delicta
3008 2655 3173 2699 uestra
3201 2647 3412 2717 (Hatth.
3457 2665 3533 2714 Vl,
3561 2649 3670 2720 ll).
3702 2649 3811 2705 Nec
3840 2650 3925 2704 ni-

2353 2733 2456 2787 mis
2477 2732 2695 2802 rigidus,
2725 2741 2816 2786 aut
2841 2735 3020 2790 animo
3048 2734 3198 2805 [Ms.,
3229 2738 3412 2809 nimis]
3439 2740 3644 2794 solutus
3669 2742 3928 2810 magister

2353 2819 2510 2874 debet
2533 2835 2670 2885 esse,
2697 2821 2790 2875 sed
2819 2823 2903 2874 via
2930 2824 3076 2892 regia
3106 2825 3332 2893 ingredi,
3357 2836 3410 2880 et
3433 2829 3773 2883 considerare
3803 2830 3928 2883 dili-

2354 2918 2542 2979 genter
2569 2910 2696 2978 quid
2745 2911 2829 2964 cui
2879 2913 3164 2966 conveniat
3203 2913 3270 2968 ad
3314 2914 3537 2969 salutem
3564 2917 3756 2971 anima:
3793 2933 3922 2971 sum.

2355 2999 2507 3064 Quod
2544 3008 2722 3053 autem
2759 3001 2877 3054 ait:
2919 3001 3046 3055 Noli
3078 3019 3310 3072 quazrere
3352 3005 3598 3074 amplius,
3648 3023 3711 3059 ne
3745 3007 3926 3059 obstu-

2354 3105 2564 3160 pescas;
2612 3099 2850 3146 mentem
2888 3099 3126 3146 nostram
3172 3093 3276 3146 scit
3302 3093 3595 3162 perfectam
3635 3109 3742 3148 non
3771 3105 3927 3162 posse

2357 3181 2812 3248 comprehendere
2840 3182 3180 3254 sapientiam,
3212 3191 3268 3235 et
3293 3196 3598 3237 mensuram
3626 3182 3928 3254 fragilitatis

2353 3279 2551 3324 nostra
2568 3270 2722 3338 jubet
2749 3285 2846 3324 nos
2873 3271 3014 3325 scire
3041 3271 3255 3325 debere.

2426 3359 2588 3412 Vens.
2619 3359 2705 3413 18.
2735 3387 2806 3398 -
2841 3357 2922 3412 Ne
2963 3359 3119 3430 impie
3143 3376 3268 3430 agas
3308 3361 3548 3425 multum,
3590 3372 3638 3416 et
3673 3362 3780 3416 noli
3819 3379 3929 3418 esse

2355 3448 2563 3514 stultus,
2589 3466 2651 3502 ne
2671 3450 2915 3503 moriaris
2929 3451 2984 3504 in
3005 3459 3230 3520 tempore
3255 3467 3356 3503 non
3379 3459 3489 3503 tuo.
3512 3450 3646 3505 Cum
3671 3451 3927 3508 Dominus

2355 3541 2642 3610 loquatur:
2688 3540 2822 3595 Nolo
2869 3549 3098 3595 mortem
3133 3542 3453 3609 peccatoris,
3503 3544 3596 3598 sed
3629 3552 3834 3598 tantum
3868 3535 3931 3599 ut

2358 3641 2662 3686 revertatur
2682 3643 2736 3686 et
2758 3635 2901 3687 vivat
2928 3633 3143 3703 (Ezech.
3175 3651 3329 3701 ινιιι,
3353 3637 3465 3706 52),
3490 3638 3654 3692 semel
3675 3651 3928 3708 peccasse

2358 3721 2606 3786 sulliciat,
2641 3723 2898 3778 debemus
2922 3740 3019 3780 nos
3046 3725 3254 3794 eIigere
3280 3725 3661 3794 post/ruinam.
3693 3727 3750 3780 Si
3778 3728 3926 3782 enim

2351 3814 2503 3888 juxta
2549 3830 2643 3869 eos
2667 3815 2759 3884 qui
2783 3815 2852 3869 de
2894 3815 3132 3884 physicis
3175 3815 3469 3884 disputant,
3515 3818 3664 3871 novit
3697 3817 3928 3873 hirundo

2356 3905 2530 3973 pullos
2572 3920 2698 3958 suos
2718 3905 2787 3958 de
2831 3919 2927 3959 sua
2967 3905 3182 3960 oculare
3223 3907 3552 3973 chelidonia;
3595 3909 3925 3962 dictamnum

2360 4007 2567 4060 capreae
2614 4004 2869 4063 appetunt
2908 3995 3235 4059 vulneratae;
3294 4012 3392 4050 cur
3445 4012 3542 4051 nos
3607 3997 3918 4065 ignoremus

2361 4083 2679 4138 medicinam
2707 4085 3033 4152 paenitentiae
3056 4086 3382 4154 propositam
3409 4099 3527 4140 esse
3547 4087 3934 4154 peccantibus?

2363 4173 2514 4238 Quod
2555 4183 2734 4255 autem
2771 4175 2846 4228 ait
2887 4189 2901 4227 :
2951 4175 3300 4234 Nemoriaris
3341 4177 3396 4230 in
3421 4186 3646 4246 tempore
3675 4195 3778 4231 non
3816 4189 3922 4238 tuo,

2365 4262 2566 4316 scimus
2592 4261 2790 4326 Chore,
2816 4273 2871 4317 et
2893 4265 3122 4328 Dathan,
3152 4273 3207 4317 et
3242 4265 3442 4318 Abiron
3477 4275 3699 4334 propter
3717 4267 3928 4320 seditio—

2366 4366 2491 4405 nem
2536 4352 2794 4406 adversus
2847 4351 3066 4422 Moysen
3121 4360 3176 4406 et
3218 4353 3397 4406 Aaron
3448 4355 3722 4422 repentino
3770 4363 3928 4411 terra:

703 4434 860 4498 Deus,
893 4443 947 4487 ut
972 4451 1073 4488 non
1102 4435 1325 4488 inveniat
1350 4435 1504 4487 homo
1535 4443 1717 4487 contra
1748 4449 1865 4486 eum
1882 4434 2060 4501 justas
2087 4434 2262 4501 queri-
2295 4476 2346 4536 υ
2369 4443 2519 4495 hiatu
2555 4442 2841 4497 devoratos
2876 4441 3064 4512 (Num.
3114 4443 3249 4513 va),
3296 4452 3351 4498 et
3395 4443 3462 4497 ad
3503 4445 3926 4500 emendationem

703 4529 924 4580 manias.
960 4525 1073 4580 Hoc
1098 4528 1244 4580 enim
1270 4530 1368 4592 ait,
1396 4527 1705 4595 signiﬁcans
1730 4527 1970 4580 omnium
2013 4541 2132 4581 esse
2183 4541 2268 4581 re-

704 4617 1045 4671 tributionem
1070 4629 1085 4668 :
1117 4616 1237 4670 ideo
1262 4617 1512 4669 admonet
1538 4631 1655 4678 nos,
1687 4616 1828 4670 diem
1859 4615 2078 4681 malum,
2105 4618 2156 4671 id
2187 4625 2269 4672 est

705 4707 845 4760 diem
888 4705 1152 4769 vindictae,
1183 4720 1502 4773 prrecavere.
1535 4704 1678 4759 Bene
1699 4719 1826 4759 vero
1857 4703 2074 4758 facienti
2097 4706 2267 4761 bonus

709 4806 789 4850 est
821 4798 976 4866 hujus
1001 4797 1124 4850 vita:
1145 4797 1286 4860 dies,
1305 4797 1370 4850 ad
1408 4796 1820 4864 promerendum
1847 4803 2065 4850 aeternas
2102 4796 2271 4851 beati-

710 4889 907 4944 tudinis
933 4890 1098 4942 diem.
1129 4888 1279 4941 Sicut
1296 4890 1443 4940 enim
1471 4889 1611 4941 Deus
1652 4887 1776 4940 fecit
1818 4887 2004 4950 istum,
2029 4896 2088 4939 ut
2130 4889 2270 4941 bene

712 4981 949 5034 vivamus
985 4981 1040 5033 in
1067 4993 1152 5042 eo,
1198 4978 1270 5030 ita
1301 4986 1354 5030 et
1396 4977 1542 5030 illum
1589 4977 1727 5031 male
1755 4975 2073 5031 facientibus
2117 4976 2268 5031 fecit.

714 5071 881 5124 Aliter
909 5088 921 5122 :
957 5070 1123 5133 Bona,
1153 5069 1346 5136 inquit,
1376 5076 1432 5121 et
1457 5068 1614 5131 mala,
1645 5067 1698 5122 id
1723 5075 1805 5121 est
1823 5081 2077 5136 prospera
2100 5077 2158 5121 et
2176 5068 2265 5122 ad-

715 5175 889 5223 versa,
915 5169 1073 5228 prout
1097 5159 1339 5214 venerint
1370 5158 1521 5229 μὴ..
1565 5158 1860 5229 evenerint]
1894 5159 2013 5221 tibi,
2043 5158 2270 5212 viriliter

716 5248 942 5310 sustine,
989 5248 1111 5314 quia
1140 5256 1366 5315 utraque
1411 5246 1501 5300 Dei
1537 5246 1740 5312 judicio
1767 5248 2014 5300 evenient
2059 5261 2269 5314 semper

710 5337 878 5404 justo,
909 5338 1154 5404 quamvis
1198 5350 1336 5402 saepe
1360 5335 1586 5389 occulto.
1625 5336 1984 5402 Probibetque
2003 5335 2271 5401 querimo-

721 5429 836 5481 nias
867 5435 1052 5481 contra
1099 5426 1288 5488 Deum,
1339 5441 1434 5479 cur
1482 5426 1569 5478 alii
1620 5424 1929 5479 felicitatem
1979 5431 2138 5492 atque
2181 5424 2268 5476 alii

720 5517 989 5574 miseriam
1015 5521 1069 5573 in
1098 5517 1198 5572 hoc
1223 5519 1453 5572 habeant
1482 5517 1698 5572 mulo.

791 5637 816 5665 ι
846 5625 967 5680 Ηπ
994 5642 1057 5681 ex
1103 5625 1160 5680 S.
1191 5623 1335 5678 Hier.
1365 5627 1437 5678 ita
1466 5624 1755 5694 supplenda
1802 5631 1923 5677 sunt
1948 5638 1968 5694 ξ
2016 5639 2034 5671 ε
2065 5623 2267 5694 Bpnum

724 5702 806 5747 est
826 5694 980 5762 justis
1014 5695 1341 5754 benefacere,
1376 5695 1465 5746 sed
1492 5690 1545 5747 et
1565 5690 1934 5761 peccatoribus
1958 5690 2271 5747 benefacere

2371 4532 2597 4586 aliorum
2627 4541 2750 4586 ante
2779 4533 2919 4588 diem
2940 4534 3127 4603 judicii
3157 4533 3365 4606 [etiam]
3397 4535 3450 4588 in
3480 4536 3580 4588 hac
3613 4536 3723 4588 vita
3761 4536 3928 4602 pluri-

2370 4636 2486 4676 mos
2503 4620 2792 4689 judicatos.
2813 4622 2965 4689 Quod
2989 4638 3116 4694 ergo
3142 4624 3273 4677 dicit
3296 4624 3400 4676 tale
3423 4633 3506 4677 est
3522 4642 3534 4676 ε
3553 4622 3668 4677 Noli
3691 4625 3924 4693 peccatis

2370 4714 2598 4783 adjicere
2623 4723 2866 4780 peccata,
2895 4729 2962 4767 ne
2985 4727 3244 4782 provoces
3277 4713 3462 4777 Deum,
3486 4722 3541 4767 et
3567 4715 3652 4770 hic
3675 4714 3766 4769 tibi
3795 4713 3926 4769 infe-

2371 4812 2455 4858 rat
2483 4801 2632 4873 [Dfs.,
2659 4803 2824 4856 etiam
2849 4803 2937 4856 hic
2965 4802 3062 4856 tibi
3089 4801 3307 4874 inferre]
3338 4804 3673 4872 supplicium.

2440 4893 2602 4948 Vsus.
2630 4892 2715 4946 l9.
2742 4920 2812 4930 —
2851 4891 3054 4945 Bonum
3094 4901 3166 4946 est
3194 4902 3241 4945 te
3261 4902 3547 4946 sustentare
3568 4893 3793 4960 justum,
3835 4891 3922 4945 sed

2371 4982 2434 5035 ab
2456 4979 2547 5034 illo
2575 4997 2637 5033 ne
2656 4980 2931 5034 subtrahas
2953 4997 3164 5033 manum
3189 4990 3332 5032 tuam
3355 4994 3375 5032 :
3402 4980 3524 5047 quia
3553 4980 3641 5048 qui
3661 4980 3802 5036 timet
3823 4977 3925 5031 Do-

2371 5072 2588 5133 minum,
2619 5069 2748 5122 nihil
2774 5069 3001 5138 negligit.
3027 5069 3231 5123 Bonum
3258 5077 3339 5123 est
3355 5069 3516 5136 justis
3543 5071 3679 5124 bene
3715 5065 3921 5134 facere,

2372 5175 2479 5214 non
2504 5159 2759 5227 injustam
2781 5166 2864 5216 est
2885 5166 3090 5212 tantum
3112 5160 3432 5214 domesticos
3451 5159 3573 5212 fidei
3593 5159 3853 5214 sustinere
3874 5173 3922 5224 ι,

2375 5249 2467 5303 sed
2516 5246 2612 5317 [et]
2642 5246 2787 5301 omni
2823 5250 3022 5314 petenti
3049 5250 3309 5311 tribuere,
3333 5257 3657 5318 praeceptum
3685 5260 3788 5304 est.
3828 5249 3920 5303 Ti-

2377 5351 2526 5390 mens
2547 5337 2742 5405 quippe
2782 5336 3088 5401 Dominum,
3126 5346 3179 5390 et
3205 5338 3441 5392 imitator
3474 5338 3777 5394 Conditoris
3811 5337 3921 5403 sui,

2377 5425 2467 5493 qui
2513 5425 2646 5492 pluit
2675 5441 2834 5496 super
2873 5425 3047 5493 justos
3073 5433 3128 5480 et
3169 5426 3411 5495 injustas,
3444 5429 3644 5496 absque
3682 5438 3923 5496 respectu

2377 5528 2722 5580 personarum
2765 5516 3013 5571 omnibus
3052 5515 3371 5570 benefacere
3413 5516 3648 5570 festinat.
3697 5515 3867 5570 Aliter
3905 5531 3921 5570 :

2377 5639 2480 5677 non
2509 5626 2759 5744 injusltum
2788 5636 2887 5679 est.
2931 5625 3131 5680 Bonum
3173 5635 3259 5680 est
3284 5625 3600 5681 domesticos
3624 5626 3742 5681 fidei
3768 5624 3924 5708 susti-

2378 5709 2519 5744 nere.
2557 5714 2574 5743 ι
2601 5710 2628 5744 (3
2647 5709 2705 5744 ς.
3300 5723 3302 5726 ν

2378 5709 2519 5755 nere,
2557 5714 2574 5743 ι
2601 5709 2705 5747 etc.
3300 5723 3302 5726 ν
