4338 6412
334 437 436 494 697

1141 433 1546 490 EXEGETICA.
1588 463 1656 473 —
1693 429 2047 487 COMMENT.
2090 428 2154 482 IN
2196 425 2721 492 ECCLESIASTEN.

3458 427 3562 479 698

337 549 473 616 Quia
500 547 609 601 vita
640 546 752 600 haec
784 546 1101 601 miserabilis
1133 547 1360 601 diversrs
1386 547 1623 616 quotidie
1663 545 1903 598 variatur
1931 548 1971 600 Α
2004 539 2210 594 uincula
2239 550 2358 593 sunt
2405 556 2589 591 manus
2617 539 2801 590 illius:
2849 539 2937 605 qui
2961 536 3128 605 placet
3175 535 3410 596 Domino,
3443 540 3575 605 νίῙιι-

337 635 642 701 cventibus,
673 645 783 690 tam
825 634 893 688 ad
922 635 1145 690 adversa
1173 651 1333 704 quam
1372 637 1436 689 ad
1477 650 1731 705 prospera
1770 632 1900 700 justi

339 729 551 782 animus
576 737 928 796 praeparetur;
958 736 1013 782 et
1039 738 1226 796 poscat
1256 727 1347 781 Dei
1377 725 1817 784 misericordiam,
1847 733 1902 775 ut

341 818 694 889 quodcunque
727 820 984 880 evenerit,
1029 819 1196 872 libera
1252 827 1430 871 mente
1473 817 1755 871 sustineat.
1803 815 1901 887 Qui

344 901 533 978 [enim]
566 906 720 960 timet
745 905 1051 967 Dominum,
1080 920 1178 958 nec
1203 905 1474 973 prosperis
1503 902 1697 974 [Edit.,
1729 911 1906 970 postc-

341 995 438 1068 ris]
471 995 728 1058 elevatur,
753 1010 853 1049 nec
876 995 1198 1064 opprimitur
1225 992 1483 1047 adversis.

410 1086 575 1140 Vens.
612 1086 704 1148 20,
738 1085 826 1138 2|.
861 1114 932 1125 --
966 1083 1233 1153 Sapientia
1274 1082 1581 1151 confortavit
1627 1080 1904 1148 sapientem

341 1191 495 1244 super
521 1176 695 1228 decem
724 1176 980 1244 principes
1011 1174 1254 1226 civitatis.
1312 1171 1433 1225 Non
1464 1180 1535 1224 est
1580 1171 1715 1222 enim
1755 1171 1906 1221 homo

339 1264 428 1332 qui
455 1263 619 1332 faciat
649 1264 838 1316 bonum
857 1274 904 1317 et
932 1280 1035 1316 non
1063 1272 1251 1331 peccet.
1282 1260 1556 1328 Sapientia
1588 1273 1734 1320 vero,
1771 1257 1909 1312 sicut

342 1351 447 1407 alio
471 1351 590 1407 loco
613 1345 827 1421 legitur,
872 1350 1060 1418 melior
1087 1357 1168 1403 est
1206 1348 1541 1408 fortitudine,
1583 1361 1744 1414 quam
1780 1345 1909 1397 dicit

341 1441 527 1496 decem
576 1440 909 1510 principibus
953 1453 1072 1492 esse
1117 1436 1391 1490 fortiorem
1424 1437 1475 1489 in
1517 1450 1624 1488 uno
1647 1435 1905 1502 sapiente.

342 1528 555 1585 Aliter:
593 1529 782 1584 decem
830 1529 921 1598 qui
977 1536 1294 1598 potestatem
1346 1525 1544 1580 habent
1578 1533 1632 1579 et
1681 1523 1732 1576 in
1779 1524 1910 1579 urbe

342 1616 666 1684 consistunt,
700 1618 873 1690 angeli
905 1627 1048 1683 sunt,
1076 1620 1165 1688 qui
1206 1621 1271 1671 ad
1304 1619 1601 1688 perfectum
1633 1633 1909 1671 numerum

342 1710 624 1778 pervenire
651 1717 877 1778 possunt
911 1708 1189 1762 denarium
1229 1706 1429 1779 [Ilier.,
1477 1721 1756 1760 numerum
1794 1722 1912 1774 per-

271 1801 276 1804 ’
341 1811 542 1851 venere
567 1794 890 1867 denarium],
909 1806 964 1850 et
991 1796 1312 1850 auxiliantur
1331 1797 1566 1850 humano
1580 1797 1781 1865 generi.
1809 1796 1912 1849 Sed

340 1885 390 1941 si
416 1885 539 1955 quis
566 1886 870 1940 consideret
895 1886 1075 1940 omnia
1100 1883 1314 1955 auxilia,
1348 1883 1518 1950 majus
1544 1895 1626 1938 est
1653 1885 1909 1938 auxilium
1943 1869 1987 1929 Β

342 1975 642 2044 sapientiae,
672 1975 724 2028 id
751 1983 834 2028 est
856 1974 1066 2029 Domini
1094 1975 1260 2029 nostri
1285 1972 1412 2028 Jesu
1429 1974 1647 2036 Christi,
1674 1974 1911 2028 omnium

342 2066 676 2136 angelorum,
725 2066 851 2135 quia
894 2065 1071 2120 nullus
1099 2081 1164 2120 ex
1194 2066 1396 2135 angelis
1435 2047 1701 2119 redimere
1743 2065 1915 2133 potuit

345 2157 644 2210 humanum
671 2169 839 2226 genus
866 2155 1101 2224 peccatis
1131 2156 1440 2208 obnoxium.
1479 2153 1616 2208 Tum
1659 2152 1914 2236 Dominus

343 2243 658 2312 angelorum
689 2242 983 2304 descendit,
1013 2251 1067 2295 et
1093 2257 1368 2311 respersos
1390 2258 1487 2295 nos
1510 2242 1912 2322 sanguinesuo,

343 2333 557 2387 sanavit
587 2333 655 2385 ab
689 2332 835 2384 omni
865 2331 1178 2385 inﬁrmitate
1207 2339 1548 2399 peccatorum
1586 2338 1911 2383 nostrorum.

345 2419 500 2475 Sicut
528 2421 672 2474 enim
722 2433 820 2488 per
865 2435 1029 2473 unum
1075 2421 1342 2473 hominem
1396 2420 1613 2472 intravit
1669 2434 1813 2471 mors
1862 2419 1915 2469 in

344 2509 602 2562 mundum
633 2508 803 2578 (Rom.
837 2524 888 2572 v,
929 2509 1033 2578 l2),
1069 2510 1139 2562 ita
1170 2523 1264 2577 per
1293 2525 1479 2571 unum,
1514 2511 1566 2562 id
1597 2517 1699 2572 est,
1733 2507 1915 2562 Jesum

342 2597 640 2660 Christum,
674 2597 968 2666 redemptio
998 2599 1144 2650 venit
1175 2599 1226 2650 in
1254 2599 1527 2651 mundum.

354 2753 360 2757 η
415 2679 579 2740 Vens.
603 2686 696 2749 22,
721 2685 810 2739 23.
836 2716 903 2725 -
926 2685 1028 2739 Sed
1053 2697 1098 2740 et
1122 2688 1317 2740 cunctis
1346 2688 1666 2740 sermonibus
1692 2703 1807 2755 quae
1831 2686 1915 2738 di-

349 2785 542 2829 cuntur
571 2793 634 2830 ne
669 2775 1022 2829 accommodes
1047 2792 1137 2828 cor
1165 2786 1330 2838 tuum,
1356 2793 1417 2829 ne
1443 2777 1573 2844 forte
1596 2777 1781 2829 audias
1812 2793 1919 2830 ser-

346 2881 466 2918 vum
493 2874 641 2916 tuum
678 2866 1064 2918 maledicentcm
1095 2864 1207 2916 tibi.
1239 2863 1347 2917 Scit
1383 2866 1517 2916 enim
1547 2875 1637 2917 tua
1657 2867 1920 2917 conscien-

349 2956 424 3006 tia
446 2954 572 3022 quia
603 2962 650 3005 et
672 2963 726 3005 tu
750 2953 924 3005 crebro
947 2952 1260 3005 maledia‘isti
1290 2953 1426 3004 aliis.
1466 2954 1627 3006 Docet
1654 2953 1815 3020 igitur
1835 2966 1919 3004 sa-

348 3041 585 3109 pientem
638 3038 1019 3108 maledicorum
1065 3039 1276 3109 linguas
1327 3054 1430 3093 non
1478 3038 1788 3101 auscultari,
1830 3039 1921 3091 sed

350 3128 630 3198 sapientia:
676 3128 875 3181 auxilio
922 3127 1282 3182 confortatum
1331 3130 1500 3198 magis
1544 3145 1723 3182 mores
1757 3145 1922 3183 vanos

350 3217 761 3288 parvipendere,
791 3217 1068 3286 magisque
1097 3218 1436 3271 conscientia:
1461 3214 1618 3286 43],
1655 3218 1796 3271 bono
1834 3217 1923 3270 Le-

251 3343 270 3349 -
337 3306 462 3361 'tari
509 3320 674 3374 quam
716 3305 1021 3361 maledictis
1055 3307 1244 3360 alienis
1288 3306 1600 3360 contristari
1644 3324 1656 3359 :
1692 3307 1924 3361 maxime

349 3395 447 3468 qui
493 3395 730 3463 seipsum
762 3396 924 3450 novit‘
953 3394 1238 3483 aliquotips
1266 3396 1386 3449 aliis
1414 3395 1731 3459 detrahere;
1780 3404 1835 3448 et
1878 3397 1923 3450 si

351 3486 460 3543 sibi
495 3486 598 3557 ipsi
627 3486 829 3555 ignosci
853 3486 1120 3540 desideret
1152 3487 1287 3540 alios
1315 3485 1758 3553 reprehendenti,
1806 3486 1926 3540 aliis

360 3577 578 3656 quoque
607 3591 666 3630 se
694 3575 1208 3654 reprehendentibus
1248 3576 1506 3646 ignoscat.
1556 3572 1614 3627 Si
1641 3574 1784 3628 enim
1825 3589 1923 3627 cu-

353 3664 535 3718 riosus
561 3672 646 3717 est
675 3663 944 3735 quispiam
971 3663 1099 3732 quid
1132 3663 1221 3716 alii
1247 3664 1313 3717 de
1340 3679 1398 3718 se
1448 3662 1733 3733 loquantur
1760 3672 1814 3718 et
1838 3662 1925 3731 ju-

352 3754 550 3818 dicent,
583 3767 796 3824 semper
841 3755 898 3808 in
926 3753 1271 3809 tribulatione
1311 3755 1434 3819 erit,
1457 3755 1582 3822 quia
1624 3755 1926 3810 nullatenus

352 3859 456 3900 nec
482 3860 764 3900 servorum
792 3862 1012 3900 suorum
1027 3846 1448 3901 :mussitationes
1472 3860 1814 3915 compescere
1833 3862 1926 3901 va-

353 3932 459 3996 let;
484 3941 540 3985 et
569 3933 729 3987 simul
759 3934 914 3988 docet
941 3947 1046 3988 non
1070 3933 1225 3989 facile
1240 3933 1606 4001 iudicandum,
1629 3941 1683 3987 et
1707 3933 1925 3988 babenti

354 4022 565 4076 trabem
590 4021 644 4075 in
669 4022 842 4085 oculo,
868 4023 937 4077 de
963 4023 1166 4078 festuca
1193 4020 1415 4079 alterius
1449 4040 1554 4079 non
1579 4024 1919 4094 loquendum.

426 4110 610 4163 Vens:
629 4109 719 4173 24,
749 4109 839 4164 25.
868 4110 1149 4164 —-Cuncta
1169 4113 1361 4166 tentari
1380 4113 1434 4166 in
1457 4114 1733 4183 sapientia.
1758 4115 1882 4169 Dixi
1905 4132 1922 4168 :

353 4197 576 4269 Sapiens
609 4198 830 4267 efﬁciar,
860 4209 908 4253 et
931 4201 1044 4271 ipsa
1078 4200 1281 4270 longius
1313 4204 1521 4256 recessit
1566 4221 1597 4257 a
1643 4221 1722 4258 me
1762 4205 1923 4258 multo

353 4289 523 4360 magis
549 4305 707 4360 quam
744 4299 897 4355 erat;
933 4300 981 4344 et
1026 4291 1134 4344 alta
1173 4292 1526 4362 profunditas,
1555 4295 1671 4364 quis
1707 4296 1926 4348 inveniet

353 4393 472 4432 eam
494 4378 521 4430 2
541 4378 683 4431 Dicit
717 4393 796 4443 se,
841 4388 901 4432 ut
929 4379 1236 4450 Regnorum
1259 4381 1472 4449 qquue
1496 4390 1760 4434 testantur
1778 4381 1918 4444 libri,

356 4465 498 4519 ultra
523 4480 711 4520 omnes
748 4468 993 4520 homines
1039 4469 1295 4536 quaesisse
1344 4469 1682 4537 sapientiam,
1730 4479 1784 4523 et
1810 4479 1923 4523 ten-

358 4563 504 4610 tasse
549 4556 618 4611 ad
674 4555 833 4610 linem
873 4557 1012 4611 illius
1064 4560 1345 4628 pervenire
1372 4575 1385 4614 :
1417 4560 1509 4615 sed
1564 4572 1766 4630 quanto
1805 4563 1923 4632 plus

356 4645 652 4714 quasierit,
676 4654 824 4700 tanto
851 4648 1026 4699 minus
1049 4648 1332 4714 reperisse,
1354 4657 1408 4703 et
1439 4651 1491 4702 in
1519 4638 1691 4704 media
1717 4653 1926 4706 demer-

358 4748 479 4788 sum
509 4735 736 4803 caligine
775 4737 1008 4790 tenebris
1035 4737 1347 4805 ignorantiae
1384 4739 1791 4792 circumdatum.
1814 4741 1923 4794 Ali-

360 4829 445 4876 ter
471 4830 651 4876 autem
683 4840 697 4875 :
744 4824 845 4889 Qui
874 4828 1114 4881 eruditus
1150 4826 1311 4882 fuerit
1337 4829 1389 4881 in
1415 4827 1728 4897 Seripturis,
1753 4847 1923 4901 quan-

361 4920 420 4968 to
455 4912 575 4984 plus
595 4926 811 4982 surgere
861 4912 1058 4983 [Hier.,
1085 4917 1204 4983 plus
1232 4917 1392 4988 scire]
1433 4922 1674 4986 coeperit,
1702 4928 1850 4973 tanto
1873 4919 1922 4974 ei

359 5001 420 5058 in
443 5003 532 5057 his
550 5002 785 5070 quotidie
804 5004 978 5056 oritur
1001 5004 1169 5072 major
1193 5007 1492 5062 obscuritas
1518 5027 1528 5060 :
1564 5011 1688 5077 quia
1721 5013 1772 5064 in
1800 5027 1920 5079 spe-

363 5111 390 5147 r
414 5094 499 5149 tlo-
521 5103 576 5146 et
606 5095 834 5164 imagine
856 5095 1113 5176 videmus,
1141 5097 1312 5165 donec
1337 5099 1534 5161 veniat,
1583 5101 1724 5166 quod
1751 5100 1925 5169 perfe-

363 5200 412 5237 Cl
437 5199 510 5237 tm
564 5193 627 5238 ast
655 5201 671 5249 ;
704 5185 821 5239 ideo
847 5186 962 5240 hac
998 5187 1258 5253 sapientia
1301 5189 1607 5241 mortalium
1657 5203 1818 5256 parva
1843 5198 1925 5244 est

365 5274 429 5327 ad
456 5272 562 5326 illa.
590 5289 624 5338 *,
650 5289 771 5341 quae
804 5273 1003 5329 sanctis
1019 5274 1177 5329 datur
1203 5275 1256 5328 in
1285 5275 1466 5332 futuro
1508 5293 1672 5347 regno
1701 5278 1815 5331 Dei.

439 5362 599 5415 Vens.
626 5359 716 5426 26,
750 5362 839 5414 27.
877 5393 946 5402 —
981 5363 1218 5418 Lustrani
1240 5366 1476 5420 universa
1513 5369 1686 5422 animo
1711 5383 1845 5427 meo,
1870 5377 1923 5420 ut

364 5453 570 5514 scirem,
617 5459 664 5502 εξ
691 5450 1092 5518 considerarent,
1120 5465 1167 5526 et
1204 5471 1485 5524 qucrrerem
1523 5459 1850 5527 sapientiam,
1878 5465 1926 5508 et

367 5543 641 5602 rationem,
665 5550 713 5593 et
741 5547 795 5592 ut
817 5535 1170 5608 cognoscerem
1193 5545 1499 5614 impietatem
1517 5543 1683 5611 stulti,
1709 5558 1757 5601 et
1787 5565 1926 5603 erro-

369 5644 474 5680 rem
504 5629 882 5696 imprudentum
902 5645 919 5693 ;
943 5640 989 5682 et
1017 5633 1185 5685 inveni
1203 5630 1525 5688 amariorem
1553 5645 1714 5690 morte
1742 5638 1924 5691 mulie-

369 5732 497 5782 rem,
523 5734 639 5786 quae
665 5720 876 5789 laqueus
919 5735 1214 5776 venatorum
1243 5738 1334 5789 est,
1379 5736 1424 5779 et
1459 5744 1661 5795 sagemr
1687 5746 1774 5782 cor
1796 5731 1925 5798 (εἰπε.

2003 633 2104 700 giet
2147 647 2305 692 eam;
2355 630 2444 696 qui
2497 637 2669 701 autem
2717 637 2956 695 peccator
2997 636 3090 690 est,
3116 627 3348 694 capietur
3365 628 3428 679 ab
3458 627 3571 680 illa.

2005 721 2138 784 Quia
2168 734 2328 787 supra
2358 716 2708 771 Ecclesiastes
2733 716 2938 768 dixerat
2960 715 3139 768 omnia
3169 729 3226 768 se
3261 715 3326 767 .in
3360 716 3572 784 sapien-

2006 811 2076 864 tia
2118 818 2371 872 tentasse,
2407 815 2462 862 et
2489 815 2689 874 quanto
2721 821 2840 859 eam
2889 805 3006 873 plus
3057 804 3380 872 inquisierit,
3424 814 3575 860 tanto

2009 899 2150 951 illam
2178 897 2384 965 longius
2409 894 2709 964 refugisse:
2755 908 2896 948 nunc
2942 893 3035 955 ait,
3062 900 3115 943 et
3135 891 3262 944 iilud
3288 891 3340 946 in
3377 907 3472 946 sua
3497 892 3575 944 in-

2006 987 2217 1041 venisse
2252 985 2513 1054 sapientia
2563 982 2778 1042 malum,
2839 982 2981 1048 quod
3033 996 3086 1033 tn
3123 981 3282 1034 rebus
3332 979 3580 1032 humanis

2006 1075 2185 1129 omnia
2209 1075 2448 1127 vinceret
2476 1072 2635 1134 mala,
2669 1072 2718 1124 id
2752 1079 2852 1133 est,
2886 1069 3164 1123 mulierem
3196 1068 3434 1122 omnium
3461 1085 3581 1122 esse

2008 1145 2269 1218 malorum
2297 1170 2479 1230 caput,
2510 1161 2632 1228 quia
2656 1174 2751 1229 per
2777 1159 2920 1212 illam
2944 1173 3091 1212 mors
3115 1158 3168 1211 in
3193 1160 3379 1211 orbem
3411 1167 3578 1212 terra-

2010 1273 2128 1311 rum
2163 1256 2424 1317 introivit,
2450 1263 2505 1307 et
2531 1254 2796 1322 pretiosas
2823 1251 3031 1304 animas
3073 1251 3310 1304 virorum
3340 1251 3499 1318 capit,
3528 1261 3581 1302 ct

2009 1360 2131 1399 cum
2171 1345 2224 1397 in
2277 1352 2510 1397 mentem
2549 1341 2728 1394 miseri
2787 1340 3041 1396 amatoris
3090 1339 3360 1405 inciderit,
3418 1342 3584 1394 trahit

2009 1449 2132 1487 eum
2179 1433 2233 1486 in
2263 1447 2523 1501 pmceps,
2553 1447 2651 1486 nec
2685 1439 2809 1485 ante
2835 1431 2997 1499 pedes
3024 1445 3152 1485 suos
3181 1432 3448 1500 respicere
3483 1448 3572 1501 pa-

2012 1527 2162 1588 titur,
2189 1527 2283 1580 sed
2317 1527 2469 1593 quasi
2499 1526 2719 1593 laqueus
2744 1534 2799 1578 et
2828 1540 3039 1592 sagenze
3089 1539 3185 1578 cor
3219 1525 3580 1581 adolescentis

2013 1617 2254 1670 innectit.
2307 1614 2525 1668 Vincula
2558 1625 2677 1668 sunt
2710 1631 2893 1667 manus
2925 1615 3086 1666 illius.
3138 1614 3193 1668 Id
3218 1624 3321 1678 est,
3353 1618 3583 1672 suadere

2012 1714 2204 1773 potest,
2259 1707 2367 1760 vim
2403 1705 2576 1760 facere
2623 1721 2725 1758 non
2759 1713 2952 1773 potest,
3006 1720 3106 1758 nec
3140 1707 3206 1760 ad
3243 1722 3299 1760 se
3344 1707 3587 1762 nolentes

2015 1799 2352 1868 compellere.
2376 1797 2569 1853 .Justus
2616 1798 2704 1866 qui
2738 1797 2901 1850 fuerit
2929 1806 2983 1851 et
3019 1800 3191 1853 bonus
3237 1814 3418 1853 coram
3448 1799 3581 1866 Deo,

2013 1898 2228 1942 eruetur
2274 1888 2340 1940 ab
2365 1903 2427 1941 ea
2457 1902 2470 1938 :
2521 1896 2772 1954 peccator
2798 1902 2926 1941 vero
2966 1897 3153 1956 captus
3199 1887 3491 1942 deducetur
3518 1888 3584 1941 ad

2015 1987 2259 2031 mortem.
2288 1977 2400 2030 Non
2427 1985 2674 2044 putemus
2710 1976 2836 2029 hinc
2865 1975 3019 2046 μη,
3052 1975 3214 2048 hanc]
3241 1975 3583 2030 Salomonem

2013 2068 2077 2120 de
2109 2067 2253 2122 omni
2307 2081 2500 2136 genere
2562 2066 2843 2119 mulierum
2897 2065 3183 2133 protulisse
3213 2065 3575 2118 sententiam:

2013 2159 2153 2225 quod
2208 2165 2460 2225 expertus
2508 2165 2592 2209 est
2643 2156 2913 2223 loquitur;
2946 2157 3064 2210 ideo
3119 2157 3314 2224 quippe
3371 2143 3596 2209 olfendit

2017 2247 2203 2307 Deum,
2240 2245 2362 2313 quia
2395 2253 2584 2313 captus
2610 2243 2708 2296 fuit
2735 2260 2763 2297 a
2794 2246 3127 2298 mulieribus.
3168 2245 3236 2298 Et
3259 2245 3371 2299 hare
3393 2259 3585 2298 secun-

2017 2339 2142 2392 dum
2205 2337 2458 2391 litteram.
2499 2337 2763 2390 Creterum
2826 2338 3118 2390 secundum
3183 2337 3587 2406 intelligentiam

2017 2428 2337 2495 spiritalem,
2390 2427 2640 2480 bzeretiea
2673 2426 2908 2494 pravitas
2940 2424 3177 2477 mulieris
3205 2424 3416 2477 nomine
3451 2423 3589 2477 desi-

2017 2527 2229 2587 gnatur,
2267 2532 2386 2585 quze
2421 2518 2668 2571 mollibus
2691 2519 2932 2569 incautos
2980 2531 3122 2583 smpe
3154 2515 3280 2583 ligat
3330 2515 3589 2568 sermoni-

2018 2610 2137 2670 bus,
2166 2610 2290 2676 quia
2322 2609 2473 2676 panis
2507 2609 2852 2662 absconditus
2877 2617 2931 2660 et
2967 2623 3120 2674 aqua:
3146 2607 3356 2661 furtiva:
3392 2607 3593 2661 dulcio-

2020 2715 2107 2752 res
2142 2699 2519 2766 ins'pientibus
2549 2698 2721 2750 solent
2760 2711 2896 2750 esse.

2088 2789 2250 2841 Vens.
2309 2787 2492 2841 28—30.
2532 2817 2603 2827 --
2645 2787 2787 2840 Ecce
2820 2789 2916 2840 hoc
2945 2788 3134 2851 ini-eui,
3172 2787 3296 2839 dicit
3330 2784 3593 2839 Ecclesia-

2019 2887 2139 2940 stes,
2171 2893 2330 2930 unum
2369 2886 2416 2928 et
2447 2876 2690 2938 alterum,
2730 2885 2784 2928 ut
2819 2878 3099 2929 invenirem
3150 2878 3404 2929 rationem
3437 2892 3591 2945 quam

2021 2966 2189 3018 adhuc
2225 2968 2411 3035 qua’rit
2454 2969 2628 3019 anima
2657 2983 2790 3028 mea,
2820 2976 2866 3019 et
2911 2966 3017 3020 non
3068 2969 3258 3020 inueni.
3327 2966 3502 3020 Virum
3528 2967 3594 3021 de

2022 3054 2162 3106 mille
2190 3072 2348 3107 unum
2382 3058 2565 3124 reperi,
2587 3057 2857 3108 mulierem
2905 3074 2968 3110 ea:
2994 3058 3228 3110 omnibus
3265 3073 3366 3110 non
3394 3059 3586 3110 inveni.

2028 3139 2365 3194 Solummodo
2395 3142 2489 3194 hoc
2528 3142 2716 3205 inveni,
2753 3145 2892 3212 quod
2940 3145 3116 3211 fecerit
3160 3145 3298 3198 Deus
3339 3146 3596 3198 hominem

2027 3240 2243 3294 rectum,
2291 3240 2337 3283 et
2382 3232 2488 3298 ipse
2521 3248 2574 3283 se
2609 3232 2828 3298 iri/initis
2881 3235 3142 3286 miscuerit
3203 3235 3593 3304 quwstionibus.

2025 3318 2215 3373 Omnia
2268 3321 2550 3390 diligenter
2609 3323 2888 3376 tractando
2945 3323 3399 3394 consideravi,gut
3431 3323 3594 3376 ratioo

2027 3426 2150 3466 nem
2188 3411 2345 3465 unius
2381 3411 2671 3465 alteriusve
2719 3413 2818 3476 rei,
2870 3413 2923 3473 id
2971 3421 3055 3466 est
3106 3411 3470 3480 cujuscunque
3514 3414 3593 3467 rei

2026 3503 2340 3564 invenirem,
2367 3501 2450 3554 vel
2481 3501 2641 3555 etiam
2689 3502 2830 3555 inter
2862 3502 3108 3557 homines
3153 3517 3446 3571 eorumque
3485 3518 3600 3557 mo-

2026 3607 2116 3645 res
2142 3592 2540 3654 discretionem,
2573 3592 2692 3660 quis
2737 3590 2971 3660 perfecte
3001 3593 3174 3645 bonus
3198 3600 3362 3645 esset.
3403 3589 3510 3645 Sed
3531 3607 3595 3645 ex

2025 3683 2277 3738 onmibus
2302 3683 2433 3736 viris
2461 3699 2624 3736 unum
2656 3683 2832 3736 inveni
2860 3681 3094 3752 perfecte
3138 3683 3358 3748 bonum,
3393 3681 3444 3736 id
3479 3693 3582 3745 est,

2025 3771 2337 3826 Christum:
2371 3771 2510 3824 sicut
2541 3770 2806 3838 Propheta
2855 3771 3024 3824 dicit:
3061 3771 3183 3824 Non
3212 3772 3398 3840 estqui
3427 3770 3590 3839 faciat

2027 3861 2234 3922 bonum,
2281 3877 2384 3914 non
2434 3869 2508 3912 est
2558 3874 2718 3927 usque
2770 3859 2839 3912 ad
2895 3876 3056 3912 unum
3087 3857 3260 3930 (Psai.
3288 3875 3404 3932 xm,
3436 3859 3486 3922 l,
3517 3859 3595 3927 3).

2029 3947 2188 4002 Solus
2215 3947 2465 4002 Christus
2488 3947 2604 4000 sine
2649 3947 2794 4020 omni
2849 3946 2966 4000 labe
3008 3947 3212 4017 peccati
3244 3948 3491 4001 inventus
3520 3956 3602 4001 est

2025 4038 2214 4092 bonus.
2258 4037 2584 4112 Millenarius
2643 4053 2772 4092 vero
2822 4054 3080 4093 numerus
3126 4055 3223 4107 pro
3281 4047 3591 4103 sanctorum
3679 4068 3683 4075 -

2025 4127 2348 4180 discretione
2383 4143 2413 4180 a
2439 4129 2835 4198 peccatoribus,
2863 4129 2954 4197 qui
2983 4129 3223 4184 mulieris
3256 4128 3472 4182 nomine
3497 4129 3594 4182 de—

2027 4215 2328 4285 signantur,
2354 4216 2455 4270 hoc
2491 4217 2544 4270 in
2574 4215 2690 4270 loco
2733 4218 2966 4284 ponitur.
3009 4218 3102 4271 Vir
3127 4218 3289 4287 igitur
3327 4232 3359 4271 a
3403 4217 3600 4271 virtute

2025 4305 2240 4368 dicitur,
2288 4312 2341 4360 et
2371 4306 2565 4360 mulier
2589 4321 2620 4360 a
2655 4307 2893 4362 mollitie.
2933 4307 3116 4362 Potest
3164 4323 3376 4378 quoque
3407 4309 3598 4364 mulier

2025 4409 2124 4461 pro
2146 4397 2452 4451 carnalibus
2481 4398 2649 4465 accipi
2685 4397 2954 4466 operibus,
3009 4407 3064 4451 et
3092 4398 3194 4462 vir,
3235 4398 3379 4468 quia
3402 4399 3601 4452 virtute

2025 4483 2240 4547 dicitur,
2267 4499 2364 4551 pro
2389 4485 2663 4538 rationalis
2707 4487 2874 4538 animi
2906 4485 3248 4540 excellentia;
3280 4485 3386 4542 Sed
3427 4501 3494 4539 ne
3520 4487 3603 4540 vi-

2026 4573 2241 4627 derctur
2269 4573 2354 4627 his
2374 4575 2710 4629 sermonibus
2740 4590 3076 4630 communem
3118 4577 3338 4631 humani
3386 4579 3602 4648 generis

2026 4669 2272 4714 naturam
2305 4662 2580 4727 damnare,
2608 4671 2662 4716 et
2689 4664 2858 4718 Deum
2903 4675 3179 4720 auctorem
3217 4665 3398 4720 facere
3450 4667 3600 4730 mali,

2024 4748 2148 4800 dum
2177 4749 2360 4800 talium
2387 4751 2634 4803 conditor
2659 4752 2729 4803 sit
2761 4753 2852 4819 qui
2907 4753 3105 4806 malum
3137 4754 3307 4809 vitare
3340 4741 3445 4808 non
3478 4757 3600 4824 pos-

2024 4847 2167 4901 sunt,
2206 4847 2392 4907 argute
2417 4840 2670 4908 praecavit
2690 4849 2743 4895 et
2769 4842 2862 4907 ait,
2894 4843 3062 4897 bonos
3094 4859 3194 4898 nos
3221 4845 3419 4898 scimus
3439 4861 3469 4898 a
3489 4845 3599 4900 Deo

2027 4936 2258 4991 creatos,
2296 4929 2390 4982 sed
2425 4929 2550 4997 quia
2584 4929 2752 4984 libero
2778 4946 2961 4986 sumus
2990 4934 3215 4988 arbitrio
3241 4934 3502 4997 dcrelicti,
3526 4935 3601 4988 vi-

2029 5017 2101 5070 tio
2129 5027 2316 5071 nostro
2350 5020 2414 5072 ad
2439 5019 2620 5087 pejora
2648 5021 2776 5085 labi,
2809 5024 2934 5076 dum
2980 5023 3184 5090 majora
3213 5025 3518 5092 qumrimus,
3542 5035 3598 5080 et

2027 5105 2165 5157 ultra
2191 5106 2332 5160 vires
2374 5107 2586 5160 uestras
2617 5110 2766 5162 varia
2785 5111 3100 5179 cogitamus.

2514 5197 2674 5269 432
2698 5197 2924 5256 CAPUT
2955 5202 3082 5256 Vlll.
3683 5275 3686 5277 Α

2097 5287 2258 5341 Vens.
2289 5288 2448 5352 l._—
2485 5290 2614 5354 Quis
2645 5291 2764 5344 talis
2804 5302 2858 5344 ut
2911 5295 3114 5361 sapiens
3135 5302 3228 5357 est,
3261 5303 3309 5349 et
3355 5295 3471 5364 quis
3508 5311 3595 5348 co-

2029 5381 2197 5449 gnovit
2231 5379 2538 5434 solutionem
2577 5381 2713 5434 uerbi
2740 5383 2766 5434 .7
2802 5381 3072 5452 Sapientia
3114 5384 3340 5440 hominis
3382 5385 3514 5438 lucet
3538 5387 3591 5440 in

2030 5466 2170 5520 uultu
2199 5467 2333 5536 ejus,
2363 5476 2412 5520 et
2455 5468 2835 5536 potentissimus
2860 5469 3044 5538 {aciem
3081 5473 3196 5542 ejus
3240 5474 3591 5527 commutavit.

2033 5552 2205 5621 Supra
2243 5555 2500 5608 docuerat
2542 5553 2754 5611 dillicile
2781 5558 2976 5612 bonum
3023 5559 3292 5614 hominem
3341 5561 3601 5624 inveniri,

2033 5648 2086 5692 et
2113 5642 2412 5697 venientem
2440 5653 2626 5698 contra
2673 5646 2907 5702 eluserat
2947 5649 3294 5715 quaestionem
3324 5650 3528 5713 dicens,
3558 5667 3592 5704 a

2038 5734 2141 5789 Deo
2171 5734 2340 5793 bonos
2363 5739 2602 5794 homines
2629 5739 2891 5804 conditos,
2936 5737 3027 5794 sed
3055 5748 3239 5808 sponte
3269 5755 3365 5797 sua
3397 5742 3445 5795 in
3467 5757 3592 5811 pec-
3645 5811 3648 5814 ἢ
