4338 6428
737 416 841 472 6‘39

733 540 920 583 catum
947 526 1142 594 lapsos.
1176 521 1327 576 Nunc
1362 521 1490 588 quid
1520 520 1662 574 bono
1689 518 1890 572 homini
1915 516 2124 571 dederit
2146 514 2304 576 Deus,
2341 519 2386 574 Δ

737 619 892 688 quasi
937 612 1318 686 gloriabundus
1370 616 1672 672 enumerat,
1725 607 2040 675 sapientiam
2085 603 2308 663 scilicet,

741 709 1008 762 rationem
1035 700 1354 772 prudentim,
1383 697 1594 752 occulta
1639 697 1735 750 Dei
1766 709 1923 748 nosse
1951 693 2226 763 mysteria,
2258 699 2314 745 et

737 810 936 849 ari-ana
957 789 1073 858 ejus
1101 805 1262 844 sensu
1306 787 1483 840 cordis
1511 786 1733 839 intrare.
1791 783 2018 852 Obliqne
2043 792 2222 836 autem
2247 781 2312 834 de

737 901 795 938 se
826 885 1063 952 loquitur
1088 879 1232 949 quod
1274 893 1432 932 nemo
1459 878 1532 929 ita
1569 875 1730 930 fuerit
1753 875 1970 944 sapiens
1998 883 2056 926 ut
2095 873 2224 942 ipse,
2257 880 2313 924 et

736 975 916 1029 nullus
937 973 1014 1027 sic
1042 971 1205 1025 sciret
1227 968 1563 1038 problemata
1581 973 1637 1019 et
1657 964 1986 1026 solutiones;
2013 969 2067 1017 et
2091 962 2309 1030 sapien-

735 1069 809 1122 tia
855 1066 972 1134 ejus
1022 1080 1050 1118 a
1083 1071 1278 1117 cuncto
1306 1059 1520 1114 laudata
1570 1057 1642 1111 sit
1689 1055 1905 1126 populo,
1941 1068 2061 1122 quae
2089 1068 2194 1106 non
2225 1066 2312 1106 so-

739 1161 847 1212 lum
881 1159 1209 1212 intrinsecus
1239 1152 1476 1213 latuerit,
1506 1150 1598 1204 scd
1628 1160 1683 1203 et
1712 1150 1764 1202 in
1795 1147 2078 1217 superﬁcie
2121 1159 2312 1214 corpo-

736 1253 812 1304 ris
845 1259 897 1302 et
925 1247 1138 1317 speculo
1158 1245 1334 1297 vultus
1359 1242 1611 1302 eluserit,
1654 1241 1899 1309 ultraque
1924 1253 2112 1292 omnes
2140 1238 2313 1292 homi-

735 1357 832 1393 nos
859 1337 1198 1406 prudentiam
1231 1333 1425 1386 mentis
1453 1331 1505 1383 iu
1549 1329 1685 1383 facie
1713 1344 1808 1382 sua
1855 1328 2107 1397 pinxerit.
2160 1327 2310 1379 Multi

731 1435 856 1480 sunt
885 1427 975 1493 qui
996 1423 1316 1492 promittunt
1337 1419 1655 1488 sapientiam
1677 1427 1732 1470 et
1754 1417 2073 1470 solutionem
2091 1431 2150 1468 se
2170 1415 2310 1468 scire

731 1517 926 1570 divina:
980 1513 1292 1580 Scriptum,
1325 1509 1418 1564 sed
1464 1509 1618 1576 pauci
1668 1516 1794 1560 sunt
1839 1509 1930 1574 qui
1965 1521 2142 1559 veram
2167 1507 2311 1558 inve-

732 1606 886 1658 niant
920 1601 1240 1656 solutionem
1279 1612 1486 1650 meam.
1529 1595 1634 1648 Sed
1675 1604 1729 1648 et
1752 1595 1855 1648 hoc
1899 1595 2176 1648 sciendum
2204 1601 2308 1655 est,

731 1694 875 1763 quod
904 1693 1121 1762 sapiens
1161 1703 1302 1758 stepe
1334 1688 1574 1740 moribus
1613 1684 1924 1753 agnoscitur
1969 1684 2228 1745 honestis,
2255 1692 2311 1738 et

732 1787 848 1837 visit
875 1783 1203 1838 discernitur
1223 1797 1252 1833 a
1284 1780 1464 1833 stulto.

802 1875 963 1927 Vsus.
995 1872 1105 1925 24.
1148 1897 1216 1910 —-
1247 1869 1359 1938 Ego
1412 1885 1466 1920 os
1522 1868 1654 1936 regis
1700 1867 1933 1930 obserro,
1971 1877 2018 1919 et
2051 1875 2306 1936 prtrcepta
2340 1857 2386 1916 Β

725 1963 1008 2030 juramenti
1036 1962 1150 2014 Dei.
1198 1959 1278 2014 Ne
1317 1959 1526 2028 festines
1560 1958 1794 2011 recedere
1820 1975 1852 2010 a
1875 1957 2010 2021 facie
2045 1957 2180 2025 ejus,
2215 1971 2307 2007 ue-

726 2073 824 2122 que
854 2070 1156 2124 permaneas
1184 2053 1238 2104 in
1261 2067 1410 2120 opere
1438 2049 1596 2111 malo,
1641 2052 1763 2118 quia
1792 2066 1943 2102 omne
1961 2049 2103 2119 quod
2130 2049 2305 2103 volue-

728 2147 813 2205 rit,
854 2145 1029 2211 faciet,
1061 2152 1106 2194 et
1135 2157 1303 2193 sermo
1343 2139 1487 2192 illius
1531 2149 1779 2208 potestate
1835 2139 2020 2209 plenus
2065 2151 2180 2193 est:
2213 2157 2304 2194 nec

724 2233 898 2284 dicere
920 2232 1194 2300 quisquam
1231 2238 1418 2298 potest,
1463 2244 1629 2298 quare
1671 2230 1744 2280 ita
1790 2229 1958 2297 facias
1985 2228 2011 2280 Ρ
2045 2228 2119 2283 De
2143 2243 2209 2282 eo
2233 2230 2307 2283 si-

725 2323 940 2388 quidem
971 2322 1178 2374 videtur
1209 2320 1419 2380 dicerc,-
1444 2319 1511 2372 de
1540 2334 1647 2386 quo
1694 2319 1746 2372 in
1771 2319 1984 2372 Psalmo
2009 2325 2260 2371 cantatur
2289 2333 2304 2371 :

729 2412 947 2464 Domine
995 2412 1048 2462 in
1079 2413 1260 2462 virtute
1316 2419 1407 2461 tua
1439 2408 1705 2462 la'taliitur
1750 2424 1841 2460 rex
1896 2406 2070 2477 (Psal.
2108 2423 2198 2472 xx,
2235 2409 2302 2477 l).

725 2513 781 2556 ct
813 2505 866 2556 in
890 2503 996 2556 alio
1026 2502 1162 2564 loco,
1196 2511 1252 2554 ut
1280 2499 1458 2554 Patris
1507 2512 1563 2554 et
1584 2501 1704 2554 Filii
1751 2517 1971 2577 regnum
1985 2518 2191 2578 ⁸..μειιρῐῐι
2223 2501 2300 2578 εῖτ

725 2595 1026 2662 gnilicctnr,
1079 2593 1356 2662 Scriptura
1401 2604 1831 2648 commemorat:
1869 2569 2304 2663 beu'swjii'dieiunt

724 2697 870 2737 tuum
900 2685 1005 2753 regi
1058 2685 1149 2748 du,
1192 2694 1238 2738 et
1275 2684 1539 2753 justitiam
1586 2694 1734 2738 tuam
1781 2684 1893 2752 [ilio
1941 2685 2074 2754 regis
2131 2683 2303 2758 (Psal.

724 2793 871 2838 Lm,
909 2776 981 2842 l).
1027 2774 1148 2827 Non
1194 2777 1331 2827 enim
1373 2773 1585 2843 judicat
1627 2773 1792 2828 Pater
1849 2791 2183 2846 quamquam,
2215 2776 2306 2830 sed

724 2883 875 2920 omne
913 2868 1177 2935 judicium
1227 2865 1370 2919 dedit
1427 2865 1566 2920 Filio
1618 2867 1797 2938 (Joan.
1826 2868 2014 2940 v,‘22).
2078 2868 2178 2934 Qui
2210 2884 2304 2922 rex

727 2959 888 3020 titius,
941 2958 1028 3011 Dei
1078 2957 1252 3011 Patris
1290 2959 1430 3026 regis
1454 2969 1538 3011 est
1583 2958 1740 3012 illius.
1784 2957 1954 3026 Hujus
2001 2960 2183 3029 itaque
2213 2976 2304 3014 cu-

727 3048 1002 3101 stodienda
1040 3056 1164 3100 sunt
1200 3058 1487 3116 pnecepta,
1547 3049 1637 3118 qui
1685 3049 1801 3102 ait:
1841 3048 1899 3103 Si
1937 3051 2012 3105 ris
2041 3052 2198 3104 vitam
2224 3053 2306 3104 in-

722 3139 884 3203 gredi,
911 3155 1054 3191 serva
1077 3139 1324 3192 mundata
1356 3141 1568 3211 (Matth.
1604 3158 1713 3204 xu,
1750 3142 1854 3212 Π).
1879 3141 2143 3196 Admonet
2172 3157 2305 3212 quo-

725 3245 827 3296 que
862 3245 967 3282 non
999 3243 1118 3284 esse
1163 3213 1498 3285 discutienda
1551 3241 1816 3299 prtecepta
1863 3232 1976 3293 Dei,
2005 3247 2174 3301 quare
2201 3234 2304 3288 hoc

726 3317 805 3370 vel
828 3318 953 3369 illud
967 3319 1298 3387 praeceperit,
1323 3321 1413 3372 sed
1428 3320 1784 3390 quodcunque
1806 3321 1998 3375 viderit
2017 3337 2135 3377 esse
2158 3340 2307 3376 man-

725 3410 930 3470 datum,
963 3409 1064 3462 hoc
1091 3409 1174 3477 pia
1225 3425 1383 3463 mens
1438 3411 1670 3464 hominis
1715 3411 1935 3479 implere
1984 3411 2218 3475 festinet,
2251 3422 2308 3465 ut

726 3501 797 3552 sit
824 3500 878 3552 in
910 3500 1024 3569 lege
1051 3500 1260 3552 Domini
1291 3499 1536 3553 voluntas
1579 3498 1695 3566 ejus
1725 3500 1811 3554 die
1849 3515 1911 3553 ac
1938 3511 2112 3554 nocte.
2152 3500 2308 3555 Jura-

729 3598 968 3642 utentum
1014 3589 1106 3642 Dei
1134 3590 1330 3642 dicitur
1355 3607 1452 3659 pro
1483 3590 1841 3646 afﬁrmatione
1863 3593 2143 3646 sententia:
2167 3595 2305 3663 ejus,

725 3699 845 3751 qua:
880 3681 1184 3736 nullatenus
1224 3683 1494 3735 immutari
1544 3683 1758 3750 poterit.
1800 3683 2004 3736 Idcirco
2024 3684 2304 3736 consilium

727 3776 818 3826 dat
846 3789 914 3827 ne
963 3782 1167 3826 stemus
1221 3773 1273 3825 in
1300 3787 1461 3840 opere
1513 3772 1671 3833 malo,
1737 3772 1863 3841 quia
1921 3774 2093 3827 nescit
2147 3774 2307 3828 homo

725 3863 856 3931 quid
881 3871 1106 3915 ventura
1143 3862 1318 3930 pariat
1347 3862 1478 3916 dies.
1517 3862 1683 3930 Igitur
1721 3864 2000 3930 poenitenti
2040 3862 2192 3933 [Ms.,
2215 3880 2306 3933 pa-

727 3951 901 4024 tienti]
931 3951 1255 4021 indulgentia
1305 3953 1566 4019 promissa
1601 3962 1703 4015 est,
1752 3955 2022 4007 crastinus
2045 3955 2158 4009 dies
2178 3970 2306 4008 vero

726 4044 926 4098 nemini
957 4051 1137 4093 certus
1180 4050 1281 4093 est.
1316 4041 1436 4093 Ideo
1477 4042 1608 4094 dicit
1657 4040 1975 4112 Scriptura:
2011 4043 2092 4104 Ne
2131 4045 2303 4098 tardes

725 4135 957 4190 converti
999 4134 1068 4185 ad
1097 4132 1376 4186 Dominum
1409 4132 1596 4202 (Ercli.
1626 4150 1678 4198 v,
1712 4136 1788 4204 8).

799 4229 956 4281 Vens.
992 4227 1043 4280 5.
1083 4257 1152 4267 ——
1191 4226 1294 4291 Qui
1324 4227 1623 4280 custodierit
1653 4228 1960 4280 mandatum
1991 4227 2140 4298 [Ms.,
2170 4247 2305 4299 prte-

725 4317 973 4387 ceptum],
1021 4334 1122 4370 non
1149 4318 1441 4386 experietur
1495 4317 1549 4368 in
1580 4316 1755 4382 futuro
1817 4316 2102 4386 quidquam
2153 4318 2299 4371 mali.

725 4410 826 4474 Qui
854 4409 904 4461 in
936 4409 1036 4462 hoc
1063 4408 1256 4462 sarculo
1282 4415 1603 4477 pneceptum
1649 4407 1862 4461 Domini
1912 4407 2164 4471 custodit,
2199 4425 2301 4463 non

727 4501 1032 4568 experietur
1054 4500 1341 4568 quidquam
1373 4498 1516 4552 mali.
1568 4497 1789 4568 Tempus
1842 4508 1888 4551 et
1919 4500 2300 4566 responsionem

730 4611 818 4649 cor
844 4593 1090 4662 sapientis
1119 4592 1374 4659 intelligit.
1407 4591 1654 4661 Praecipit
1691 4600 1869 4644 autem
1896 4600 1949 4643 et
1977 4592 2117 4658 regis
2139 4592 2303 4658 impe-

733 4685 895 4746 rium,
927 4684 978 4736 id
1013 4693 1093 4736 est
1132 4681 1356 4743 Christi,
1393 4682 1840 4753 conservandum,
1889 4689 1945 4734 et
1973 4682 2112 4735 scire
2154 4682 2304 4751 quid,

732 4784 787 4830 et
811 4790 995 4842 quare,
1029 4783 1081 4827 et
1105 4790 1209 4843 quo
1238 4783 1477 4843 tempore
1490 4773 1693 4841 jubeat.

805 4865 967 4917 Vens.
997 4863 1048 4922 6,
1083 4864 1132 4914 7.
1175 4894 1243 4902 —
1283 4863 1436 4915 Omni
1464 4866 1662 4933 negotio
1699 4874 1897 4934 tempus
1923 4874 2015 4925 est,
2043 4875 2091 4917 et
2123 4882 2308 4934 oppor—

734 4957 947 5018 tunitas,
989 4964 1035 5006 et
1072 4953 1232 5005 multa
1274 4953 1498 5006 hominis
1530 4956 1754 5023 aﬂlictio,
1795 4955 1920 5022 quia
1949 4956 2153 5023 ignorat
2179 4966 2307 5025 prm-

734 5047 908 5107 trrita,
939 5056 984 5096 et
1017 5045 1193 5112 futura
1221 5045 1363 5097 nullo
1393 5045 1523 5097 scire
1569 5053 1733 5113 potest
1781 5046 1990 5097 nuncio.
2030 5043 2185 5099 Omni
2218 5063 2310 5101 ne-

736 5141 898 5210 gotio,
933 5138 1025 5198 ait,
1053 5148 1260 5204 tempus
1279 5146 1381 5200 est,
1418 5139 1556 5191 idem
1581 5137 1736 5208 [Ms.,
1765 5137 1818 5191 id
1842 5136 1946 5208 est]
1970 5139 2112 5207 quod
2144 5139 2196 5192 in
2224 5156 2311 5192 su-

737 5231 1039 5298 purioribus
1063 5230 1216 5292 dixit,
1231 5229 1411 5283 omnia
1424 5229 1875 5296 opportunitatem
1899 5227 2099 5282 habere
2115 5243 2130 5281 :
2148 5244 2311 5297 quon-

738 5323 859 5374 dam
879 5320 977 5373 fuit
992 5329 1200 5389 tempus
1212 5319 1656 5383 circumcisionis,
1672 5321 1764 5373 sed
1779 5320 1938 5375 modo
1953 5328 2163 5389 tempus
2192 5335 2313 5388 gra-

740 5412 842 5462 tire.
872 5409 1078 5461 Etenim
1098 5408 1247 5478 [Ms.,
1265 5420 1344 5462 est
1361 5407 1528 5476 enim]
1549 5423 1735 5475 magna
1753 5407 1968 5461 afllictio
1980 5408 2193 5478 generis
2214 5408 2309 5460 hu-

747 5499 1047 5566 mani,quia
1067 5500 1131 5552 ad
1151 5497 1388 5551 laborem
1419 5500 1577 5552 homo
1601 5499 1925 5559 nascitur,ct
1947 5499 2110 5552 variis
2125 5498 2308 5568 allligi-

744 5597 831 5641 tur
855 5588 1307 5650 trilmlationibus,
1325 5590 1411 5640 cui
1427 5604 1563 5655 sape
1588 5589 1729 5642 aliud
1750 5589 1947 5651 evenit,
1964 5599 2017 5641 ct
2035 5590 2172 5642 aliud
2191 5607 2307 5658 spc-

745 5685 861 5738 rat;
887 5678 953 5729 ab
976 5679 1142 5730 altero
1167 5680 1264 5731 sibi
1294 5679 1434 5731 velut
1454 5679 1520 5731 ab
1547 5680 1696 5731 hole
1719 5687 1889 5738 cavet,
1915 5687 1968 5729 et
1998 5678 2308 5745 alteriusja-

746 5768 865 5822 culo
880 5771 1207 5836 vulneratur,
1223 5772 1343 5839 quia
1363 5771 1663 5824 nesciuscst
1679 5770 1860 5834 futuri,
1882 5770 2013 5824 sicut
2032 5779 2183 5837 pocla
2202 5772 2300 5823 ait:

1583 407 1641 460 ll.
1683 407 1742 461 ι·“.
1782 404 2008 461 ALBINI
2047 402 2177 459 εει]
2218 402 2489 458 Αιιαυικι
2531 401 2819 466 (ιυιςιιυιι
2855 401 3033 456 PARS
3073 401 3132 454 ll.

3883 405 3990 459 700

2596 513 2766 562 Nescia
2790 526 2930 562 mens
2953 513 3156 562 hominis
3180 512 3260 562 fati
3285 526 3523 575 sortisque
3542 515 3738 564 future.

3303 595 3441 646 Vino.
3462 596 3651 646 IEneid.
3689 609 3741 648 ι.

2484 721 2740 788 Quamvis
2785 736 2942 776 nemo
2989 723 3060 776 sit
3109 723 3357 776 conscius
3419 723 3744 785 futurorum,
3806 732 3989 779 tamen

2415 812 2554 866 scire
2579 812 2738 867 debet
2762 813 2942 866 omnia
2968 829 2998 866 a
3022 813 3132 866 Deo
3152 813 3220 867 ad
3242 813 3526 865 utilitatem
3550 813 3824 867 hominum
3846 813 3989 878 fieri,

2413 911 2466 954 et
2494 918 2597 955 non
2642 903 2842 970 absque
2862 899 2977 968 ejus
3001 902 3273 956 voluntate
3299 901 3532 969 disponi,
3570 903 3684 957 sine
3709 903 3858 972 cujus
3880 905 3993 960 dis-

2413 993 2677 1061 positione
2708 1008 2807 1048 nec
2835 1009 2974 1047 unus
3007 1008 3194 1062 passer
3221 995 3272 1046 in
3297 993 3545 1062 laqueum
3571 993 3734 1048 cadit.

2487 1081 2646 1135 Vsus.
2677 1082 2732 1135 8.
2769 1111 2839 1121 —
2876 1080 2998 1134 Non
3026 1090 3100 1135 est
3126 1081 3180 1135 in
3207 1083 3431 1135 hominis
3460 1082 3654 1135 ditione
3688 1081 3833 1153 [Ms.,
3866 1099 3992 1137 con-

2411 1168 2626 1241 ditione]
2641 1170 2908 1239 prohibere
2928 1171 3188 1238 spiritum,
3217 1187 3307 1223 nec
3331 1171 3482 1223 habet
3502 1179 3806 1240 potestatem
3825 1172 3881 1225 in
3904 1173 3992 1228 die

2411 1262 2614 1323 mortis,
2665 1279 2754 1314 nec
2804 1263 2995 1316 sinitur
3038 1263 3300 1332 quiescere
3328 1263 3600 1331 ingruente
3647 1262 3797 1326 bello,
3825 1281 3990 1334 neque

2410 1350 2627 1404 sulrabit
2654 1351 2893 1419 impietas
2915 1351 3154 1421 impium.
3195 1349 3313 1405 Non
3343 1359 3425 1405 est
3451 1366 3580 1422 ergo
3625 1351 3912 1422 lugendum
3941 1356 3988 1407 si

2411 1442 2589 1495 futura
2619 1443 2758 1496 scire
2783 1460 2888 1496 non
2926 1459 3232 1512 possumus,
3281 1452 3335 1499 et
3373 1459 3512 1514 saepe
3561 1446 3628 1500 ab
3659 1445 3855 1516 iniquis
3891 1461 3988 1515 po-

2412 1531 2731 1586 tentioribus
2749 1534 3136 1601 opprimamur,
3165 1547 3286 1586 cum
3313 1543 3487 1588 morte
3505 1536 3684 1588 omnia
3707 1535 3986 1599 liniantur,

2411 1633 2465 1673 et
2488 1621 2750 1689 superbus
2781 1629 2834 1675 et
2861 1629 3052 1690 potens
3078 1623 3170 1690 qui
3195 1631 3388 1676 cuncta
3432 1625 3721 1694 populatus
3748 1634 3851 1688 est,
3876 1641 3984 1680 non

2411 1709 2551 1764 valet
2576 1711 2812 1764 animam
2844 1726 2995 1765 suam
3045 1713 3300 1777 retinere,
3331 1728 3454 1766 cum
3481 1713 3632 1768 exire
3662 1712 3882 1782 jubetur
3918 1715 3988 1770 de

2411 1815 2674 1868 corpore;
2713 1816 2812 1855 nec
2833 1816 2958 1855 eum
2997 1802 3224 1856 salvabit
3259 1803 3504 1872 impietas
3549 1818 3668 1867 sua,
3692 1804 3786 1858 sed
3816 1805 3987 1873 magis

2413 1897 2665 1958 aggravat
2687 1891 2739 1943 in
2770 1891 2857 1945 die
2888 1892 3066 1946 exitus
3093 1892 3200 1955 sui,
3223 1893 3346 1946 dum
3374 1893 3584 1947 meritis
3603 1893 3824 1962 aequalia
3849 1895 3986 1948 reci-

2410 1978 2486 2046 pit
2515 1977 2647 2042 suis,
2671 1987 2726 2032 et
2754 1978 3035 2049 ingruente
3087 1995 3247 2048 super
3273 1996 3330 2035 se
3355 1981 3494 2036 bello
3534 1984 3763 2038 miseria:
3795 1998 3985 2052 pecca-

2413 2074 2591 2120 turum
2619 2082 2859 2133 suorum,
2892 2068 3087 2122 salvari
3114 2086 3220 2124 non
3264 2071 3481 2140 poterit,
3509 2086 3574 2126 eo
3594 2073 3738 2140 quod
3759 2073 3986 2142 negligit

2411 2153 2566 2224 [.lls.,
2595 2156 2687 2224 qui
2711 2155 2967 2228 neglexit]
3003 2166 3211 2226 tempus
3243 2161 3590 2227 paenitentiae.

2475 2241 2636 2314 433
2681 2245 2841 2299 Vens.
2881 2245 3034 2300 9-H.
3069 2276 3139 2286 —
3175 2245 3366 2300 Omnia
3401 2249 3511 2301 Ittec
3549 2248 3896 2310 considerari,
3937 2260 3986 2303 et

2405 2332 2525 2386 dedi
2552 2350 2643 2386 cor
2663 2350 2835 2387 meum
2863 2336 2918 2388 in
2948 2337 3147 2388 cunctis
3178 2337 3417 2404 operibus
3438 2353 3554 2407 qua:
3578 2337 3713 2405 ﬁunt
3735 2339 3830 2392 sub
3853 2339 3983 2392 sole.

2408 2422 2680 2475 Interdum
2718 2422 3022 2476 dominatur
3061 2425 3214 2478 homo
3256 2427 3453 2480 homini
3483 2429 3538 2481 in
3573 2428 3770 2482 malum
3809 2447 3984 2484 suum.

2419 2509 2533 2569 l’i_di
2573 2511 2758 2580 impios
2794 2512 3044 2581 sepultos,
3074 2516 3164 2583 qui
3194 2516 3351 2568 etiam
3379 2532 3496 2568 cum
3534 2517 3704 2570 adhuc
3741 2521 3986 2586 viverent,

2403 2601 2458 2652 in
2498 2599 2611 2652 loco
2648 2613 2828 2655 sancto
2863 2613 3044 2667 erant,
3073 2614 3120 2657 et
3151 2603 3502 2658 laudabantur
3527 2607 3582 2660 in
3607 2608 3810 2679 ciuitate
3834 2625 3989 2678 quasi

2397 2689 2664 2757 justorum
2692 2706 2924 2759 operum.
2957 2689 3062 2744 Sed
3085 2700 3134 2744 et
3163 2692 3257 2745 hoc
3281 2695 3480 2747 vanitas
3505 2703 3599 2747 est.
3629 2693 3836 2748 Etenim
3860 2713 3987 2766 quia

2405 2794 2508 2830 non
2553 2777 2818 2846 profertur
2857 2779 2959 2832 cito
2999 2782 3254 2833 sententia
3305 2798 3516 2850 operum
3567 2792 3747 2836 contra
3795 2785 3984 2851 malos,

2405 2868 2595 2937 absque
2641 2868 2749 2922 ullo
2798 2871 2983 2923 timore
3027 2871 3125 2938 ﬁlii
3169 2873 3436 2924 hominum
3482 2884 3777 2944 perpetrant
3819 2875 3981 2929 mala.

2406 2957 2555 3011 Hanc
2591 2959 2909 3011 sententiam
2946 2959 3134 3012 beatus
3171 2959 3526 3030 Hieronymus
3562 2962 3634 3016 ita
3668 2964 3983 3032 interpreta-

2404 3057 2491 3102 tus
2517 3057 2601 3102 est
2629 3067 2640 3100 :
2671 3048 2822 3110 Dedi,
2855 3049 3056 3116 inquit,
3087 3065 3181 3103 cor
3207 3066 3385 3104 meum
3405 3093 3417 3112 ,
3446 3061 3504 3105 ut
3531 3067 3693 3124 omne
3713 3055 3854 3121 quod
3885 3057 3985 3108 sub

2405 3140 2518 3195 sole
2560 3140 2764 3209 geritur
2811 3139 3070 3205 intuerer,
3119 3150 3174 3194 et
3219 3143 3322 3195 hoc
3371 3141 3499 3213 [vel]
3546 3143 3798 3206 maxime,
3845 3145 3987 3212 quod

2413 3232 2573 3286 homo
2603 3234 2656 3283 in
2686 3231 2926 3285 homines
2954 3231 3144 3298 accipit
3177 3238 3488 3298 potestatem
3508 3270 3523 3294 ,
3553 3239 3613 3283 ut
3640 3245 3988 3300 quoscunque

2408 3322 2521 3375 vult
2543 3362 2556 3385 ,
2587 3322 2785 3390 aliligat
2815 3331 2973 3388 atque
3005 3321 3338 3374 condemnet.
3371 3321 3505 3376 Cum
3534 3323 3713 3391 itaque
3751 3331 3986 3377 mentem

2407 3426 2581 3464 meam
2613 3412 2679 3464 ad
2721 3411 2834 3464 haec
2869 3411 3120 3464 intuenda
3153 3411 3469 3480 dirigerem,
3500 3412 3606 3466 vidi
3644 3413 3835 3482 impios
3865 3426 3988 3466 cum

2408 3504 2499 3558 tali
2530 3504 2780 3573 opinione
2806 3512 3065 3565 mortuos,
3091 3512 3146 3556 et
3173 3503 3250 3555 sic
3278 3503 3531 3571 sepultos,
3557 3512 3616 3557 ut
3643 3504 3814 3557 sancti
3839 3501 3986 3557 aesti-

2407 3605 2686 3650 marentur
2723 3596 2773 3647 in
2809 3604 2973 3658 terra,
3005 3594 3166 3662 quod,
3209 3609 3329 3648 cuin
3362 3595 3625 3658 viverent,
3661 3593 3990 3663 putabantur

2406 3689 2549 3757 digni
2576 3702 2696 3742 esse
2735 3685 2988 3740 Ecclesiae
3027 3686 3316 3755 principes,
3351 3693 3408 3739 et
3445 3685 3643 3754 templo
3670 3683 3799 3747 Dei;
3827 3692 3882 3738 et
3907 3684 3988 3738 in-

2406 3795 2568 3848 super
2592 3777 2930 3833 ambulantes
2963 3778 3150 3830 tumidi
3191 3777 3547 3832 laudabantur
3573 3776 3628 3830 in
3665 3776 3821 3830 malis
3853 3777 3984 3841 suis,

2405 3871 2546 3924 sicut
2585 3870 2842 3938 scriptum
2881 3877 3009 3923 est:
3045 3867 3316 3921 Laudatur
3349 3878 3588 3939 peccator
3626 3870 3681 3923 in
3718 3869 3986 3924 desideriis

2405 3961 2596 4013 animtt'
2624 3975 2752 4021 suat,
2782 3967 2829 4010 et
2854 3959 2942 4026 qui
2970 3959 3149 4027 iniqua
3179 3959 3328 4027 gerit,
3361 3959 3678 4012 benedicitur
3703 3957 3875 4028 (Psal.
3909 3975 3985 4025 ιι,

2403 4051 2515 4118 2t).
2550 4047 2662 4102 lloc
2686 4057 2863 4101 autem
2891 4055 3173 4117 propterea
3201 4048 3378 4101 evenit
3405 4049 3547 4115 quod
3575 4061 3732 4100 nemo
3757 4060 3985 4114 peccan-

2405 4141 2546 4192 tibus
2582 4139 2845 4207 episcopis
2875 4139 3035 4192 audet
3070 4137 3468 4200 contradicerc;
3511 4127 3814 4189 nec'statim
3847 4137 3987 4192 Deus

2405 4231 2474 4282 ob
2521 4230 2697 4282 scelus
2741 4229 3042 4292 ulciscitur,
3093 4228 3186 4281 sed
3235 4224 3410 4280 dill‘ert
3451 4241 3686 4295 poenam,
3730 4242 3850 4280 cum
3895 4242 3986 4281 ex—

2405 4328 2610 4388 spectat
2645 4320 3034 4388 pcenitentiam.
3066 4317 3386 4372 Peecatores
3417 4327 3594 4371 autem
3621 4318 3712 4385 qui
3748 4331 3853 4371 non
3881 4326 3986 4371 sta-

2407 4410 2503 4463 tim
2530 4409 2703 4479 arguti
2731 4416 2891 4478 atque
2919 4408 3150 4462 correcti
3181 4415 3331 4472 sunt,
3376 4412 3626 4478 putantes
3652 4420 3984 4475 nequaquam

2407 4501 2646 4554 futurum
2682 4514 2801 4552 esse
2827 4499 3085 4568 judicium
3104 4536 3117 4561 ,
3150 4499 3203 4551 in
3236 4497 3437 4552 scelere
3462 4505 3828 4566 perseverant.
3859 4495 3986 4550 Pos-

2408 4605 2592 4643 sumus
2631 4592 2732 4644 boc
2767 4589 3403 4660 testimoniumnccipere
3429 4589 3686 4644 adversus
3709 4589 3987 4658 episcopos

2408 4683 2499 4751 qui
2542 4688 2866 4749 acceperunt
2907 4681 2959 4734 in
3001 4681 3240 4735 Ecclesia
3284 4687 3626 4749 potestatem,
3670 4688 3725 4733 et
3767 4681 3987 4735 scanda-

2409 4774 2574 4824 lizant
2598 4772 2768 4842 magis
2786 4787 2881 4826 eos
2901 4787 3034 4842 quos
3057 4771 3249 4826 docere
3274 4780 3331 4826 et
3353 4770 3422 4823 ad
3449 4769 3668 4824 meliora
3696 4770 3987 4825 debuerant

2409 4863 2651 4916 incitare.
2703 4862 2766 4915 lli
2817 4861 3127 4930 frequenter
3169 4868 3290 4928 post
3336 4869 3562 4916 mortem
3610 4861 3890 4915 laudantur
3932 4859 3983 4912 in

2409 4952 2644 5006 Ecclesia
2675 4951 2831 5022 [Ms.,
2863 4953 2915 5004 in
2953 4950 3192 5019 smculo],
3236 4958 3292 5007 et
3332 4951 3473 5005 beati
3514 4951 3568 5005 in
3608 4949 3692 5004 bis
3721 4962 3838 5017 qua:
3878 4963 3980 5002 non

2412 5044 2762 5114 probabiliter
2809 5041 3049 5098 fecerunt
3093 5043 3305 5114 publice
3350 5045 3462 5098 sive
3509 5057 3540 5095 a
3591 5039 3984 5096 successoribus

2412 5137 2525 5190 sive
2557 5151 2586 5189 a
2629 5133 2835 5203 populis
2878 5135 3255 5204 medicantur.
3300 5134 3368 5188 Et
3407 5136 3510 5188 hoc
3546 5131 3762 5200 quidem
3790 5145 3980 5184 vanum

2411 5237 2514 5290 est,
2542 5225 2683 5295 quod
2712 5241 2817 5280 non
2846 5227 2986 5280 sicut
3012 5233 3265 5295 egerunt,
3298 5225 3376 5278 sic
3404 5223 3664 5288 audiunt,
3685 5236 3782 5276 nec
3805 5221 3980 5274 statim

2412 5317 2775 5383 corripiuntur
2801 5317 2853 5370 in
2886 5326 3104 5386 peccato
3130 5331 3246 5371 suo.
3284 5314 3451 5368 Nemo
3485 5315 3680 5384 quippe
3709 5313 3870 5367 audet
3895 5324 3982 5362 ar.-

2413 5420 2605 5459 cusare
2644 5407 2919 5475 majorem.
2954 5406 3244 5475 Propterea
3275 5405 3430 5474 quasi
3459 5405 3630 5460 sancti
3657 5412 3714 5458 et
3751 5399 3890 5455 beati
3928 5400 3979 5455 in

2413 5497 2690 5566 pneceptis
2717 5497 2926 5551 Domini
2948 5496 3302 5558 ambulantes,
3333 5506 3528 5564 augent
3551 5499 3769 5563 peccata
3796 5503 3982 5558 pecca-

2415 5589 2499 5639 tis.
2529 5586 2762 5642 Dillicilis
2785 5596 2867 5641 est
2891 5587 3162 5641 accusatio
3185 5588 3236 5640 in
3259 5588 3566 5654 episc0pum
3593 5600 3605 5634 :
3633 5582 3676 5636 si
3699 5580 3844 5636 enim
3865 5592 3981 5650 pee-

2413 5678 2637 5738 caverit,
2685 5694 2786 5731 non
2834 5677 3099 5741 creditur;
3149 5686 3198 5731 ct
3244 5678 3288 5732 si
3334 5677 3607 5731 convictus
3653 5671 3830 5738 fuerit,
3878 5682 3979 5726 non

2414 5770 2644 5837 punitur.
