4338 6394
319 387 418 446 701

1139 393 1543 452 EXEGETICA.
1582 425 1653 437 —
1687 396 2037 454 COIIIEN'I‘.
2077 398 2147 454 IN
2181 399 2709 456 ECCLESIASTEN.

3451 402 3553 456 70‘!

382 507 548 562 Vsus.
587 506 672 561 12.
705 535 778 546 -
812 507 1048 561 Attamen
1081 524 1145 561 ea
1177 525 1236 562 eo
1260 509 1397 578 quod
1425 518 1664 579 peccator
1689 517 1875 562 centies
1902 511 1954 570 Α
1976 522 2097 563 esse
2123 509 2292 563 dixit:
2321 523 2528 562 necnon
2553 509 2853 563 esurientes
2875 516 2931 564 ct
2957 509 3206 565 sitientes
3223 509 3410 564 beatos
3433 525 3556 564 esse

315 597 442 664 facit
475 594 698 664 malum,
737 607 787 652 et
825 613 918 668 per
955 599 1253 668 patientiam
1288 609 1626 665 sustentatur,
1664 615 1757 668 ego
1796 615 1884 651 co-

312 685 467 753 gnovi
499 685 642 756 quod
671 688 770 742 erit
801 687 991 741 bonum
1024 689 1318 742 timentibus
1346 688 1648 754 Dominum,
1684 689 1774 759 qui
1801 706 1884 744 ueb

313 779 496 826 untur
538 773 728 843 faciem
765 775 901 846 ejus.
947 776 1025 830 Ex
1067 792 1132 832 eo
1174 778 1315 846 quod
1358 777 1551 846 impius
1594 778 1882 848 plurimum

312 867 504 928 peccat
537 861 667 932 (hoc
699 863 894 932 quippe
927 862 1191 935 signiﬁcat
1221 864 1364 931 quod
1400 864 1493 929 ait,
1523 864 1756 934 centies),
1790 864 1886 918 dat

312 946 456 1002 Deus
473 947 652 1004 locum
671 950 1018 1020 ptenitentia,
1040 958 1095 1006 et
1115 966 1219 1006 non
1245 951 1412 1024 [eum]
1441 951 1623 1006 statim
1649 952 1803 1021 punit
1826 953 1881 1006 in

311 1036 544 1101 scelere,
585 1038 684 1092 sed
721 1047 996 1109 eaepeetat
1033 1048 1094 1094 ut
1126 1047 1466 1096 convertatur
1499 1039 1568 1094 ab
1602 1040 1882 1109 iniquitate

312 1139 410 1178 sua
437 1135 495 1179 et
516 1133 646 1196 agat
669 1128 1036 1198 penitentiam
1067 1147 1080 1182 :
1110 1130 1233 1198 quia
1260 1125 1444 1201 [Deus]
1474 1145 1578 1184 non
1601 1129 1715 1185 vult
1739 1144 1883 1184 mor-

311 1222 422 1268 tem
450 1218 775 1284 peccatoris,
811 1219 906 1272 sed
930 1226 992 1272 ut
1024 1226 1366 1273 convertatur
1391 1228 1447 1272 et
1473 1221 1636 1283 vivat,
1678 1235 1777 1290 ego
1801 1221 1884 1274 in—

312 1302 496 1374 telligo
517 1305 646 1374 quia
667 1305 930 1376 benignus
951 1314 1008 1361 et
1031 1307 1333 1361 misericors
1363 1321 1526 1376 super
1551 1321 1645 1362 eos
1671 1305 1882 1361 futurus

311 1392 383 1445 sit
419 1395 566 1448 Deus
602 1395 698 1462 qui
736 1393 936 1448 habent
973 1379 1219 1450 timorem
1261 1395 1421 1460 illius,
1459 1395 1620 1464 ει,ιά
1656 1394 1880 1449 verbum

310 1479 430 1547 eius
456 1484 899 1549 contremiscunt,
926 1491 981 1538 et
1018 1492 1183 1555 agunt
1207 1484 1576 1554 penitentiam
1600 1485 1665 1538 de
1690 1491 1882 1552 prate-

313 1571 454 1638 ritis,
478 1580 536 1626 et
558 1573 628 1628 de
651 1573 846 1629 futuris
879 1574 979 1630 sibi
1015 1588 1207 1630 cavere
1243 1575 1521 1643 incipiunt,
1544 1575 1666 1643 quia
1691 1588 1882 1644 pecca-

311 1670 398 1716 tor
431 1671 556 1731 post
589 1663 981 1732 penitentiam,
1019 1665 1070 1719 si
1104 1673 1402 1720 revertetur
1437 1666 1631 1718 iterum
1664 1665 1731 1718 ad
1759 1679 1882 1733 pec-

309 1759 433 1807 cata
454 1753 658 1822 priora,
681 1753 804 1808 cani
826 1753 1170 1825 comparatur
1191 1755 1285 1823 qui
1313 1755 1600 1809 revertitur
1621 1754 1689 1808 ad
1711 1754 1882 1808 vomi-

311 1851 630 1900 “suum.

379 1934 544 1990 Vnus.
579 1935 665 1990 15.
694 1963 766 1975 -
796 1934 919 1990 Non
945 1935 1013 1990 sit
1039 1935 1226 1989 bonum
1251 1937 1430 2005 impio,
1460 1951 1551 1989 nec
1575 1933 1882 2005 prolongat-

308 2033 399 2079 tur
423 2025 535 2079 dies
556 2026 694 2096 ejus,
728 2025 819 2080 sed
839 2027 990 2096 quasi
1025 2025 1208 2079 umbra
1235 2035 1530 2090 transeant,
1567 2026 1657 2096 qui
1683 2041 1788 2078 non
1815 2028 1883 2080 ti-
1925 2019 1930 2023 ’

307 2123 449 2168 ment
467 2115 656 2185 facient
681 2114 800 2169 Dei.
824 2115 1155 2186 lmprecatur
1172 2115 1311 2170 male
1330 2116 1416 2170 his
1435 2117 1526 2185 qui
1548 2130 1656 2170 non
1681 2115 1883 2170 habent

307 2202 562 2258 timorem
586 2203 705 2269 Dei,
722 2212 784 2273 μ
806 2211 958 2273 optat
980 2219 1047 2258 ne
1071 2204 1162 2258 diu
1182 2202 1494 2258 diﬁ‘erantur
1521 2219 1550 2257 a
1575 2218 1756 2273 pinna,
1785 2201 1881 2256 sed

307 2295 496 2347 statim
524 2302 698 2348 morte
725 2293 984 2350 subtracti
1017 2293 1289 2348 Cruciatus
1324 2294 1585 2362 recipiant
1609 2307 1744 2362 quos
1769 2307 1883 2346 me-

307 2389 517 2437 rentur.
549 2381 736 2437 Simile
770 2383 898 2452 quid
936 2389 991 2438 et
1026 2382 1312 2452 Apostolus
1350 2382 1626 2452 loquitur:
1665 2379 1880 2434 Utinam

304 2470 686 2539 precidantur,
721 2471 811 2541 qui
848 2487 940 2524 nos
976 2469 1124 2542 [δίδη
1159 2469 1268 2542 eos]
1307 2471 1613 2523 conturbant
1651 2466 1793 2540 (Gal.
1826 2483 1876 2532 v,

307 2558 431 2629 i2)!
471 2559 542 2614 Et
570 2559 701 2614 alibi
736 2578 757 2614 ι
789 2559 1085 2614 Alexander
1115 2561 1336 2615 terarius
1380 2558 1544 2613 multa
1583 2557 1725 2612 mala
1753 2557 1879 2610 mihi

305 2650 552 2711 ostendit,
574 2649 751 2703 reddet
772 2649 852 2703 illi
869 2649 1010 2702 Deus
1028 2650 1308 2702 secundum
1330 2665 1485 2718 opera
1504 2649 1616 2717 ejus
1639 2646 1726 2717 (II
1744 2646 1876 2699 Tim.

308 2753 386 2802 tv,
411 2736 523 2806 η).
547 2737 617 2790 Et
637 2737 794 2790 malis
817 2737 1033 2805 quidem
1053 2737 1144 2804 qui
1164 2737 1403 2791 converti
1430 2751 1535 2790 non
1558 2736 1762 2800 volunt,
1786 2737 1881 2789 sed

308 2826 365 2880 in
395 2826 600 2880 malitia
625 2841 721 2880 sua
747 2840 1081 2901 permanere,
1119 2826 1310 2880 melius
1337 2833 1420 2880 est
1443 2825 1580 2896 mori
1607 2839 1770 2893 quam
1794 2825 1878 2878 vi-

307 2929 457 2980 vere,
479 2915 606 2984 quia
631 2915 1035 2991 quantoplures
1062 2914 1193 2969 vivit
1218 2915 1350 2976 dies,
1385 2921 1533 2968 tanto
1557 2913 1880 2968 atrociorem

308 3004 412 3059 sibi
436 3012 708 3074 praeparat
735 3018 968 3074 pinnam.
1002 3004 1152 3060 Unde
1178 3012 1233 3059 et
1258 3005 1496 3060 comicus
1515 3005 1592 3057 ait
1617 3021 1632 3056 :

430 3115 556 3174 Quid
580 3113 690 3164 mali
709 3116 954 3176 imprecer
978 3114 1182 3173 homini,
1203 3116 1294 3164 nisi
1319 3121 1374 3164 ut
1395 3116 1478 3164 diu
1501 3115 1662 3166 vivat?

1984 597 2183 653 ibidem
2217 604 2466 652 testauir.
2508 596 2615 650 Sed
2652 596 2847 652 melius
2878 605 2964 652 est
2997 597 3064 652 de
3100 597 3328 666 spiritali
3355 599 3475 652 cibo
3502 609 3559 652 et

1981 698 2111 761 potu
2130 689 2404 758 sapientia:
2424 691 2540 744 hac
2559 688 2874 759 intelligere,
2895 691 2962 744 de
2983 689 3176 757 quibus
3195 695 3250 742 et
3271 688 3324 742 in
3349 688 3558 756 psalmo

1982 780 2218 853 legitur:
2253 783 2448 837 Vinum
2486 782 2722 837 lctiﬁcat
2746 797 2841 838 cor
2876 783 3127 848 hominis,
3162 793 3217 836 et
3245 783 3396 852 panis
3424 797 3554 837 con-

1984 870 2165 925 ﬁrmat
2210 870 2380 943 (Psal.
2424 887 2541 936 CIII,
2569 870 2678 943 15).
2706 870 2861 938 Quod
2895 880 3075 926 autem
3103 872 3217 944 lucc
3242 870 3556 940 spiritaliter

1981 961 2257 1014 sentienda
2300 968 2446 1024 sunt,
2493 975 2722 1030 sequens
2766 960 3060 1016 versiculus
3101 960 3456 1024 demonstrat,
3502 961 3556 1013 in

1981 1048 2088 1118 q'uo
2116 1048 2194 1101 ait
2221 1066 2235 1101 :

2053 1138 2212 1191 Vsus.
2231 1135 2318 1201 16,
2333 1135 2562 1189 l7.—Et
2575 1137 2792 1206 apposui
2805 1153 2896 1190 cor
2903 1152 3072 1190 meum
3085 1147 3140 1190 ut
3151 1137 3335 1190 scirent
3348 1135 3557 1205 sapien-

1982 1229 2130 1290 tiam,
2160 1235 2207 1279 et
2229 1224 2565 1294 intelligerem
2589 1225 2960 1278 dissensionem
2993 1223 3140 1294 [Ms.,
3166 1221 3552 1294 distentionem]

1980 1331 2096 1385 qua:
2123 1324 2357 1368 versatur
2381 1313 2438 1366 in
2465 1322 2624 1366 terra.
2654 1311 2748 1366 Est
2775 1313 2951 1377 homo,
2982 1312 3070 1381 qui
3097 1310 3278 1364 diebus
3303 1327 3365 1363 ac
3391 1312 3558 1364 nocti—

1981 1404 2076 1455 bus
2095 1418 2332 1456 somnum
2355 1400 2518 1454 oculis
2541 1415 2643 1452 non
2658 1401 2816 1470 capit,
2832 1408 2881 1453 et
2899 1399 3150 1465 intellexi,
3167 1397 3304 1469 quod
3324 1397 3557 1452 omnium

1981 1509 2192 1563 operum
2224 1492 2322 1547 Dei
2346 1490 2543 1546 nullam
2573 1491 2735 1560 possit
2760 1492 2913 1544 homo
2941 1491 3167 1544 invenire
3193 1489 3447 1543 rationem
3471 1503 3558 1540 eo—

1981 1600 2098 1637 rum
2125 1598 2240 1652 qua:
2267 1581 2400 1649 fiunt
2424 1579 2518 1634 sub
2543 1578 2650 1633 sole
2674 1594 2694 1632 :
2718 1587 2764 1632 et
2789 1587 2982 1648 quanto
3007 1576 3124 1646 plus
3151 1576 3460 1629 laboraverit
3487 1575 3556 1627 ad

1980 1671 2334 1743 querendum,
2361 1678 2504 1722 tanto
2533 1669 2707 1721 minus
2729 1667 2947 1720 inveniet
2976 1681 2994 1718 :
3022 1662 3440 1718 ctiamsi'dixeri't
3469 1678 3558 1716 sa-

1982 1765 2128 1832 piens
2153 1777 2208 1814 se
2233 1777 2381 1814 nosse
2399 1800 2417 1824 ,
2454 1776 2557 1812 non
2583 1757 2770 1828 poterit
2800 1757 3040 1826 reperire.
3071 1755 3321 1810 Testatur
3353 1751 3559 1806 scilicet

1983 1848 2172 1906 melius
2193 1865 2319 1905 esse
2346 1850 2400 1903 in
2432 1846 2777 1902 meditatione
2805 1846 3096 1914 Scriptura:
3119 1852 3319 1899 sancte
3345 1843 3556 1897 versari

1981 1941 2068 1994 die
2090 1953 2155 1994 ac
2179 1946 2360 2002 nocte,
2386 1951 2545 2006 quam
2569 1936 2624 1989 in
2648 1934 2820 2004 epulis
2843 1934 3147 1988 carnalibus
3169 1934 3395 2002 perdere
3419 1940 3556 1986 tem-

1981 2047 2113 2103 pora
2156 2029 2257 2085 sibi
2286 2043 2317 2083 a
2356 2026 2469 2084 Deo
2506 2028 2630 2082 data
2671 2028 2740 2082 ad
2777 2025 3161 2096 proﬁciendum
3190 2027 3244 2079 in
3280 2025 3556 2092 sapientia:

1981 2119 2192 2184 studiis,
2213 2126 2276 2174 ut
2299 2123 2587 2190 cognoscat
2620 2115 2886 2170 mirabilia
2909 2114 3026 2181 D’ei,
3049 2125 3104 2170 et
3131 2113 3313 2168 laudet
3335 2111 3556 2167 Creato-

1982 2227 2097 2266 rem
2133 2213 2186 2266 in
2221 2211 2475 2281 operibus
2505 2209 2618 2265 suis
2659 2226 2672 2262 :
2714 2208 2960 2278 quamvis
2993 2205 3200 2261 occulta
3238 2213 3364 2260 sunt
3401 2201 3556 2273 υἷι,

1981 2299 2108 2372 sint]
2143 2300 2343 2370 iudicia
2364 2298 2478 2363 Dei,
2506 2306 2687 2354 tamen
2721 2297 2961 2352 miranda
2991 2303 3138 2358 sunt,
3165 2303 3220 2348 et
3243 2292 3470 2346 Creator
3499 2292 3552 2344 in

1980 2390 2060 2443 eis
2095 2388 2394 2443 laudandus
2419 2395 2520 2442 est.
2559 2386 2628 2440 Et
2665 2386 2793 2454 quid
2810 2386 2888 2439 'de
2924 2384 3088 2438 stulto
3116 2381 3399 2436 dicendum
3435 2388 3556 2444 est,

1979 2479 2106 2533 dum
2129 2478 2400 2532 studiosus
2425 2477 2702 2546 sapientiae
2724 2481 2994 2530 scrutator
3016 2473 3256 2528 invenire
3283 2485 3389 2525 non
3412 2470 3558 2524 valet

1979 2583 2150 2639 quare
2185 2569 2289 2622 hoc
2313 2566 2399 2620 vel
2427 2565 2556 2620 illud
2584 2563 2784 2619 factum
2814 2565 2902 2627 sit,
2931 2571 2988 2616 et
3015 2576 3184 2631 quare
3210 2560 3438 2614 mundus
3460 2573 3556 2614 va-

1981 2657 2077 2710 riis
2103 2655 2430 2726 gubernetur
2454 2642 2766 2716 eventibus,
2787 2667 2884 2706 cur
2911 2651 3048 2705 alius
3079 2663 3274 2712 caseus,
3303 2647 3440 2701 alius
3464 2647 3556 2701 de-

1979 2743 2120 2806 bilis,
2162 2743 2300 2797 alius
2333 2742 2522 2796 videns
2549 2749 2604 2794 et
2638 2755 2813 2795 sanus
2830 2747 3123 2794 nascatur:
3156 2737 3245 2792 hie
3270 2742 3556 2806 pauperta-

1979 2840 2086 2886 tem
2118 2831 2336 2896 habeat,
2377 2832 2466 2884 ille
2500 2832 2746 2896 divitias;
2777 2833 2879 2886 iste
2912 2833 2986 2886 sit
3020 2829 3236 2893 nobilis,
3271 2828 3360 2882 ille
3389 2827 3557 2897 inglo-

1978 2921 2110 2975 rius.
2151 2919 2501 2974 Subostendit
2529 2921 2712 2987 itaque
2744 2921 2830 2974 his
2862 2920 3062 2983 verbis,
3094 2932 3215 2973 esse
3243 2932 3434 2972 causas
3472 2932 3558 2970 re-

1978 3026 2098 3065 rum
2143 3009 2381 3064 omnium
2425 3007 2772 3063 rationabiles
2813 3023 2910 3078 per
2937 3006 3200 3074 iustitiam
3245 3005 3340 3059 Dei
3385 3019 3554 3073 quare

1978 3096 2534 3172 unumquodqun‘ﬁat,
2573 3097 2667 3151 sed
2696 3099 2750 3150 in
2785 3095 3001 3150 occulto
3024 3109 3119 3149 eas
3149 3094 3339 3159 latere,
3366 3103 3422 3148 et
3447 3107 3555 3147 non

379 3218 542 3272 Vsus.
575 3215 662 3268 14.
690 3244 766 3255 -
789 3214 967 3269 Est-et
995 3215 1102 3269 alia
1127 3216 1325 3270 vanitas
1347 3232 1465 3286 qua:
1489 3216 1550 3284 ﬁt
1583 3231 1740 3284 super
1773 3224 1882 3270 ter-
1904 3155 1952 3217 ϐ
1981 3203 2092 3260 Ρωι

1265 3233 1325 3268 as
1347 3232 1465 3286 qua:
1489 3216 1550 3284 ﬁt
1583 3231 1740 3284 super
1773 3224 1882 3270 tu.
1904 3155 1952 3217 ϐ
1981 3203 2138 3260 Ρωιϐ
2161 3155 2230 3244 λι)
2580 3186 2977 3264 comprehendi.

309 3322 422 3361 rant
445 3321 466 3359 :
490 3313 613 3360 sunt
629 3304 766 3374 justi
788 3304 972 3374 quibus
1000 3303 1142 3357 mala
1168 3302 1310 3374 [Ms.,
1333 3302 1522 3375 multa]
1551 3305 1875 3373 proveniunt,

305 3397 456 3466 quasi
495 3411 650 3465 opera
687 3395 880 3464 egerint
915 3393 1224 3463 impiorum;
1259 3403 1307 3447 et
1343 3403 1464 3447 sunt
1499 3395 1646 3464 impii
1679 3394 1772 3464 qui
1803 3395 1878 3446 ita

306 3497 429 3540 sunt
456 3487 650 3550 securi,
677 3485 829 3555 quasi
843 3485 1109 3554 justorum
1133 3485 1273 3554 facta
1301 3484 1540 3539 habeant.
1573 3483 1682 3540 Sed
1705 3493 1759 3537 ct
1781 3484 1878 3537 hoc

307 3575 647 3630 nouissimum
677 3573 881 3642 judico.
918 3573 1062 3627 Inter
1093 3559 1315 3628 Ceteras
1351 3575 1618 3628 vanitates
1663 3587 1782 3642 quae
1824 3573 1877 3626 in

306 3664 509 3720 mundo
532 3663 686 3716 vario
708 3661 954 3716 feruntur
979 3670 1192 3726 eventu,
1228 3664 1390 3716 etiam
1426 3665 1528 3717 hoc
1554 3664 1878 3732 deprehendi

306 3753 448 3822 quod
467 3752 631 3822 iustis
649 3767 714 3807 ea
735 3751 1041 3819 frequenter
1061 3750 1311 3804 eveniunt
1327 3765 1445 3818 qua:
1467 3751 1643 3818 impiis
1663 3751 1878 3803 evenire

305 3843 623 3906 debuerant,
652 3850 708 3895 et
740 3841 890 3910 impii
925 3848 1034 3894 tam
1062 3838 1286 3894 feliciter
1322 3839 1377 3893 in
1416 3839 1518 3893 hoc
1554 3838 1752 3892 mundo
1785 3839 1878 3892 de-

305 3942 432 4000 gant
470 3931 628 4003 [Hs.,
663 3929 907 4002 degunt],
945 3938 1004 3984 ut
1036 3945 1130 3985 eos
1164 3939 1318 4000 putes
1356 3945 1475 3984 esse
1506 3928 1830 3997 iustissimos
1861 3947 1874 3982 :

305 4018 756 4090 quemadmcdum
787 4019 860 4072 de
880 4018 1041 4074 divite
1068 4027 1384 4087 purpurato,
1414 4026 1468 4072 et
1496 4019 1702 4071 Lazaro
1729 4031 1879 4070 men-

305 4114 424 4168 dico
465 4111 661 4183 legitur
699 4112 754 4165 in
781 4109 1067 4179 Evangelio
1096 4109 1244 4179 (Luc.
1275 4108 1408 4178 nn).
1443 4108 1879 4177 Septuagesimus

304 4219 520 4274 quoque
552 4199 1093 4270 secundus‘psalmus
1133 4200 1197 4254 de
1240 4199 1339 4252 bac
1381 4215 1441 4253 re
1485 4199 1738 4266 disputat,
1781 4212 1880 4250 cur

300 4293 462 4362 iustis
499 4293 766 4347 interdum
805 4291 946 4344 mala
974 4298 1028 4345 et
1066 4290 1242 4359 impiis
1280 4289 1528 4343 eveniant
1567 4289 1723 4342 bona.
1770 4287 1877 4340 Sed

307 4382 516 4436 Hebraei
556 4382 659 4434 hoc
694 4381 761 4433 de
799 4380 922 4434 ﬁliis
947 4379 1128 4432 Aaron
1166 4379 1482 4446 intelligunt,
1516 4377 1608 4444 qui
1645 4376 1754 4429 Deo
1789 4391 1878 4429 sa-

2581 3294 2816 3354 CAPU'I'
2842 3296 2934 3350 IX.

2048 3390 2212 3444 Vsus.
2246 3391 2297 3454 ι,
2322 3389 2377 3442 2.
2397 3417 2471 3429 —
2493 3388 2682 3451 Omnia
2710 3390 2822 3441 Iure
2846 3389 3064 3441 tractavi
3087 3389 3141 3441 in
3164 3389 3319 3441 ccrde
3339 3403 3474 3452 meo,
3499 3405 3553 3450 tu

1977 3479 2179 3531 curiose
2213 3476 2570 3546 intelligerem.
2610 3474 2745 3532 Sunt
2774 3475 2907 3543 justt
2937 3483 2984 3527 et
3012 3476 3286 3544 sapientes,
3317 3483 3364 3526 et
3401 3492 3555 3542 opera

1976 3583 2156 3622 eorum
2197 3567 2254 3620 in
2300 3583 2460 3620 manu
2506 3562 2623 3628 Dei,
2661 3559 2718 3634 et
2764 3573 2938 3618 tamen
2983 3564 3140 3617 nescit
3185 3565 3338 3617 homo
3379 3573 3555 3618 utrum

1979 3673 2156 3712 amore
2199 3674 2269 3711 an
2313 3656 2434 3710 odio
2476 3655 2664 3726 dignus
2711 3639 2810 3719 iit,
2856 3654 2945 3708 sed
2991 3655 3168 3708 omnia
3215 3654 3270 3708 in
3318 3648 3556 3723 futurum

1976 3756 2249 3799 servantur
2288 3747 2508 3809 incerta,
2551 3761 2611 3797 eo
2646 3738 2796 3814 quod
2824 3745 3071 3805 universa
3116 3762 3260 3819 a‘que
3299 3744 3555 3801 eveniant.

1978 3837 2151 3892 Porro
2183 3835 2273 3889 hic
2307 3848 2498 3889 sensus
2526 3841 2608 3889 est
2645 3832 2803 3899 huius
2835 3835 3115 3887 sententia:
3151 3851 3171 3886 :
3203 3835 3256 3886 in
3295 3835 3397 3887 hoc
3433 3834 3554 3887 dedi

1980 3940 2081 3981 cor
2102 3940 2303 3988 meum,
2334 3931 2389 3978 et
2412 3924 2550 3978 scire
2574 3921 2716 3977 volui
2744 3936 2879 3990 quos
2905 3921 3046 3976 Deus
3068 3921 3316 3991 diligeret
3337 3932 3390 3976 et
3416 3937 3554 3990 quos

1980 4017 2200 4070 odisset.
2236 4013 2417 4068 Inveni
2439 4011 2710 4080 iustorum
2736 4027 2902 4080 opera
2925 4013 2978 4066 in
3006 4025 3168 4064 manu
3197 4010 3289 4066 Dei
3314 4026 3470 4076 esse;
3503 4022 3560 4064 et
3621 4031 3624 4034 ’

1982 4115 2161 4160 tamen
2195 4114 2374 4158 utrum
2417 4111 2664 4158 amentur
2691 4119 2722 4157 a
2750 4102 2860 4157 Deo
2887 4117 2954 4156 an
2987 4114 3114 4166 non,
3151 4103 3292 4156 scire
3325 4117 3557 4170 nequeo,

1980 4203 2036 4249 et
2077 4193 2288 4262 ambigo
2331 4192 2594 4247 ﬂuctuans
2632 4193 2686 4246 in
2729 4193 3147 4262 cogitationibus
3179 4193 3336 4256 meis,
3376 4201 3558 4246 utrum

1979 4285 2283 4339 sustineant
2308 4285 2375 4336 ad
2403 4283 2771 4350 probationem
2799 4282 2936 4350 iusti
2964 4284 3334 4338 tribulationes
3372 4284 3426 4338 in
3455 4284 3561 4338 hoc

1979 4371 2193 4435 szeculo,
2226 4373 2364 4425 sicut
2392 4370 2524 4434 Job;
2561 4386 2628 4423 an
2663 4385 2762 4438 per
2787 4371 2990 4434 odium,
3032 4379 3090 4423 ut
3121 4372 3334 4439 plurimi
3368 4388 3562 4442 pecca-

303 4467 611 4523 criﬁcantes
640 4467 946 4536 perierunt;
976 4474 1031 4518 et
1066 4465 1132 4518 de
1169 4465 1429 4528 Manasse,
1458 4465 1546 4532 qui
1578 4472 1698 4532 post
1724 4473 1872 4517 tanta
1905 4489 1953 4546 ι)
1978 4473 2141 4518 tores.
2171 4460 2278 4516 Sed
2301 4462 2404 4514 hoc
2425 4475 2567 4514 nunc
2593 4461 2821 4514 habetur
2845 4461 3150 4514 omnimodo
3178 4461 3463 4517 incertum.

306 4556 448 4612 mala
477 4557 728 4612 reductus
755 4563 838 4609 est
863 4555 929 4608 de
959 4554 1282 4622 captivitate,
1316 4560 1371 4606 et
1403 4553 1678 4606 restitutus
1709 4554 1761 4606 in
1791 4567 1875 4607 re-

305 4631 492 4722 gnum,
517 4643 721 4704 ntidies
747 4662 872 4703 suos
901 4645 1125 4702 feliciter
1153 4644 1348 4698 ﬁniret.

373 4738 539 4811 535
574 4739 736 4792 Vens.
771 4737 855 4791 15.
890 4766 961 4776 -
997 4733 1228 4788 Laudavi
1265 4736 1424 4804 igitur
1458 4734 1714 4800 lcetitiam,
1739 4735 1877 4806 quod

306 4848 410 4886 non
432 4838 562 4884 esset
589 4827 786 4881 homini
809 4813 1113 4895 bonumlsub
1133 4825 1258 4890 sole,
1287 4826 1387 4879 nisi
1407 4827 1544 4895 quod
1570 4825 1876 4888 comederet,

304 4931 354 4976 et
382 4919 602 4981 biberet,
633 4925 786 4986 atque
811 4906 1092 4984 gauderet,
1117 4925 1162 4968 et
1191 4917 1286 4967 hoc
1312 4916 1478 4967 solum
1505 4932 1677 4968 secum
1703 4916 1880 4982 art/en-

307 5023 382 5066 ret
408 5010 473 5066 de
499 5010 676 5064 labore
701 5024 795 5062 suo
819 5008 873 5060 in
893 5005 1071 5060 diebus
1095 5006 1227 5067 vita,
1249 5021 1375 5073 quos
1396 5004 1536 5057 dedit
1559 5006 1606 5057 ei
1626 5005 1766 5060 Deus
1785 5007 1878 5059 sub

305 5101 816 5157 sole..Concionator
834 5105 1035 5159 noster,
1055 5096 1147 5166 qui
1167 5095 1369 5149 multas
1383 5095 1436 5148 in
1458 5109 1517 5148 se
1538 5095 1884 5166 transﬁgurat

305 5205 592 5261 personas,
622 5190 782 5245 modo
805 5188 947 5260 vulgi
977 5187 1139 5242 verba
1168 5186 1386 5255 profert,
1419 5186 1560 5256 quod
1584 5187 1716 5240 nihil
1740 5187 1883 5242 aliud

308 5282 504 5336 bonum
532 5279 794 5343 aestimat,
820 5280 923 5334 nisi
955 5279 1124 5333 laetari
1153 5277 1522 5332 manducando
1549 5284 1604 5332 et
1629 5277 1882 5343 bibendo,

307 5383 362 5427 et
394 5370 576 5429 seculi
615 5369 894 5424 serviendo
923 5370 1078 5442 [Hs.,
1106 5369 1327 5441 servire]
1363 5370 1586 5434 deliciis,
1616 5384 1878 5424 summam

308 5466 552 5536 accipere
575 5461 905 5517 felicitatem.
937 5462 1043 5516 Sed
1068 5463 1182 5517 tunc
1202 5463 1484 5527 sententia,
1513 5463 1557 5516 si
1587 5463 1664 5516 sic
1692 5461 1883 5515 intelli-

307 5554 446 5624 gitur
481 5553 624 5608 sicut
655 5549 853 5619 scripta
891 5557 1005 5611 est,
1046 5554 1269 5606 miseros
1307 5551 1620 5622 approbavit
1657 5567 1790 5619 quos
1828 5550 1881 5603 in

311 5641 596 5712 Evangelia
633 5637 846 5710 (κειται.
888 5638 942 5708 ν)
983 5639 1238 5696 Dominus
1275 5641 1457 5696 beatos
1499 5643 1690 5695 asserit
1728 5641 1880 5711 [Ms.,

314 5730 487 5804 dixit],
535 5727 589 5786 id
635 5738 718 5787 est
756 5743 1035 5801 pauperes,
1089 5747 1312 5800 quorum
1360 5749 1578 5803 regnum
1625 5732 1880 5788 cmlorum

2050 4555 2214 4608 Vsus.
2243 4555 2296 4606 5.
2319 4582 2389 4590 -
2413 4553 2565 4606 Iusto
2595 4562 2640 4606 et
2671 4553 2848 4622 impio,
2879 4552 3011 4606 bono
3038 4561 3083 4606 et
3112 4553 3272 4615 malo,
3297 4554 3490 4608 mundo
3513 4566 3562 4609 et

1976 4643 2275 4706 immundo,
2323 4643 2612 4696 immolanti
2659 4643 2894 4695 victimas
2934 4651 2983 4695 et
3023 4631 3290 4709 sacrificia
3331 4652 3564 4696 contem-

1980 4739 2141 4794 nenti.
2197 4736 2345 4792 Sicut
2397 4737 2588 4800 bonus,
2637 4735 2712 4788 sic
2759 4743 2807 4788 et
2857 4743 3095 4804 peccator
3141 4750 3160 4787 :
3213 4743 3274 4788 ut
3320 4736 3564 4805 perjuru‘s

1984 4828 2178 4899 [Edit.,
2202 4825 2517 4896 periturus],
2545 4826 2618 4876 ita
2654 4832 2704 4876 et
2741 4821 2830 4876 ille
2858 4824 2947 4893 qui
2984 4839 3161 4876 verum
3195 4824 3414 4892 deierat.
3449 4823 3565 4877 Hoc

1935 4972 1938 4973 ,
1987 4931 2058 4973 est
2097 4919 2374 4987 pessimum
2417 4916 2552 4968 inter
2589 4914 2764 4966 omnia
2803 4931 2920 4984 qua:
2959 4915 3091 4983 ﬁunt
3132 4920 3225 4968 sub
3272 4913 3396 4976 sole,
3441 4916 3566 4982 quia

1988 5008 2166 5061 eadem
2194 5007 2394 5060 cunctis
2422 5006 2679 5059 eveniunt.
2712 5005 2786 5058 Ea
2818 5022 2936 5074 qua:
2964 5021 3058 5075 per
3083 5022 3140 5059 se
3168 5020 3266 5057 nec
3291 5003 3429 5057 bona
3466 5019 3568 5058 nec

1989 5095 2130 5149 mala
2160 5103 2304 5160 sunt,
2329 5105 2383 5149 et
2410 5110 2440 5148 a
2469 5094 2798 5162 sapientibus
2825 5097 2982 5166 huius
3014 5095 3191 5150 saeculi
3224 5093 3397 5148 media
3428 5108 3567 5145 nun-

1993 5196 2276 5258 cupantur,
2309 5187 2431 5255 quia
2459 5186 2736 5254 mqualitcr
2769 5189 2930 5258 iustis
2957 5187 3210 5242 eveniunt
3243 5193 3297 5239 et
3329 5185 3562 5254 iniustis,

1995 5279 2264 5349 simplices
2305 5292 2545 5345 quosque
2584 5279 2904 5332 conturbant
2945 5295 3042 5334 cur
3081 5279 3154 5332 ita
3192 5274 3472 5338 eveniant,
3513 5286 3568 5329 ct

1987 5378 2266 5442 propterea
2307 5383 2411 5420 non
2451 5376 2643 5437 putant
2685 5385 2804 5423 esse
2848 5369 3122 5432 iudicium,
3166 5381 3286 5420 cum
3325 5367 3567 5420 omnium

1986 5476 2166 5514 rerum
2205 5459 2259 5513 in
2305 5457 2483 5514 futuro
2525 5461 2811 5515 discrimen
2856 5460 2943 5515 sit.
2999 5459 3124 5512 Tale
3162 5457 3289 5527 quid
3331 5453 3468 5528 [et]
3513 5458 3564 5509 in

1986 5549 2272 5619 Evangelia
2312 5549 2424 5620 ipse
2461 5551 2716 5605 Dominus
2763 5550 2837 5604 ait
2886 5568 2897 5602 :
2952 5548 3124 5601 Estote
3173 5547 3386 5616 perfecti
3434 5548 3564 5599 sicut

1990 5640 2148 5692 Pater
2186 5650 2348 5693 vester
2375 5642 2628 5710 perfectus
2657 5651 2728 5692 est
2750 5680 2762 5703 ,
2799 5639 2887 5707 qui
2914 5636 3070 5691 solent
3098 5654 3250 5691 suum
3280 5638 3408 5690 oriri
3441 5637 3562 5704 furit

1987 5748 2140 5802 super
2186 5733 2342 5788 bonos
2392 5743 2435 5787 ct
2485 5733 2678 5797 malos,
2723 5741 2765 5784 ct
2811 5729 2940 5801 pluit
2984 5747 3136 5801 super
3177 5731 3346 5801 justas
3395 5738 3440 5782 ct
3487 5727 3566 5780 ἑτι--
