4338 6440
723 417 826 476 703

1567 426 1626 479 Β.
1669 423 1728 481 F.
1770 424 1996 482 ALBlNl
2037 426 2168 484 SEU
2207 426 2481 484 ALCUINI
2516 428 2803 487 OPERUII
2839 429 3019 488 PARS
3055 433 3116 488 il.

3869 440 3974 496 τοι

708 537 884 606 justas
927 534 1141 606 (Matth.
1180 553 1231 601 ν.
1274 537 1364 600 65,
1392 538 1502 606 ιε).
1545 535 1697 602 Quod
1733 546 1916 593 autem
1942 540 2046 602 ait.
2073 549 2298 594 eventus
2326 541 2373 599 Α
2401 538 2566 602 zelus,
2597 550 2654 595 et
2680 541 2900 607 invidia,
2929 551 2984 598 et
3010 543 3297 608 emutatio,
3328 561 3489 615 quam
3517 549 3821 606 habuerunt
3845 565 3976 609 eou-

712 639 800 683 est
827 642 964 683 unus
989 627 1260 690 omnibus,
1282 629 1436 696 justo
1465 635 1521 680 et
1558 629 1742 697 impio,
1782 629 1895 683 sive
1929 631 2300 700 angustiarum

714 718 827 771 sive
871 718 1062 771 mortis
1101 716 1371 786 signiﬁcat
1405 725 1674 771 eventum.
1721 717 1844 773 ideo
1889 734 1990 774 nec
2034 721 2302 776 charitate

713 808 808 864 Dei
829 809 1020 878 dignos
1044 808 1129 862 vel
1155 809 1279 862 odio
1302 809 1507 877 seipzos
1527 823 1645 863 esse
1670 809 1994 880 intelligunt.
2022 809 2134 865 Hoc
2155 811 2299 865 enim

712 899 1003 968 pessimum
1031 914 1154 952 esse
1174 900 1412 966 omnium
1441 914 1562 967 qua!
1588 900 1687 954 sub
1709 899 1820 954 sole
1846 908 1973 953 sunt
1996 899 2153 963 dixit,
2174 900 2297 968 quia

712 989 856 1043 nulla
879 991 1135 1045 discretio
1163 991 1250 1044 hic
1271 1005 1392 1044 esse
1415 991 1626 1044 videtur
1661 991 1802 1045 inter
1827 990 1996 1045 bonos
2021 999 2076 1045 et
2107 991 2298 1052 malos.

710 1092 767 1137 et
801 1081 902 1137 hoc
937 1081 1076 1151 apud
1107 1095 1200 1134 eos
1222 1082 1310 1148 qui
1339 1095 1460 1133 cum
1496 1079 1761 1150 Pmpheta
1798 1096 1903 1135 non
1941 1081 2218 1136 intrabunt
2245 1081 2299 1136 in

711 1173 1081 1228 sanctuarium
1106 1171 1222 1234 Dei,
1246 1179 1305 1223 ut
1325 1170 1622 1240 intelligant
1645 1171 1935 1225 novissima
1963 1185 2171 1226 eorum.

782 1302 944 1358 Vens.
985 1301 1038 1356 b.
1076 1333 1146 1342 —
1188 1297 1337 1355 Unde
1373 1309 1420 1354 et
1452 1301 1610 1354 corda
1639 1299 1871 1368 filiorum
1886 1298 2169 1354 hominum
2197 1301 2298 1354 im-

710 1395 921 1464 plentur
947 1394 1148 1447 malitia
1189 1404 1236 1446 et
1265 1402 1559 1462 contemptu
1589 1393 1642 1444 in
1677 1392 1780 1444 vita
1807 1408 1928 1454 sua,
1966 1401 2014 1445 et
2047 1400 2163 1462 post
2191 1391 2300 1446 ha'c

611 1485 618 1492 “
711 1485 782 1540 ad
810 1485 1005 1554 inferos
1035 1485 1376 1538 deducentur.
1413 1481 1578 1538 Nemo
1608 1494 1680 1537 est
1708 1483 1799 1553 qui
1825 1499 2025 1553 semper
2049 1484 2187 1536 vivat
2208 1525 2222 1549 ,
2252 1493 2301 1537 et

692 1579 795 1647 qui
821 1576 979 1646 hujus
1009 1578 1082 1630 rei
1119 1575 1304 1629 habeat
1334 1575 1606 1645 ﬁduciam.
1636 1575 1896 1630 Eumdem
1945 1591 2162 1631 sensum
2212 1591 2301 1630 re-

707 1669 871 1740 plicat
912 1682 1071 1737 quem
1119 1676 1244 1722 ante
1287 1669 1487 1736 posuit,
1535 1668 1658 1736 quia
1689 1682 2002 1721 communes
2041 1666 2300 1736 angustia:

706 1758 866 1831 435
892 1759 1069 1828 jnstos
1094 1765 1148 1811 et
1174 1757 1400 1825 injustos
1441 1765 1713 1827 premunt.
1754 1756 1877 1810 ideo
1912 1755 2028 1810 sine
2053 1764 2299 1826 respectu

709 1849 958 1904 homines
986 1862 1210 1918 peccare
1236 1862 1353 1912 non
1387 1855 1660 1911 metuunt,
1691 1847 1815 1916 quia
1845 1848 1896 1900 in
1935 1847 2184 1916 praesenti
2209 1847 2298 1918 ju-

707 1941 906 1994 dicium
949 1940 1041 1994 Dei
1084 1955 1189 1994 non
1224 1940 1410 1993 vident
1437 1954 1598 2008 super
1629 1939 1844 2006 impios,
1881 1938 1970 2007 qui
2005 1937 2182 1991 subito
2211 1953 2299 1991 ta-

707 2031 928 2099 piuntur
966 2045 1064 2100 pro
1093 2030 1330 2099 peccatis
1355 2029 1423 2082 ad
1453 2027 1672 2088 inferos,
1706 2027 1832 2081 dum
1863 2042 1960 2081 nec
1984 2042 2200 2096 semper
2225 2027 2304 2081 vi-

709 2135 836 2174 vere
875 2126 1193 2189 potestatem
1228 2117 1450 2182 habent,
1483 2131 1583 2172 nec
1612 2117 1752 2170 ullus
1784 2127 1892 2170 tam
1920 2128 2108 2187 potens
2136 2125 2219 2171 est
2249 2118 2302 2171 in

707 2211 926 2273 sarculo,
969 2211 1060 2278 qui
1107 2211 1268 2279 hujus
1319 2210 1415 2275 rei,
1467 2211 1517 2264 id
1562 2219 1668 2274 est,
1717 2211 1833 2265 sine
1879 2221 2053 2265 morte
2098 2212 2301 2276 vivere,

710 2301 1018 2355 facultatem
1063 2297 1260 2355 habere
1303 2301 1496 2354 valeat.
1529 2301 1679 2355 Unde
1710 2301 1761 2354 in
1793 2301 2142 2374 sequentibus
2175 2315 2300 2356 mox

707 2389 952 2460 adjnngit
986 2407 998 2442 :

780 2525 941 2578 Vens.
969 2523 1025 2587 5,
1054 2523 1106 2576 6.
1130 2553 1200 2562 —
1225 2523 1412 2576 Melior
1431 2533 1505 2576 est
1532 2525 1675 2577 canis
1704 2525 1870 2579 virens
1897 2525 2043 2579 leone
2063 2536 2302 2590 mortuo;

707 2616 929 2668 virentes
968 2615 1106 2668 enim
1147 2615 1319 2668 sciunt
1366 2631 1420 2668 se
1461 2631 1570 2668 esse
1612 2617 1914 2679 morituros,
1954 2618 2146 2670 mortui
2190 2634 2302 2670 vero

713 2703 847 2756 nihil
879 2713 1127 2757 noverunt
1170 2703 1412 2773 amplius,
1457 2721 1549 2757 nec
1589 2705 1779 2758 habent
1820 2705 1959 2758 ultra
1998 2706 2298 2767 mercedem,

707 2797 833 2863 quia
872 2795 1116 2848 oblivioni
1155 2795 1282 2846 data
1324 2804 1398 2848 est
1438 2795 1687 2848 memoria
1728 2812 1926 2848 eorum.
1971 2797 2133 2850 Amor
2171 2813 2303 2866 quo-

707 2903 825 2955 que,
854 2885 1124 2947 etodium,
1162 2897 1208 2940 et
1245 2887 1442 2940 iueidia
1481 2887 1638 2940 simul
1671 2889 1955 2957 perierunt,
1989 2905 2080 2941 nec
2116 2889 2304 2941 habent

708 2985 907 3042 partem
948 2975 1001 3028 in
1039 2975 1254 3038 sa‘cnlo,
1293 2985 1341 3028 et
1381 2977 1434 3028 in
1472 2992 1626 3046 opere
1651 2976 1790 3046 quod
1828 2976 1920 3029 sub
1949 2976 2056 3030 sole
2084 2978 2301 3046 geritur.

709 3065 863 3131 Quod
910 3075 1090 3120 autem
1138 3082 1301 3136 supra
1337 3068 1582 3133 dixerat,
1623 3083 1718 3122 cor
1757 3067 1987 3122 ﬁliorum
2026 3068 2304 3123 hominum

712 3153 924 3225 impleri
974 3155 1178 3219 malitia
1226 3165 1283 3211 et
1328 3157 1645 3227 iniquitate,
1699 3167 1755 3212 et
1795 3167 1918 3227 post
1962 3159 2079 3213 hmc
2121 3159 2304 3213 omnia

714 3253 888 3298 morte
928 3243 1092 3309 ﬁniri,
1132 3261 1272 3300 nunc
1298 3246 1489 3300 eadem
1524 3245 1759 3322 complet
1791 3253 1847 3300 et
1883 3249 2096 3315 repetit,
2134 3246 2304 3302 donec

714 3333 899 3388 vivant
921 3335 1188 3398 homines,
1215 3351 1375 3404 posse
1405 3351 1500 3392 eos
1533 3338 1708 3407 justos
1740 3336 1887 3402 ﬁeri,
1914 3346 2037 3408 post
2071 3347 2303 3392 mortem

712 3436 843 3477 vero
872 3422 1075 3476 nullam
1113 3423 1240 3478 boni
1275 3425 1456 3493 operis
1492 3426 1830 3480 occasionem
1864 3426 2004 3479 dari.
2048 3425 2307 3480 Peccator

712 3513 858 3566 enim
898 3513 1106 3577 vivens.
1145 3527 1306 3581 quem
1341 3514 1462 3568 cani
1499 3515 1863 3584 comparavit,
1902 3517 2078 3586 potest
2117 3516 2307 3573 melior

711 3617 833 3657 esse
864 3603 1014 3674 justo
1043 3609 1276 3666 mortuo;
1307 3619 1466 3673 quem
1500 3605 1707 3660 leonem
1747 3605 1884 3659 dixit
1916 3624 1927 3658 :
1962 3607 2091 3676 quia
2119 3608 2305 3662 vivens

713 3691 976 3762 proﬁcere
1013 3692 1211 3762 poterit
1248 3692 1299 3745 iu
1337 3707 1501 3761 opere
1531 3693 1693 3756 bono,
1732 3704 1978 3748 mortuus
2006 3710 2135 3749 vero
2173 3695 2306 3750 nihil

717 3791 896 3854 potest
931 3783 1132 3838 addere
1161 3783 1367 3837 meritis
1394 3784 1526 3838 suis.
1557 3783 1848 3839 Possumus
1876 3799 2089 3854 quoque
2116 3798 2306 3839 canem

713 3889 1006 3946 pauperem
1047 3874 1253 3943 justum
1301 3873 1599 3943 intelligere
1644 3875 1951 3939 viventem,
1997 3884 2066 3945 et\
2096 3876 2306 3931 leonem

716 3973 988 4021 mortuum
1026 3972 1301 4034 potentem
1339 3963 1511 4033 hujus
1559 3962 1760 4027 szeculi,
1805 3965 1898 4033 qui
1944 3965 2078 4020 nihil
2120 3980 2306 4022 secum

711 4056 984 4110 bonorum
1011 4054 1198 4108 exiens
1233 4054 1300 4107 de
1337 4054 1442 4107 hoc
1478 4052 1678 4106 mundo
1714 4055 2032 4108 meritorum
2065 4054 2302 4108 abstulit.

717 4146 825 4202 Sed
860 4154 917 4201 ct
959 4144 1175 4198 dilectio
1214 4158 1426 4208 eorum,
1467 4152 1522 4198 et
1564 4142 1768 4208 odium,
1807 4151 1862 4198 et
1900 4143 2217 4212 immolatio,
2252 4154 2308 4200 et

715 4252 877 4298 omne
906 4236 1048 4306 quod
1074 4236 1126 4290 in
1157 4234 1353 4290 saeculo
1381 4234 1584 4289 habere
1612 4243 1934 4304 potuerunt,
1964 4238 2155 4291 mortis
2187 4235 2307 4292 ﬁni-

716 4335 808 4384 tur
833 4326 1065 4380 adventu
1087 4363 1102 4387 ,
1141 4337 1242 4378 nec
1269 4323 1415 4393 juste
1443 4324 1717 4394 quidpiam
1744 4335 1971 4394 possunt
1997 4340 2176 4395 agere,
2207 4340 2309 4381 nec

716 4432 972 4492 peccare;
1005 4432 1105 4472 nec
1132 4416 1359 4470 virtutes
1383 4415 1634 4485 adjicere,
1668 4431 1768 4472 nec
1796 4418 1947 4472 vitia.
1980 4417 2308 4488 Spiritaliter

2405 638 2487 682 tra
2515 630 2791 686 Christum
2818 641 2873 685 et
2903 633 3190 702 apostolos,
3222 636 3424 704 pariter
3449 638 3623 706 periit.

2473 721 2634 776 Vna.
2664 722 2716 775 7.
2746 751 2818 764 --
2853 721 2997 778 Vade
3023 741 3144 795 ergo
3171 735 3220 779 et
3254 727 3462 781 comede
3490 728 3546 782 in
3574 728 3757 785 la'titia
3792 747 3980 802 panem

2401 818 2566 872 tuum,
2595 819 2644 864 et
2672 810 2784 865 bibe
2811 813 2867 866 in
2893 813 3085 882 gaudio
3109 815 3281 867 vinum
3306 823 3476 880 tuum,
3501 819 3624 884 quia
3647 817 3849 888 placent
3869 820 3980 877 Deo

2403 913 2560 966 opera
2599 908 2713 953 tua.
2750 900 2936 956 Melius
2974 902 3092 957 haec
3127 904 3324 966 omnia,
3372 905 3510 960 sicut
3545 921 3687 977 sepe
3725 907 3979 979 diximus,

2402 987 2718 1054 spiritaliter
2747 989 3119 1061 intelliguntur
3138 1007 3299 1061 quam
3327 995 3633 1058 carnaliter,
3664 1011 3732 1051 ne
3760 993 3899 1054 forte
3927 998 3982 1054 in

2403 1074 2619 1144 Epicuri
2665 1077 2857 1147 dogma
2899 1093 3152 1142 ruamus,
3186 1079 3278 1148 qui
3321 1079 3535 1136 beatam
3574 1083 3858 1139 mstimavit
3901 1084 3983 1140 vi-

2404 1173 2532 1226 tam.
2561 1167 2801 1235 corporis
2828 1166 3271 1223 delectationibus
3297 1169 3401 1224 frui
3431 1188 3445 1224 :
3479 1171 3582 1227 nisi
3607 1171 3745 1229 lorte
3769 1175 3982 1230 concio-

2403 1252 2610 1309 natoris
2644 1268 2796 1310 more
2819 1256 3146 1311 testimemus
3175 1255 3517 1338 Salomonem
3542 1261 3684 1332 vulgi
3713 1263 3899 1330 verba,
3924 1270 3983 1320 et

2404 1355 2596 1395 sensus
2642 1356 2709 1396 ex
2761 1357 2859 1397 sua
2904 1358 3135 1429 perspna
3181 1344 3446 1416 proferre.
3503 1347 3754 1407 Dicamus
3805 1351 3984 1409 altinri

2403 1446 2563 1486 sensu
2605 1450 2618 1484 :
2663 1432 2799 1498 Quia
2836 1433 3071 1490 didicisti
3110 1437 3279 1506 priori
3320 1441 3612 1506 sententia,
3643 1443 3787 1512 quod
3812 1453 3986 1500 morte

2402 1521 2584 1575 omnia
2629 1521 2913 1590 liniuntur,
2963 1537 3017 1580 et
3061 1526 3115 1581 in
3155 1526 3364 1583 inferno
3409 1545 3514 1584 non
3559 1531 3630 1586 sit
3671 1535 3985 1603 paenitentia

2404 1609 2697 1676 fructuosa,
2734 1627 2834 1668 nec
2861 1615 3056 1685 aliquis
3083 1617 3298 1672 virtutis
3327 1634 3606 1686 recursus;
3647 1621 3773 1675 dum
3797 1623 3853 1677 in
3882 1622 3986 1681 isto

2404 1703 2599 1758 saeculo
2623 1718 2702 1769 es,
2736 1703 2953 1770 festina,
2992 1707 3276 1772 contende,
3302 1723 3401 1786 age
3431 1709 3828 1778 pmnitentiam;
3857 1711 3986 1766 dum

2378 1793 2572 1848 'babes
2609 1803 2841 1865 tempus,
2872 1795 3088 1862 labora;
3131 1797 3363 1854 libenter
3397 1800 3540 1856 enim
3585 1799 3729 1855 Dens
3764 1801 3988 1872 suscipit

2334 1875 2376 1933 Β
2404 1888 2810 1955 paenitentiam;
2838 1895 2889 1942 et
2914 1890 3135 1944 comede
3156 1905 3349 1959 panem
3384 1891 3685 1957 charitatis,
3715 1899 3772 1946 et
3804 1893 3986 1948 vinum

2404 1979 2680 2046 sapientia:
2703 1979 2847 2043 bibe,
2872 1987 2931 2033 ut
2951 1979 3063 2034 Deo
3083 1980 3330 2050 placeant
3348 1997 3512 2051 opera
3535 1991 3642 2047 tua,
3669 1984 3808 2038 sicut
3827 1998 3988 2040 verus

2404 2068 2758 2125 Ecclesiastes
2795 2071 2848 2125 in
2885 2071 3176 2144 Evangelio
3209 2073 3338 2128 dicit
3367 2088 3383 2128 :
3418 2073 3520 2140 Qui
3545 2077 3677 2141 sitit,
3713 2074 3882 2131 veniat
3917 2077 3988 2131 ad

2402 2175 2483 2212 mc
2508 2169 2555 2213 et
2581 2160 2719 2213 bibat
2748 2160 2926 2231 (Joan.
2956 2178 3054 2227 vn,
3085 2163 3198 2234 37).
3229 2163 3298 2218 Et
3324 2166 3379 2218 in
3409 2165 3750 2221 Proverbiis:
3786 2165 3986 2232 Venite.

2403 2251 2652 2303 comedite
2687 2266 2906 2319 panem,
2941 2260 2991 2306 et
3031 2251 3184 2306 bibite
3217 2254 3425 2320 vinum,
3453 2255 3592 2324 quod
3629 2256 3813 2310 miscui
3843 2257 3986 2311 vobis

2405 2339 2587 2408 (Prov.
2619 2357 2695 2404 ιι,
2727 2340 2803 2409 5).

2475 2428 2635 2483 Vsus.
2667 2430 2720 2484 8.
2749 2458 2819 2469 —-
2849 2428 3004 2484 Omni
3029 2437 3254 2500 tempore
3281 2434 3382 2486 sint
3410 2435 3710 2488 vestimenta
3738 2444 3829 2488 tua
3857 2446 3985 2490 catt-

2403 2518 2552 2581 dida,
2589 2529 2636 2571 et
2666 2518 2836 2572 oleum
2869 2519 2934 2572 de
2958 2521 3124 2596 capite
3152 2529 3243 2574 tuo
3265 2539 3369 2576 non
3392 2523 3620 2592 deﬁciat.
3648 2523 3869 2586 Habeto,
3905 2525 3990 2578 ln-

2403 2610 2540 2677 quit,
2573 2624 2768 2679 corpus
2794 2611 3051 2666 mundum
3081 2619 3135 2665 et
3157 2621 3390 2678 castum,
3415 2621 3471 2668 et
3495 2621 3611 2668 esto
3633 2614 3941 2668 miseriwrs
3969 2631 3984 2668 :

2405 2699 2508 2752 hoc
2548 2708 2650 2763 est,
2695 2701 2838 2768 quod
2882 2701 2937 2754 in
2979 2700 3268 2771 Evangelio
3308 2702 3423 2771 ipsa
3463 2703 3672 2758 Veritas
3709 2704 3828 2757 ait‘:
3867 2702 3990 2759 Sint

2405 2787 2567 2841 lumbi
2590 2791 2746 2842 restri
2774 2789 3062 2859 proscindi.
3091 2799 3136 2844 et
3167 2789 3393 2844 lucernae
3417 2791 3654 2846 ardentes
3675 2792 3730 2845 in
3749 2792 3990 2846 manibus

2404 2883 2587 2935 vestris
2617 2860 2768 2952 lLuc.
2793 2898 2894 2946 an,
2922 2882 3034 2952 55).
3064 2882 3434 2952 ln'prtecinctu
3461 2883 3762 2937 castitatem
3793 2897 3989 2952 corpo—

2406 2975 2483 3028 ris
2527 2974 2813 3044 signiﬁcat,
2859 2982 2914 3028 et
2959 2975 3012 3028 in
3053 2973 3290 3028 lucernis
3332 2973 3661 3034 ardentibus,
3709 2987 3828 3040 qua:
3867 2971 3990 3026 oleo

2407 3064 2621 3117 alantur
2645 3049 2908 3118 bonorum
2935 3078 3176 3133 operum,
3202 3063 3487 3118 candorem
3514 3070 3570 3120 et
3587 3062 3986 3133 praedicationis

2359 3204 2376 3224 ,
2408 3153 2600 3207 lucem.
2634 3153 2748 3210 Hoc
2771 3154 2892 3211 oleo
2919 3155 3099 3211 vultus
3126 3164 3313 3211 uoster
3329 3154 3708 3224 exhilarandus
3735 3161 3820 3210 est
3843 3171 3856 3205 :
3885 3154 3992 3210 hoc

2398 3241 2706 3314 jc-juuantes
2732 3254 3066 3316 unguentum
3103 3245 3156 3300 in
3185 3245 3360 3316 capite
3394 3244 3662 3311 habeant,
3687 3244 3831 3314 quod
3862 3257 3990 3314 peo-

2404 3343 2619 3390 catores
2637 3334 2840 3389 habere
2860 3348 2967 3391 non
2986 3343 3227 3406 possunt,
3250 3346 3479 3406 quorum
3504 3334 3589 3390 vir
3608 3334 3786 3406 justus
3807 3332 3990 3390 oleum

2405 3428 2726 3491 detestatur,
2757 3425 2848 3480 ubi
2881 3427 2957 3480 ait
2990 3444 3003 3479 :
3041 3424 3226 3480 Oleum
3254 3427 3540 3497 peccatoris
3568 3442 3672 3480 non
3706 3426 3993 3496 impingat

2405 3527 2560 3590 caput
2585 3534 2756 3572 meum
2787 3516 2962 3588 (Psal.
2990 3533 3113 3583 cn,
3142 3516 3220 3589 5).
3251 3515 3404 3584 Quod
3427 3516 3605 3582 oleum
3628 3516 3865 3573 barcaei
3893 3515 3994 3575 ha-

2405 3606 2534 3662 bere
2559 3609 2755 3670 solent,
2783 3615 2844 3660 ut
2867 3605 3193 3678 perfundant
3215 3605 3393 3678 capita
3417 3605 3779 3680 deeeptontm,
3808 3604 3862 3662 id
3883 3613 3990 3670 est.

2405 3697 2569 3752 verba
2596 3695 2805 3760 suavia,
2833 3694 2927 3750 sed
2954 3693 3177 3751 fallacia:
3200 3695 3378 3765 plena.

2475 3786 2638 3842 Vens.
2667 3785 2723 3841 9.
2750 3815 2823 3825 -
2850 3784 3131 3853 Perfruere
3156 3785 3263 3838 vita
3287 3799 3409 3837 cum
3431 3797 3593 3836 uxore
3610 3797 3768 3853 quam
3788 3779 3990 3851 diligis,

2406 3878 2602 3932 cunctis
2622 3875 2802 3930 diebus
2827 3875 2946 3929 vita:
2967 3871 3322 3928 instabilitatis
3349 3880 3479 3938 tute,
3497 3871 3588 3937 qui
3608 3869 3720 3924 dati
3743 3878 3864 3930 sunt
3890 3867 3992 3927 tibi

2408 3965 2500 4018 sub
2528 3963 2636 4018 sole
2664 3963 2904 4017 omnibus
2937 3961 3117 4016 diebus
3144 3961 3389 4016 uanitatis
3423 3971 3548 4016 tuae.
3591 3958 3721 4014 Haec
3747 3970 3822 4016 est
3845 3960 3989 4016 enim

2404 4073 2527 4127 pars
2555 4057 2612 4110 in
2639 4057 2762 4120 vita,
2803 4063 2851 4108 et
2876 4055 2933 4107 in
2959 4051 3136 4108 labore
3173 4061 3284 4118 tuo,
3327 4069 3430 4124 quo
3471 4051 3679 4108 laboras
3721 4050 3816 4107 sub
3856 4048 3988 4105 sols.

2407 4145 2738 4216 Sapientiam
2787 4157 3044 4216 sequere,
3098 4150 3154 4198 et
3204 4143 3490 4199 scientiam
3543 4141 3986 4210 Scripturarum,

2404 4238 2570 4325 536
2609 4246 2664 4292 et
2707 4239 2849 4291 hanc
2889 4235 2996 4325 tibi,
3025 4236 3078 4291 in
3112 4234 3419 4306 coniugium
3457 4231 3675 4325 copula,
3699 4231 3766 4287 de
3789 4245 3894 4301 qua
3934 4229 3991 4286 in

2407 4321 2719 4382 Proverbiis
2743 4345 2756 4380 :
2785 4326 2918 4380 Ama
2947 4323 3095 4380 illam
3119 4334 3166 4380 et
3196 4325 3418 4380 servabit
3442 4333 3511 4389 te,
3533 4321 3831 4394 amplexare
3851 4337 3989 4387 eam,

2406 4427 2454 4472 et
2491 4415 2836 4470 circumdabit
2873 4424 2923 4470 te
2953 4414 3136 4487 (Prov.
3169 4431 3254 4482 tv,
3275 4413 3352 4485 8).
3386 4411 3512 4469 Dies
3536 4411 3680 4468 enim
3708 4409 3861 4487 [ιι.
3889 4425 3990 4467 au-

717 4513 883 4568 etiam
905 4509 1264 4579 intelligamus
1283 4506 1644 4598 Chananmam
1665 4508 1833 4573 illam,
1857 4509 1942 4564 cui
1965 4510 2164 4564 dictum
2185 4518 2300 4564 est:
2335 4538 2382 4598 υ
2409 4507 2540 4579 tem]
2564 4507 2844 4598 vanitatis,
2877 4507 2996 4562 dies
3026 4507 3193 4598 hujus
3219 4506 3400 4563 δεουΙί
3435 4519 3666 4598 nequam
3698 4502 3984 4598 signiﬁcat,

718 4602 879 4656 Fides
906 4611 997 4653 tua
1019 4610 1066 4652 te
1087 4599 1285 4653 salvam
1311 4598 1431 4667 fecit
1460 4597 1674 4668 (Matth.
1704 4614 1779 4662 ta,
1803 4599 1920 4667 22),
1942 4614 2130 4654 canem
2145 4599 2303 4669 juxta
2335 4592 2368 4598 ⁷
2409 4599 2474 4653 de
2501 4597 2696 4668 quibus
2731 4605 2788 4652 et
2819 4596 3108 4667 Apostolus
3147 4611 3255 4651 non
3296 4604 3455 4652 tacet.
3493 4595 3724 4653 Pulchro
3748 4592 3992 4664 prtecipit

718 4689 1065 4762 Evangeliqu
1102 4701 1254 4752 esse;
1303 4689 1508 4743 leonem
1551 4685 1724 4759 [vero]
1765 4696 2034 4743 mortuum
2070 4689 2302 4745 circum-

716 4781 936 4835 cisionis
963 4777 1240 4848 p0pulum,
1270 4778 1408 4830 sicut
1432 4776 1649 4829 Balaam
1678 4777 1936 4846 propheta
1963 4778 2092 4834 dicit
2119 4796 2131 4829 :
2167 4776 2301 4832 Ecce

714 4871 960 4942 populus.
989 4881 1045 4922 ut
1075 4868 1276 4923 catulus
1317 4867 1502 4931 leonis,
1533 4877 1791 4936 exsurget,
1825 4877 1879 4919 ut
1915 4868 1994 4921 leo
2033 4868 2301 4922 exsultans

715 4963 909 5031 (Num.
942 4977 1101 5023 xxut,
1128 4960 1243 5028 ει).
1273 4960 1437 5016 Canis
1466 4961 1650 5014 vivens
1689 4958 1790 5014 nos
1815 4975 1999 5014 sumus
2023 4975 2089 5014 ex
2129 4960 2304 5015 natio-

717 5053 909 5117 nibus,
946 5053 1031 5106 leo
1067 5066 1194 5105 vero
1231 5061 1476 5105 mortuus
1512 5049 1818 5106 Judzeorum
1858 5052 2085 5121 populus
2123 5067 2155 5106 a
2193 5051 2307 5107 Deo

717 5141 1024 5198 derelictus.
1053 5143 1118 5196 Et
1143 5143 1332 5198 melior
1353 5150 1438 5196 est
1458 5142 1598 5210 apud
1625 5143 1910 5196 Dominum
1936 5142 2088 5214 [Ms.,
2112 5144 2305 5218 Deum]

717 5231 820 5285 iste
859 5232 1008 5286 canis
1040 5233 1248 5297 vivens,
1281 5247 1444 5302 quam
1480 5232 1572 5287 ille
1612 5231 1698 5286 leo
1735 5240 1997 5286 mortuus.
2037 5232 2144 5288 Nos
2179 5250 2308 5289 vero

715 5325 958 5380 viventes
985 5327 1359 5395 cognoscimus
1381 5325 1620 5390 Patrem,
1643 5336 1698 5380 et
1727 5325 1939 5388 Filium,
1967 5334 2021 5380 ct
2047 5324 2305 5394 Spiritum

717 5426 990 5482 sancttun,
1034 5417 1108 5472 illi
1140 5432 1267 5470 vero
1297 5419 1494 5472 mortui
1526 5417 1659 5472 nihil
1685 5419 1884 5482 sciunt,
1912 5432 2010 5472 nec
2034 5417 2308 5471 aestimant

721 5507 958 5578 aliquam
987 5509 1458 5579 repromissionem
1483 5519 1643 5579 atque
1675 5510 1975 5565 mercedem
1993 5549 2009 5576 ,
2043 5509 2135 5566 sed
2159 5523 2307 5564 com-

721 5597 863 5668 pleta
906 5609 992 5655 est
1017 5616 1201 5657 eorum
1241 5602 1500 5657 memoria
1542 5621 1554 5653 :
1597 5617 1772 5672 neque
1810 5603 2173 5657 meminerunt
2207 5603 2306 5673 ipsi

723 5706 842 5758 qua:
885 5693 1027 5749 scire
1071 5694 1387 5758 debuerunt,
1440 5709 1608 5762 neque
1657 5695 1869 5750 illorum
1913 5694 2169 5769 Dominus
2194 5695 2305 5766 jam

728 5784 1042 5840 recordatus
1065 5796 1167 5849 est,
1194 5789 1283 5855 qui
1316 5787 1590 5858 perierunt
1621 5786 1670 5838 in
1698 5783 1897 5840 scelere
1926 5801 2037 5841 suo.
2071 5786 2307 5854 Quorum

2406 4698 2469 4744 ut
2500 4691 2553 4744 in
2590 4690 2779 4746 diebus
2805 4689 3060 4745 vanitatis
3096 4698 3293 4745 nostra:
3328 4703 3514 4744 veram
3552 4687 3720 4741 vitam
3744 4699 3863 4740 cum
3898 4699 3988 4740 sa-

2408 4782 2609 4853 pientia
2637 4797 2806 4837 uxore
2828 4795 3134 4850 qumramus
3162 4798 3174 4834 :
3204 4781 3321 4836 hzec
3348 4778 3491 4833 enim
3518 4791 3646 4846 pars
3671 4783 3850 4832 nostra
3874 4782 3986 4838 est,

2397 4855 2463 4927 et
2502 4873 2590 4926 hic
2632 4871 2832 4926 laboris
2873 4869 3101 4935 fructus,
3135 4870 3182 4924 si
3219 4869 3272 4923 in
3313 4869 3417 4924 hac
3441 4869 3552 4923 vita
3588 4864 3858 4923 umbratili
3902 4879 3991 4920 sa-

2409 4963 2667 5032 pientiam
2701 4975 2883 5016 veram
2901 5002 2917 5028 ,
2945 4977 3064 5033 qua:
3091 4960 3160 5016 ad
3185 4959 3351 5016 vitam
3387 4974 3486 5016 nos
3513 4959 3675 5016 ducat
3698 4965 3953 5013 sternam
3971 4995 3988 5022 ,

2415 5053 2657 5108 invenire
2683 5054 2975 5108 valeamus.

2485 5145 2646 5200 Vens.
2682 5145 2768 5199 10.
2798 5174 2868 5185 —
2899 5141 3250 5212 Quodcunque
3278 5140 3451 5211 facere
3473 5147 3635 5211 potest
3663 5153 3848 5190 manus
3874 5145 3986 5202 tua,

2413 5237 2668 5290 instanter
2696 5249 2930 5306 operare,
2961 5232 3084 5303 quia
3119 5249 3211 5287 nec
3235 5249 3384 5301 opus,
3413 5247 3504 5284 nec
3533 5230 3688 5297 ratio,
3713 5245 3803 5284 nec
3821 5230 3992 5285 scis.-

2412 5330 2507 5392 tia,
2533 5344 2622 5381 nec
2649 5325 2903 5396 sapientia
2929 5332 3081 5378 erunt
3110 5322 3251 5394 apud
3275 5320 3490 5389 inferos,
3513 5336 3614 5392 quo
3639 5328 3696 5374 tu
3720 5335 3989 5392 properas.

2412 5417 2520 5472 Fac
2544 5414 2900 5485 quodcunque
2942 5412 3067 5469 boni
3105 5405 3289 5480 operis
3325 5408 3535 5476 valeas;
3573 5423 3717 5466 nunc
3739 5407 3992 5468 laboran-

2409 5509 2532 5563 dum
2572 5503 2723 5578 [Ms.,
2756 5501 2964 5576 labora]
3000 5521 3011 5556 :
3054 5501 3223 5570 habes
3262 5508 3470 5573 tempus
3507 5496 3818 5564 laborandi,
3861 5497 3989 5568 quia

2409 5614 2556 5653 mors
2596 5597 2711 5662 tibi,
2757 5611 2877 5667 qua:
2913 5591 3111 5649 inferni
3155 5592 3369 5648 nomine
3410 5592 3736 5662 designatur,
3782 5585 3988 5661 tetiipus

2410 5690 2559 5744 tollet
2578 5686 2908 5758 proﬁciendi,
2927 5683 3197 5753 Propheta
3218 5683 3430 5740 dicente
3453 5700 3468 5736 :
3493 5678 3746 5751 Nunquid
3771 5677 3988 5734 mortuis

2412 5784 2571 5855 {acies
2611 5780 2895 5845 mirabilia,
2928 5784 3016 5830 aut
3048 5777 3101 5830 in
3134 5775 3337 5846 inferno
3364 5774 3478 5845 quis
3509 5768 3836 5842 conﬁtebitur
3861 5765 3989 5822 tibi!
